2354 3864
150 203 211 269 186
538 207 714 268 dissenis

147 362 315 438 tinmmque
337 362 506 422 litterarum
531 366 764 439 percussique,
790 365 826 421 ut
852 363 978 421 dictem
1000 360 1111 422 Caesar

147 449 241 519 hostis
255 450 404 526 quondum
417 454 487 510 tuus
501 451 538 510 de
556 454 587 510 te
601 452 726 526 scripsit,
749 450 880 510 emnium
892 451 1111 526 triumphorum

150 539 251 597 laurea
271 539 365 596 maior
380 533 430 616 [e]
475 536 592 608 Quanto
613 536 682 612 plus
703 540 751 596 est
773 539 877 616 ingeni
898 538 1025 599 Romani
1046 542 1106 599 ter-

151 623 248 681 mines
269 623 302 681 in
323 624 440 680 tentum
462 619 647 696 promovisse
667 639 757 696 quem
778 624 902 698 imperit

216 705 295 772 Puri
317 714 411 787 Epist
434 712 503 779 ΙΙΙ,
529 715 578 771 12.
622 711 720 771 Erunt
746 711 844 771 officie
865 713 1054 786 antelucana,
1081 713 1113 770 in

151 818 227 876 quae
248 801 378 861 incidere
399 801 519 876 impune
541 819 579 858 ne
603 798 707 859 Ceioni
735 801 855 875 quidem
881 800 972 859 licuit.
1018 798 1114 868 Quem

150 893 251 949 temen
278 889 310 950 C.
334 888 443 949 Oeeser
468 889 512 947 ite
537 888 739 964 reprehendit,
765 891 801 946 ut
826 888 940 946 laudet:
972 888 1114 948 describit

152 977 245 1051 enim,
272 996 335 1053 ees,
363 978 471 1053 quibus
494 977 598 1036 obvius
621 977 731 1048 fueret,
758 986 825 1034 cum
852 979 941 1050 ceput
968 977 1041 1035 ebrii
1068 996 1113 1035 re-

151 1067 307 1138 texissent,
330 1065 496 1140 crubuise03
520 1065 625 1124 deinde
638 1065 741 1123 edicit:
772 1064 909 1137 thcrcs,
931 1066 1040 1123 ncneb
1054 1065 1116 1124 iilic

152 1152 302 1221 Ceterum,
325 1154 462 1213 sedilios
484 1171 505 1212 c
527 1151 634 1212 Octoce
656 1153 849 1226 depredamur.

219 1240 291 1302 Geli.
309 1242 390 1300 Noct.
404 1240 465 1300 Au.
482 1241 575 1308 IIII,
601 1243 651 1300 16.
696 1239 728 1299 C.
752 1238 860 1300 Ceesar
881 1240 913 1299 in
935 1240 1115 1300 Anticatone

156 1327 260 1397 Unius,
283 1330 394 1406 inquit,
416 1331 601 1403 arrcpccticc
622 1330 827 1403 serperbiucqce
848 1330 1059 1402 ductumque.

217 1418 363 1477 Priscian.
376 1417 451 1476 lucr.
471 1417 525 1483 VI,
546 1420 597 1476 36.
617 1419 668 1477 81.
691 1417 771 1484 ΠΙ,
793 1419 842 1476 20.
858 1421 926 1475 extr.
947 1414 1103 1483 XHL12

146 1520 178 1578 p.
200 1507 271 1565 694,
292 1508 365 1564 717.
380 1507 452 1566 740.
469 1507 540 1565 960.
554 1506 587 1563 Ρ.
606 1504 634 1563 l.
647 1521 680 1578 p.
696 1507 769 1564 143.
790 1507 861 1564 276.
882 1505 945 1564 305
971 1506 1043 1563 566.
1057 1505 1114 1562 Kr.

152 1592 240 1663 (Keil.
254 1593 302 1652 ΙΙ.
319 1611 352 1668 p.
369 1595 440 1652 227.
454 1594 493 1652 in.
510 1595 582 1653 166.
598 1594 670 1652 305.
686 1597 754 1652 ectr.
777 1589 845 1660 III,
861 1592 904 1664 8.)
951 1590 1060 1651 Caesar
1081 1593 1114 1650 in

46 1719 60 1728 -
150 1680 329 1741 Anticctcne
350 1681 460 1757 priore:
501 1680 566 1740 Uno
589 1683 664 1741 enim
686 1685 810 1754 eccepto,
833 1697 914 1754 quem
934 1682 1014 1742 etius
1035 1681 1116 1741 ccccii

152 1774 236 1844 arec
258 1772 350 1830 onmis
371 1775 481 1830 natura
502 1771 601 1841 findit,
623 1784 690 1828 euos
712 1771 830 1842 quicque
851 1769 934 1827 hebet
955 1785 1046 1828 carce.

183 1972 539 2035 APOPHTHEGMATA
562 1975 625 2033 sive
647 1971 766 2032 DICTA
782 1970 1079 2032 COLLECTANEA.

216 2110 330 2172 Siceicn
344 2113 383 2170 D.
397 2114 456 2171 Iul.
472 2115 522 2171 56.
537 2117 605 2172 ectr.
643 2112 792 2171 Feruntur
815 2115 846 2170 et
867 2129 885 2168 e
906 2127 998 2185 puero
1022 2113 1053 2169 et
1074 2112 1116 2170 eb

151 2201 371 2259 adulescentulo
385 2201 529 2276 quaedem
544 2201 665 2274 scripte,
687 2204 722 2257 ut
744 2198 860 2257 Laudes
881 2198 1031 2271 Herculis,
1054 2201 1115 2257 ire-

151 2289 257 2363 gcedie
289 2285 430 2363 Oedipus,
461 2289 534 2346 item
564 2288 652 2347 Dicte
682 2288 873 2362 collectenee3
905 2305 979 2362 quos
1011 2304 1114 2345 omnes

151 2377 267 2436 libellos
290 2378 387 2435 vetuit
407 2376 563 2451 Augustus
585 2376 729 2453 publicari
748 2406 798 2435 -.

218 2463 275 2525 Oic.
298 2465 393 2538 Epist.
422 2463 534 2539 VIIII,
549 2464 604 2538 16,
632 2466 662 2523 4.
712 2495 753 2504 -
785 2465 849 2538 ipse
879 2461 987 2521 Ceeser
1007 2463 1115 2521 vhebet

151 2571 270 2628 peracre
301 2553 455 2626 iudicium,
487 2555 518 2610 et
547 2555 583 2610 ut
613 2551 745 2624 Servius,
781 2551 874 2610 freter
904 2555 987 2623 tuus,
1024 2570 1113 2625 quem

151 2641 400 2700 litteratissimum
422 2641 515 2698 fuisse
537 2640 648 2713 iudico,
675 2640 761 2698 facile
788 2640 911 2698 diceret:
939 2639 986 2696 hic
1008 2656 1115 2696 versus

151 2729 251 2788 Pleuti
273 2747 332 2787 non
360 2732 418 2801 est,
445 2728 493 2786 hic
516 2731 574 2800 est,
598 2759 639 2768 -
663 2729 704 2786 sic
732 2727 819 2785 audie
847 2724 1017 2798 Caesarem,
1046 2744 1113 2783 cum

151 2818 302 2878 volumine
323 2818 384 2875 iem
406 2817 565 2875 confecerit
586 2803 838 2888 ἀποφθεγμάτων,
863 2815 887 2871 si
911 2814 990 2888 quod
1010 2814 1115 2872 affere·

151 2909 201 2964 tur
223 2907 261 2963 ad
284 2924 352 2964 eum
373 2923 427 2980 pro
450 2923 529 2976 mec,
552 2903 631 2978 quod
652 2920 751 2960 meum
774 2919 833 2959 nen
857 2902 909 2973 sit,
935 2901 1045 2959 reicere
1070 2919 1116 2958 sc·

150 2994 224 3068 lere3
252 2992 331 3068 quod
358 3011 392 3051 eo
419 3011 497 3051 nunc
523 2991 619 3065 magis
646 2990 730 3062 fecit,
758 2989 836 3064 quod
862 2990 967 3048 vivunt
997 3006 1115 3047 mecum

151 3082 213 3140 fere
241 3081 347 3140 cotidie
373 3081 455 3138 illius
481 3079 651 3137 femilieres.
700 3078 838 3136 Incidunt
865 3081 965 3135 eutem
995 3077 1027 3134 in
1055 3095 1115 3135 ecr-

151 3186 238 3227 mcne
264 3170 346 3226 verio
374 3169 482 3240 multe,
510 3181 595 3242 quee·
612 3167 739 3225 fortusse
766 3166 839 3238 illis,
867 3185 933 3224 cum
960 3165 1033 3237 dixi,
1060 3181 1117 3222 nec

151 3256 307 3314 illitterata
333 3274 387 3315 nec
413 3256 527 3313 insulsa
555 3273 618 3314 esse
645 3255 809 3314 uideantur.
855 3253 936 3312 Haec
963 3254 1001 3311 ed
1028 3253 1116 3310 illum

153 3362 220 3402 cum
241 3343 364 3418 reliquis
387 3344 461 3402 actis
483 3343 686 3418 perferuntur:
709 3344 753 3401 ita
776 3342 855 3400 enim
876 3343 940 3416 ipse
953 3340 1116 3398 mandevit.

154 3429 201 3490 Sic
223 3430 271 3504 fit,
294 3435 342 3504 ut,
365 3432 391 3489 si
414 3431 485 3507 quid
507 3434 661 3506 praeterea
675 3431 711 3490 de
724 3449 772 3488 me
785 3430 900 3501 audiet,
923 3447 981 3487 non
995 3429 1118 3487 audien·

153 3520 224 3578 dum
245 3522 339 3595 putet.
