2354 3864
302 238 414 297 COMM.
429 240 477 296 ΙΙΙ.
499 240 576 297 onP.
589 240 825 298 LXVII—LXXI.
984 237 1043 304 101

87 406 246 476 seclusum,
261 413 378 467 terrore
390 408 524 486 equitum
534 407 749 477 animadverso,
761 425 799 467 uo
813 407 892 468 intra
904 410 1045 471 munitio·

86 509 156 552 nem
171 493 402 571 opprimeretur,
419 509 453 551 ea
469 498 564 570 parte,
585 509 674 570 quam
691 499 860 570 proruerat,
881 510 947 554 sese
967 495 1045 555 reci-

85 574 198 654 piebat,
214 593 249 635 ao
263 575 398 654 plerique
415 593 451 635 ex
463 575 520 645 his,
541 593 578 635 nc
594 577 626 635 in
641 577 793 652 angustias
815 576 992 647 inciderent,
1007 593 1046 640 ec

85 673 110 719 x
130 659 241 738 pedum
261 661 427 719 munitione
442 677 474 720 se
494 662 526 719 in
540 660 636 720 fossas
654 659 901 738 praecipitabant,
921 663 1045 740 primis·

85 760 145 823 que
171 745 322 822 oppressis
348 742 457 821 reliqui
484 760 539 823 per
563 743 670 803 borum
690 761 815 823 corpora
836 744 961 806 salutern
986 745 1045 806 sibi

86 834 174 906 atque
195 829 308 888 exitum
328 826 495 905 pariebant.
531 826 659 888 Sinistrc
674 845 767 888 cornu
790 828 908 898 milites,
924 847 992 889 cum
1007 838 1071 890 ext

85 911 161 972 vallo
181 910 355 990 Pompeium
375 911 477 971 adesse
493 918 523 971 ct
537 929 607 972 suos
626 911 730 988 lugere
751 922 923 983 cernerent,
945 915 1043 982 veriti,

84 1011 123 1058 ne
138 997 285 1073 angustiis
298 995 586 1064 intercluderentur,
606 1013 674 1056 cum
689 1005 772 1056 extra
788 1005 817 1058 et
832 999 914 1057 intus
927 996 1044 1058 hostem

84 1077 242 1148 haberent,
258 1078 371 1148 eodem,
387 1097 446 1158 quo
461 1088 611 1148 venerant,
628 1088 751 1159 receptu
766 1078 826 1140 sibi
840 1080 1042 1150 consulebant,

84 1165 242 1242 omniaque
258 1170 344 1224 eraut
361 1163 513 1232 tumultus,
535 1165 661 1233 timoris,
683 1165 771 1242 fugae
786 1165 883 1244 plena,
907 1165 981 1225 adeo
999 1174 1042 1236 nt,

85 1266 153 1308 cum
168 1247 278 1308 Caesar
298 1249 382 1324 sigua
401 1247 579 1325 lugieutium
600 1265 690 1320 manu
709 1248 870 1328 prenderet
891 1257 922 1308 et
942 1251 1043 1310 consi-

85 1340 164 1392 stere
179 1329 306 1396 iuberet,
319 1327 369 1388 alii
381 1328 512 1394 dlmlssis
522 1335 709 1409 incisaequis
721 1333 824 1393 eodem
837 1350 926 1393 cursu
941 1330 1041 1413 [con]

84 1416 238 1491 lugerent,
260 1412 311 1475 alii
329 1409 395 1495 [ex]
411 1422 493 1475 metu
508 1416 600 1476 etiam
619 1417 704 1493 signa
725 1415 924 1486 dimitterent,
945 1435 1043 1496 neque

85 1501 244 1578 quisquam
259 1500 378 1558 omnino
394 1501 581 1559 consisteret.

147 1582 235 1642 LXX.
270 1582 324 1643 His
343 1585 433 1642 tantis
453 1583 538 1643 malis
563 1582 637 1643 baec
656 1582 791 1643 subsidia
816 1584 1068 1654 succurrebantt

84 1685 142 1746 quo
159 1668 256 1726 minus
271 1669 368 1726 omnis
383 1666 538 1726 deleretur
548 1669 708 1736 exercitus,
723 1666 802 1746 qnod
817 1667 974 1747 Pompeius
996 1671 1042 1729 in·

84 1750 177 1810 sidias
191 1753 310 1820 timens,
326 1750 426 1820 credo,
442 1750 521 1830 quod
541 1750 615 1811 haec
629 1758 750 1829 praeter
769 1769 854 1830 spem
872 1751 1044 1813 acciderant

84 1837 164 1904 eiuS,
185 1836 237 1914 qui
258 1834 345 1915 paulo
367 1842 435 1894 ante
451 1853 487 1894 ex
502 1836 610 1894 castris
623 1836 773 1912 fugientes
794 1853 865 1896 suos
879 1854 1042 1915 conspexe-

83 1926 145 1986 rat,
166 1917 383 1979 munitionibus
403 1919 643 1998 adpropinquare
665 1919 845 1998 aliquamdiu
872 1938 931 1979 non
952 1921 1042 1980 aude·

83 2001 143 2071 bat,
161 2004 335 2081 equitesque
351 2003 416 2062 eius
431 2004 577 2079 angustiis
593 1999 728 2086 [portis],
751 2010 839 2082 atque
853 2003 903 2064 his
917 2003 953 2064 ab
970 2004 1042 2065 Cac-

85 2088 162 2145 saris
180 2085 328 2146 militibus
349 2088 514 2166 occupatis,
538 2086 574 2147 ad
600 2087 817 2166 insequendum
837 2086 1041 2149 tardabantur.

83 2169 128 2229 lta
143 2187 251 2248 parvae
271 2187 321 2230 res
335 2186 473 2247 magnum
494 2172 527 2230 in
547 2177 703 2251 utramque
726 2178 843 2250 partem
858 2180 1068 2232 momentum!

83 2253 262 2314 habueruut.
296 2253 477 2314 Munitiones
491 2256 572 2315 enim
592 2257 730 2315 acastri's
750 2255 787 2316 ad
806 2255 917 2316 flumen
931 2257 1041 2336 perdu-

84 2345 148 2399 ctae
164 2340 340 2417 expugnatis
354 2340 413 2398 iam
428 2340 535 2399 castris
549 2338 671 2418 Pompei
691 2341 844 2419 propriam
859 2340 1042 2418 expeditam·

83 2439 142 2500 que
158 2422 293 2483 Caesaris
308 2423 462 2483 victoriam
477 2422 755 2502 interpellaverunt,
777 2423 880 2484 eadem
899 2441 948 2483 res
963 2423 1041 2484 cele·

82 2508 172 2566 ritate
187 2507 409 2584 insequentium
425 2506 539 2566 tardata
553 2509 664 2566 nostris
679 2507 803 2568 salutem
818 2507 927 2567 attulit.

146 2587 250 2649 LXXI.
280 2589 401 2650 lluobus
414 2589 463 2650 his
477 2592 565 2650 unius
580 2590 641 2650 diei
661 2590 786 2669 proeliis
800 2591 908 2652 Caesar
923 2591 1067 2653 deside-1

83 2675 159 2733 ravit
180 2673 292 2733 milites
312 2685 473 2734 Dccccnx
487 2682 518 2734 et
537 2672 652 2752 malles
667 2719 763 2736 .....
780 2674 957 2736 Tuticanum
973 2676 1040 2736 Gal·

82 2757 153 2826 lum,
169 2759 316 2818 senatoris
330 2758 440 2826 fllium,
464 2766 549 2818 notos
563 2760 680 2837 equites
693 2758 841 2819 Romanos
858 2759 887 2823 C.
903 2759 1040 2836 Flegina·

81 2850 142 2902 tem
157 2840 317 2911 Placentia,
333 2842 366 2902 Α.
384 2841 526 2902 Granium
541 2842 681 2911 Puteolis,
703 2842 741 2902 bl.
758 2841 971 2903 Sacrativirum
986 2843 1040 2904 Ca·

82 2942 150 3002 pua,
172 2924 309 2985 tribunos
324 2924 452 2986 militum
467 2933 497 2986 et
516 2926 707 2986 centuriones
721 2939 837 2996 xxxm
858 2927 910 2986 sed
932 2926 1066 2987 horumt

83 3009 214 3068 omnium
229 3027 298 3088 pars
313 3027 419 3086 magna
440 3010 472 3068 in
492 3009 582 3070 fossis
595 3009 870 3089 munitionibusque
892 3018 922 3071 et
942 3012 1040 3071 llumi-

81 3095 129 3152 nis
148 3094 224 3170 ripis
245 3111 386 3171 oppressa
407 3110 529 3153 suorum
553 3095 586 3153 in
605 3101 723 3154 terrore
746 3112 780 3154 ac
803 3095 873 3171 fuga
893 3096 959 3156 sine
981 3095 1040 3156 ullo

81 3176 203 3236 vulnere
226 3179 359 3248 interiit;
384 3179 527 3256 signaque
549 3185 617 3238 suut
636 3176 778 3238 militaria
798 3180 906 3239 amissa
927 3191 1039 3239 xxxn.

81 3258 241 3338 Pompeius
263 3278 298 3321 eo
317 3261 434 3339 proelio
456 3263 620 3340 imperator
640 3269 685 3322 est
705 3262 876 3341 appellatus
908 3261 1066 3325 flocco-a

81 3361 150 3403 men
166 3346 310 3422 optinuit,
334 3353 422 3424 atque
443 3348 485 3406 ita
501 3363 533 3405 se
554 3353 656 3426 postea
670 3346 792 3408 salutari
817 3364 923 3425 passus
942 3365 1039 3426 neque

81 3428 113 3486 in
134 3427 259 3496 litteris,
283 3447 356 3508 quas
376 3428 510 3489 scribere
531 3437 576 3490 est
598 3430 718 3500 solitus,
739 3447 837 3510 neque
856 3431 889 3490 in
909 3430 1040 3491 fascibus

79 3510 210 3591 iusignia
225 3512 344 3573 laureae
354 3507 514 3592 praetulit.
528 3589 529 3592 Ἴ
544 3516 582 3575 nt
595 3513 760 3587 Labienus,
783 3532 851 3609 cnm
866 3512 903 3574 ab
923 3532 959 3575 co
984 3517 1038 3573 im·
1049 3521 1089 3571 a·
