2356 3870
368 209 617 266 commem.
641 209 778 286 rii-uu
997 217 1054 274 151

101 385 148 435 tur
166 382 217 434 aut
232 373 302 434 dare
318 375 431 433 timoris
452 374 578 450 aliquam
593 375 800 452 suspicionem.
833 373 1089 435 Discedentibust

100 457 147 517 bis
162 456 293 517 breviter
305 475 357 517 sua
371 459 402 516 in
417 458 533 517 Aeduos
548 460 652 517 merita
668 458 818 536 exposuit;
836 475 908 533 quos
924 468 953 516 et
969 476 1056 535 quam

99 539 228 601 humiles
243 542 419 619 accepisset,
436 540 594 618 conpulsos
614 545 644 600 in
660 542 781 619 oppida,
805 542 943 600 multatos
963 546 1085 618 agrius
1142 575 1146 582 ·

97 623 238 684 omuibus
250 626 359 701 ereptis
365 626 466 702 copiis,
477 625 604 703 inposito
612 625 766 703 stipendio,
780 624 931 685 obsidibus
942 644 1055 686 summa

98 726 169 772 cum
184 707 362 768 contumelia
377 710 515 776 extortis,
538 717 567 767 et
587 726 674 784 quam
695 711 725 768 in
745 708 893 767 fortunam
909 727 1056 786 quamque

98 793 129 851 in
150 790 371 869 amplitudinem
392 790 577 860 deduxisset,
600 801 711 850 utnon
732 789 827 851 solum
848 794 878 850 in
897 794 1054 869 pristinum

97 882 208 935 statum
220 874 374 941 redissent,
387 875 439 934 sed
452 877 583 935 omnium
594 883 761 954 temporum
767 875 936 951 dignitatem
949 884 978 934 et
988 895 1054 953 gra·

96 960 169 1018 tiam
191 961 384 1018 antecessisse
405 958 585 1018 viderentur.
622 959 673 1018 llis
694 958 768 1018 datis
788 958 931 1018 mandatis
953 978 1002 1018 eos
1019 961 1054 1019 ab

96 1060 130 1102 se
146 1041 265 1102 dimisit.

161 1124 218 1185 LV.
257 1124 461 1185 Noviodunum
483 1135 546 1185 erat
567 1124 709 1203 oppidum
729 1126 899 1186 Aeduorum
919 1127 955 1186 ad
977 1131 1056 1206 ripas
1076 1147 1085 1196 ι

95 1208 212 1286 Ligeris
228 1217 396 1287 opportuno
416 1209 482 1268 loco
502 1211 640 1287 positum.
676 1209 741 1268 Huc
757 1209 863 1270 Caesar
884 1228 987 1272 omnes
1002 1211 1088 1280 obe

95 1292 177 1354 sides
192 1292 310 1362 Galliae,
326 1293 516 1362 frumentum,
532 1294 688 1370 pecuniam
701 1292 858 1370 publicam,
875 1312 996 1353 suorum
1012 1305 1054 1353 at·

96 1393 156 1454 que
172 1378 319 1436 exercitus
339 1376 617 1454 impedimentorum
632 1393 768 1453 magnam
788 1385 904 1453 partem
923 1378 1053 1437 contule-

95 1468 157 1528 rat:
186 1459 245 1520 buc
264 1477 403 1537 magnum
423 1477 580 1520 numerum
603 1475 748 1535 equorum
770 1460 858 1519 buius
878 1459 947 1520 belli
970 1480 1091 1533 causan

95 1547 128 1604 iu
143 1543 224 1603 ltalia
239 1555 328 1619 atque
341 1543 480 1621 Hispania
493 1549 662 1623 coemptum
676 1545 806 1603 miserat.
837 1544 880 1604 Eo
896 1562 962 1604 cum
977 1545 1054 1624 Epo·
1074 1565 1091 1614 4

96 1627 217 1688 redorix
232 1627 493 1703 Viridomarusque
507 1629 656 1687 venissent
671 1635 700 1686 et
721 1626 758 1686 de
773 1637 850 1686 statu
866 1630 989 1687 civitatis
1004 1646 1053 1687 co-

94 1713 276 1787 gnovissent,
293 1711 472 1771 Litaviccum
481 1710 611 1771 Bibracti
625 1710 661 1771 ab
673 1711 782 1770 Aeduis
796 1719 958 1788 receptum,
976 1711 1054 1786 quod

94 1803 143 1854 est
157 1794 299 1872 oppidum
314 1795 391 1871 apud
408 1812 458 1853 eos
473 1796 617 1854 maximae
634 1795 831 1860 auctoritatis,
849 1793 1053 1854 Consictobta·

96 1879 155 1936 vim
168 1879 371 1954 magistratum
382 1895 577 1953 magnamque
591 1885 705 1956 partem
721 1886 840 1936 senatus
850 1877 886 1936 ad
902 1896 970 1938 eum
985 1896 1054 1938 con·

96 1962 226 2028 senisse,
248 1961 359 2038 legatos
380 1961 416 2020 ad
432 1962 701 2038 Vercingetorigem
722 1961 759 2019 de
784 1978 857 2038 pace
878 1969 907 2019 et
928 1962 1054 2021 amicitia

92 2043 277 2104 concilianda
292 2044 410 2123 publice
425 2047 540 2112 missos,
557 2064 616 2104 non
631 2045 925 2122 praetermittendum
941 2053 1054 2104 tantum

93 2127 284 2188 commodum
300 2131 547 2188 existimaverunt.
584 2129 686 2204 ltaque
707 2129 870 2188 interiectis
891 2129 1090 2189 Notiodrmld

94 2211 280 2281 custodibus,
292 2214 402 2288 quique
410 2229 445 2271 eo
456 2211 626 2288 negotIandi
638 2230 726 2272 causa
739 2222 946 2280 convenerant,
963 2231 1052 2289 pecu-

94 2297 175 2356 niam
191 2310 279 2370 atque
289 2310 387 2371 equos
401 2296 479 2355 inter
495 2314 527 2355 se
542 2297 643 2373 partiti
658 2306 736 2363 sunt,
759 2295 878 2355 obsides
904 2297 1054 2355 civitatum
1074 2297 1091 2350 t

95 2378 233 2439 Bibracte
241 2378 276 2438 ad
292 2381 494 2455 magistratum
502 2378 884 2447 deducendoscuraverunt,
903 2380 1052 2457 oppidum,
1073 2382 1089 2433 t

91 2462 199 2539 quoda
209 2480 242 2521 se
257 2465 353 2522 teneri
364 2480 423 2522 non
439 2480 526 2540 posse
535 2462 712 2529 iudicabant,
729 2465 907 2522 necuiesset
922 2462 1052 2522 usuiRo·

92 2547 199 2614 manis,
214 2545 426 2614 incenderunt,
442 2547 584 2607 frumenti
600 2546 678 2622 quod
693 2545 790 2605 subito
806 2554 976 2624 potuerunt,
998 2563 1049 2605 na·
1064 2551 1081 2604 t

94 2628 179 2689 nous
194 2638 370 2698 avexerunt,
393 2629 541 2705 reliquum
556 2627 678 2688 flumine
694 2637 782 2706 atque
797 2629 932 2688 incendio
949 2646 1052 2689 corru-

94 2723 215 2792 perunt.
246 2713 306 2790 lpsi
327 2731 363 2773 ex
383 2714 513 2773 finitimis
528 2713 699 2789 regionibus
715 2715 814 2790 copias
829 2729 945 2789 eogere,
967 2724 1087 2789 prae-tt

94 2796 168 2856 sidia
179 2794 387 2874 custodiasque
400 2797 435 2857 ad
446 2799 526 2874 ripas
538 2795 650 2872 Ligeris
661 2795 819 2874 disponere
831 2797 1052 2871 equitatumque

94 2879 233 2940 omnibus
246 2879 319 2940 locis
333 2880 473 2940 iniciendi
484 2882 598 2941 timoris
611 2898 698 2940 causa
713 2889 862 2938 ostentare
878 2889 1049 2956 coeperunt,

93 2964 122 3024 si
135 2962 172 3023 ab
186 2981 222 3023 re
236 2964 430 3025 frumentaria
444 2963 592 3024 Romanos
608 2962 765 3023 excludere
786 2970 836 3021 aut
851 2961 992 3022 adductos
1006 2964 1051 3022 in·

94 3046 161 3125 epia
186 3048 218 3106 in
244 3049 423 3125 provinciam
445 3046 594 3126 expellere
614 3055 761 3124 possent·
788 3044 881 3115 Quam
902 3045 938 3105 ad
964 3064 1047 3124 qoem
1066 3056 1098 3108 ιο

93 3130 222 3191 multum
237 3147 289 3191 eos
303 3130 464 3199 adiuvabat,
481 3130 559 3207 quod
575 3129 661 3206 liger
677 3148 712 3188 ex
729 3129 844 3189 nivibus
860 3141 1001 3200 creverat,
1018 3138 1051 3189 ut

93 3215 216 3274 omniuo
230 3213 305 3274 vado
319 3233 379 3274 non
395 3233 481 3292 posse
498 3215 616 3274 transiri
631 3213 790 3273 videretur.

157 3297 230 3358 LVI.
266 3297 379 3369 Quibus
399 3298 488 3359 rebus
509 3299 632 3375 cognitis
649 3298 755 3357 Caesar
775 3297 982 3357 maturandum
997 3296 1075 3356 slbll

92 3382 220 3449 censuit,
236 3381 262 3440 si
277 3390 356 3442 esset
369 3383 400 3441 in
415 3381 600 3460 perficiendis
612 3381 752 3459 pontibus
767 3381 1001 3458 periclitandum,
1018 3389 1051 3438 ut

92 3467 187 3547 priris.
204 3482 292 3541 quam
308 3476 406 3526 essent
424 3468 553 3526 maiores
568 3483 604 3526 eo
619 3474 739 3530 coactae
756 3467 879 3550 copiae,
894 3465 1067 3526 eliminaret
