2356 3870
471 238 678 295 EPISTULAE.

328 404 365 439 sn
382 403 406 442 r.
425 400 566 440 movimus
583 399 685 438 verrere
703 388 819 440 (rouen).

453 470 497 538 [A.
509 468 542 523 U.
555 467 584 522 Ο.
597 466 689 535 Dee]

160 562 219 625 ou.
232 564 289 638 Et).
305 563 344 622 od
358 561 389 637 Q.
403 563 440 636 fr.
454 561 523 629 III,
540 564 568 634 1,
584 562 612 635 6,
628 561 678 621 20.
714 559 747 618 P.
762 556 904 618 Servilius
916 557 1003 633 peter
1021 572 1055 613 ex

93 653 216 726 litteris,
238 669 312 727 ques
336 651 393 711 sibi
415 649 573 710 eCuesore
595 648 702 708 misses
726 664 790 708 esse
813 645 942 718 dicebat,
966 642 1055 719 signi-

93 741 173 814 ficet,
196 739 283 800 valde
304 742 335 798 te
359 738 416 798 sibi
439 741 558 815 gretum
580 737 698 812 fecisse,
722 734 800 812 quod
822 734 860 794 de
882 750 937 792 sue
953 732 1055 791 volun-

93 832 156 887 tate
183 846 255 904 erge
277 826 434 887 Caesarem
461 826 674 886 humanissime
699 821 987 900 diligentissimeque
1013 820 1054 878 lo

93 920 179 976 cutus
202 934 290 975 esses.

400 1027 437 1064 en
453 1029 476 1065 r.
493 1028 577 1065 errori
596 1004 740 1065 memsuis.

504 1093 584 1163 [Eoi.
604 1094 640 1162 e.]

162 1183 243 1246 Ooes.
257 1186 295 1246 B.
312 1186 348 1248 G.
368 1189 402 1256 V,
419 1192 469 1262 11,
482 1188 512 1247 4.
539 1186 671 1248 Labieno
685 1186 796 1259 scribit,
818 1186 862 1258 ut,
884 1197 975 1258 quem
991 1178 1054 1255 plu-

93 1275 185 1334 rimes
201 1279 310 1351 posset,
328 1278 365 1336 iis
384 1275 563 1352 legionibus,
582 1294 658 1353 quae
677 1277 747 1335 eunt
764 1271 843 1351 epud
861 1290 943 1349 eum,
964 1285 1055 1327 neves

93 1364 240 1423 instituet.
255 1395 296 1404 —
311 1363 363 1438 46,
378 1365 408 1421 4.
445 1363 554 1424 Scribit
567 1362 708 1439 Labieno,
731 1363 757 1422 si
777 1358 957 1437 reipublicae
980 1374 1055 1416 oom-

94 1451 180 1510 modo
194 1450 290 1511 fecere
303 1455 412 1528 posset,
421 1471 488 1511 eum
500 1452 617 1530 legione
626 1453 665 1512 ed
678 1452 752 1512 fines
760 1449 939 1511 Nerviorum
947 1445 1055 1506 veniet

318 1581 354 1618 m>
372 1581 412 1618 crs.
429 1583 566 1618 nomem!
582 1581 698 1620 nesure
715 1565 836 1632 (mem).

425 1649 469 1717 [A.
487 1648 521 1703 u,
540 1647 568 1702 o.
587 1645 705 1715 neon]

157 1736 236 1796 Plus.
251 1738 353 1811 Pomp.
370 1739 421 1797 56.
435 1739 508 1798 med.
553 1769 592 1780 —
613 1731 630 1795 ὁ
646 1732 802 1813 Πομπήϊος
824 1730 882 1810 ἔφη
902 1729 1055 1811 γράμματα

95 1817 245 1898 Καίσαρος
261 1817 339 1897 ἔχειν
352 1816 534 1899 βονλομίνου
547 1821 652 1900 λαβεῖν
662 1817 804 1898 διάδοχον
813 1815 865 1878 καὶ
878 1815 1056 1876 παύσασθαι

96 1909 149 1980 τῆς
175 1904 341 1979 στρατείας·
369 1899 512 1977 ὑπατείας
538 1902 638 1983 μέντοι
662 1903 716 1966 καὶ
735 1901 777 1983 μὴ
804 1900 931 1984 παρόντι
958 1903 1056 1972 καλῶς

96 1984 173 2066 ἔχειν
193 1987 314 2066 αἴτησιν
333 1983 415 2071 αὐτῷ
437 1989 578 2069 δοθῆναι.

477 2122 512 2157 ΔΙ)
530 2121 553 2158 0.
571 2120 680 2158 ΡΑΒῙῙΝ.

426 2188 470 2256 [A.
489 2187 523 2242 u
542 2187 571 2242 o.
589 2173 723 2256 nociti]

163 2276 241 2338 Hire
259 2277 299 2337 B.
319 2277 355 2340 G.
380 2280 473 2351 VIII,
493 2282 522 2355 6,
541 2282 570 2341 3.
610 2311 653 2322 -
675 2280 792 2340 litteras
820 2309 862 2327 --
884 2277 925 2338 ud
950 2276 1056 2338 Geium

96 2365 223 2426 Fabium
247 2368 354 2442 mittit,
381 2373 416 2428 ut
442 2369 474 2428 in
500 2368 574 2429 fines
602 2366 794 2428 Suessionum
814 2366 948 2444 legiones
974 2367 1057 2439 dues,

97 2472 171 2529 ques
193 2455 336 2531 habebat,
357 2456 516 2516 adduceret
538 2485 590 2516 -.
760 2470 762 2474 ·

451 2585 487 2622 su
505 2585 528 2621 c.
545 2585 705 2625 merom.

511 2650 592 2722 [Eod.
609 2650 648 2722 e]

163 2742 201 2802 o.
218 2746 268 2817 ll,
285 2747 311 2802 1.
348 2774 390 2786 -
404 2745 520 2806 litteras
533 2746 572 2805 sd
587 2746 765 2807 Trebonium
777 2749 885 2823 mittit,
906 2749 950 2822 ut,
968 2763 1056 2822 quem

98 2829 250 2890 celerrime
275 2835 388 2907 posset,
414 2834 565 2910 legionem
588 2850 670 2909 xire,
696 2853 774 2912 ques
803 2855 870 2896 eum
897 2835 931 2896 Τ.
958 2834 1057 2897 Sextio

97 2919 197 2994 legato
219 2919 252 2976 in
264 2918 449 2996 Biturigibus
463 2923 625 2994 hiemebet,
647 2926 811 2983 eoeerseret
822 2926 913 3000 etque
933 2924 979 2986 ite
990 2943 1056 2986 oum

97 3008 194 3069 tribus
216 3008 382 3084 legionibus
404 3011 522 3086 magnis
543 3011 699 3070 itineribus
720 3013 759 3071 sd
781 3030 814 3072 se
836 3013 959 3074 veniret.

436 3106 482 3175 [A.
501 3105 534 3161 U.
552 3105 581 3162 c.
600 3104 718 3176 BOOK}

165 3180 304 3243 OooeB.
324 3180 427 3250 0.11,
449 3184 499 3257 13,
519 3184 548 3243 3.
584 3181 703 3242 Caesar·
717 3214 759 3226 -
780 3204 835 3261 per
855 3185 973 3246 littores
987 3185 1056 3248 Tre

98 3271 186 3329 bonio
208 3288 386 3346 magnopere
407 3271 613 3347 mundaverat,
639 3290 677 3330 ne
703 3291 758 3348 per
778 3274 839 3333 uim
861 3275 1001 3351 oppidum
1024 3271 1056 3351 [i

98 3377 123 3416 e.
142 3356 322 3434 Massiliam]
347 3360 509 3435 expugnari
535 3362 700 3436 peteretur,
727 3379 765 3420 ne
787 3363 908 3438 gravius
930 3365 1055 3438 permoti

97 3447 207 3506 milites
230 3451 261 3507 et
282 3446 455 3507 defectionis
477 3448 544 3507 odio
567 3451 598 3509 et
624 3450 845 3526 contemptione
869 3452 924 3510 sui
942 3455 980 3509 eb
1001 3451 1071 3504 Riu-

96 3535 159 3594 iino
182 3535 282 3594 labore
304 3552 404 3597 omnes
424 3537 555 3613 puberes
577 3539 792 3603 interbeerent
813 3569 888 3674 ὦ
