2356 3870
138 218 169 274 vt
507 210 697 269 emeterio.

203 377 240 434 Eu
255 383 380 450 praetura
395 391 465 431 anno
485 377 611 449 sequenti
625 375 779 450 Hispaniam
798 374 954 433 ulteriorem
975 379 1088 435 sortitur

142 461 295 534 provinciae
315 455 413 514 linibus
432 459 590 531 propagatis
610 459 723 531 ipsaque
743 459 844 532 optime
864 461 1012 516 constituta
1033 477 1087 517 rna·

141 556 221 616 gnam
234 541 340 597 laudem
354 547 517 597 consecutus
537 547 587 596 est
620 541 757 597 Lusitanis
777 541 889 598 deuictis
909 549 937 598 et
950 541 1088 616 Brigantio

141 631 220 697 capto
241 626 388 696 imperator
407 622 558 697 appellatus
577 622 665 680 medio
684 623 742 680 iere
761 640 830 681 auno
850 626 973 697 proximo
995 627 1088 681 trium·

141 707 223 783 phum
238 713 348 762 acturus
362 704 585 778 consulatumque
599 707 735 778 petiturus
748 707 886 780 provincia
899 707 1025 770 decessit.
1040 707 1088 764 sed

141 803 201 844 cum
216 788 324 844 comitia
339 786 491 843 consularia
510 786 562 842 iam
582 787 682 845 indicta
702 797 807 851 esseut,
828 805 862 845 ue
882 790 1024 847 consulatu
1043 807 1089 846 er·

141 870 308 932 cluderetur,
322 868 434 925 dimisso
448 869 586 943 triumpho
600 872 721 943 privatus
734 872 848 928 introire
863 879 972 930 coactus
986 880 1037 929 est
1076 878 1078 882 ‘

202 953 348 1025 Postquam
368 967 429 1007 erun
442 950 537 1007 Bibulo
553 952 648 1008 consul
668 959 774 1010 creatus
789 961 845 1016 est,
861 970 922 1012 eum
935 955 968 1012 ti
982 949 1086 1011 Licinio

37 1092 39 1097 ,
141 1035 234 1091 Crasso
256 1042 285 1090 et
298 1034 344 1090 Cn.
360 1032 490 1106 Pompeio
504 1035 620 1108 primum
632 1024 832 1093 triumuiratum*
841 1035 918 1099 iniit.
934 1052 987 1111 qua
1001 1037 1086 1093 sceie-

141 1123 196 1175 tate
216 1118 287 1173 inter
307 1132 355 1172 eos
375 1123 499 1172 sanctum
518 1123 573 1179 est.
594 1132 628 1174 ue
648 1117 714 1190 quid
733 1126 861 1191 ageretur
887 1120 914 1177 in
938 1117 1087 1190 republica,

141 1198 213 1272 quod
227 1196 412 1271 displicuisset
425 1197 474 1255 uui
488 1215 520 1254 ex
535 1197 630 1254 tribus.

48 1327 57 1334 .
202 1279 348 1337 Consulatu
363 1296 432 1336 anuo
446 1278 625 1334 umxxxxv.
640 1279 709 1334 inito
730 1279 864 1342 instituit,
884 1287 915 1335 ut
934 1285 1044 1335 senatus
1059 1285 1087 1335 et

139 1362 233 1435 populi
258 1369 318 1418 acta
342 1359 559 1433 publicarentur.
589 1358 653 1415 tulit
672 1361 760 1433 legem
788 1360 822 1417 de
852 1359 1016 1435 publicanis,
1048 1360 1086 1417 le·

140 1458 201 1516 gem
222 1445 368 1517 agrariam,
392 1441 482 1514 legem
502 1440 535 1498 de
554 1443 677 1515 pecuniis
696 1442 869 1516 repetundis,
894 1459 943 1517 per
963 1443 993 1512 Q.
1015 1443 1085 1498 Vati-

139 1526 213 1581 nium
228 1533 261 1580 tr.
277 1525 314 1597 pl.
334 1523 449 1597 pertulit
468 1522 557 1596 legem
578 1523 611 1580 de
629 1523 741 1581 alternis
761 1524 881 1583 consillls
901 1525 1043 1581 reiciendis
1059 1534 1086 1581 et

138 1607 227 1679 legem
241 1606 274 1663 de
294 1607 409 1680 imperio
424 1606 451 1661 C.
467 1604 604 1678 Caesaris,
625 1622 679 1679 qua
700 1605 784 1665 Callia
804 1607 938 1680 Cisalpina
958 1615 986 1664 et
999 1605 1073 1680 illyri

140 1705 199 1744 cum
214 1689 368 1761 provinciae
383 1703 443 1744 cum
459 1686 544 1744 tribur
558 1685 713 1761 legionibus
727 1688 756 1742 in
771 1691 983 1763 quinquennium
1001 1691 1026 1744 ei
1040 1689 1082 1744 de·

140 1778 229 1826 cretae
243 1776 317 1832 sunt,
332 1769 432 1842 quibus
447 1776 557 1826 senatus
572 1768 673 1825 addidit
686 1784 765 1824 uuam
785 1769 921 1843 legionem
935 1778 963 1825 et
977 1768 1083 1830 Galliam

140 1852 347 1924 Transalpinam.

201 1934 326 1990 Eiusdem
340 1935 403 1991 anni
417 1933 497 1992 initio
507 1933 601 1990 luliam
615 1933 695 1993 liliam
705 1935 833 2007 Pompeio
845 1932 874 1990 in
888 1934 1085 1989 matrimonium

140 2014 223 2078 dedit,
239 2018 298 2089 ipse
306 2015 475 2089 Calpurniam
488 2016 572 2081 duxit,
586 2016 615 2072 i..
624 2016 750 2091 Calpurni
763 2017 869 2072 Pisonis
881 2032 936 2072 cos.
952 2016 1085 2089 designati

140 2093 230 2156 liliam.
256 2097 375 2155 iunctus
387 2098 529 2155 consulatu
541 2097 568 2154 C.
578 2097 700 2155 Memmio
712 2107 740 2154 et
749 2099 778 2155 L.
790 2099 904 2155 bomitIo
915 2096 1085 2171 praetoribus

141 2180 174 2236 de
188 2180 276 2253 ipsius
291 2182 357 2236 actis
377 2179 557 2238 referentibus
578 2181 761 2255 cognitionem
781 2181 887 2237 senatui
909 2179 1019 2243 detulit,
1038 2181 1085 2252 qui

141 2278 201 2319 cum
215 2278 270 2319 nnn
286 2263 451 2334 susciperet,
467 2262 556 2319 triduo
571 2278 621 2336 per
635 2263 724 2318 irritas
740 2262 928 2319 altercationes
942 2261 1085 2334 absumpto

140 2344 207 2399 urbe
222 2345 344 2400 excessit.

201 2426 295 2481 Paucis
311 2426 395 2498 igitur
409 2424 503 2482 diebus
516 2434 661 2500 postquam
675 2426 768 2484 Cicero
783 2427 933 2483 inexilium
947 2426 1086 2501 proiectus

140 2515 213 2569 erat.
239 2507 335 2563 Caesar
358 2509 386 2562 in
414 2505 525 2565 Calliam
548 2509 712 2582 provinciam
737 2509 803 2566 abiit
824 2511 911 2583 primo
937 2525 998 2566 vere
1023 2510 1085 2565 anni

139 2588 328 2645 lleXlilillVl.
348 2588 388 2646 lbi
401 2605 451 2663 per
464 2607 560 2649 novem
574 2607 659 2648 annos
670 2591 770 2648 bellum
782 2593 868 2665 gessit
882 2592 990 2649 iortuna
1004 2594 1084 2647 masi-
1142 2595 1145 2600 “

140 2687 209 2727 marn
223 2677 326 2744 partem
340 2688 478 2744 prospera.
839 2733 841 2738 ,

130 2757 136 2768 “
201 2753 288 2809 Primo
304 2769 374 2809 anno
388 2752 525 2810 Helvetios
546 2757 662 2813 transitu
681 2772 731 2829 per
744 2756 908 2812 Provinciam
922 2756 1084 2812 interclusos

141 2833 246 2891 duobus
265 2834 378 2907 proeliis
399 2836 477 2898 vicit,
500 2837 644 2895 Germeuos
669 2840 805 2894 Ariovisto
832 2837 899 2895 duce
927 2839 1084 2911 gravissima

140 2915 215 2973 clade
229 2915 304 2973 illata
319 2934 333 2973 e
349 2917 434 2975 Callia
447 2917 558 2992 expulit.
594 2920 716 2976 Secundo
730 2919 830 2977 bellum
845 2936 905 2976 oum
918 2920 1008 2994 belgis
1024 2937 1072 2994 ges

139 2998 176 3054 sit
190 3014 338 3072 eorumque
352 3001 473 3074 quinque
487 3001 622 3066 civitates,
643 3002 818 3066 Suessiones,
832 3002 1000 3065 Bellovacos,
1022 3005 1084 3056 lm-

137 3079 243 3143 bianor.
257 3080 383 3145 Nervios,
398 3083 562 3148 Aduatucos,
577 3086 655 3150 vicit;
670 3087 823 3160 complures
838 3086 959 3141 civitates
974 3085 1085 3140 Aremo-

41 3164 51 3173 '
138 3163 209 3218 ricas
230 3164 258 3218 iu
279 3163 413 3220 dicionem
433 3167 545 3238 accepit.
580 3169 726 3242 Postquam
747 3167 797 3223 sub
812 3165 892 3222 finem
907 3168 965 3221 elus
980 3168 1042 3221 unni
1056 3167 1084 3220 in

137 3242 241 3300 ltaliam
251 3247 362 3302 revertit
373 3247 466 3321 ibique
471 3249 558 3323 primo
564 3266 626 3307 vere
636 3266 695 3306 cum
704 3249 832 3323 Pompeio
845 3248 974 3304 etCrasso
988 3256 1084 3322 pactus

138 3334 189 3390 est,
205 3334 235 3383 ut
249 3327 327 3386 ambo
339 3330 507 3386 consulatum
521 3339 654 3404 peterent,
669 3331 720 3388 sibi
735 3332 877 3405 imperium
891 3333 919 3386 in
935 3332 1085 3406 quinquen·

138 3410 211 3467 nium
226 3422 432 3487 prorogaretur,
449 3415 530 3469 tertio
546 3431 616 3471 anno
631 3414 761 3475 Venetos.
782 3413 919 3480 Venellos.
934 3414 1085 3486 Aquitanos
