2356 3870
299 218 413 276 COMM.
428 220 476 275 111.
498 219 574 276 CAP.
588 220 784 277 VIIII—XIII.
979 216 1019 281 73

56 385 287 464 baripossent,
314 402 417 445 omnes
442 403 511 446 suas
532 393 694 446 terrestres
713 385 893 466 urbiumque
919 388 1020 465 copias

57 468 282 549 dimissurum]

123 553 175 613 Xl.
198 552 346 614 Vibullius
359 554 408 614 his
424 555 568 632 expositis
584 551 759 634 [Corcyrae]
777 572 836 615 non
852 557 952 616 minus
965 573 1017 616 ne·
1030 565 1045 613 1

58 640 225 699 cessarium
240 655 304 698 esse
319 639 507 708 existimavit,
524 638 560 698 de
576 641 734 717 repentino
749 639 876 699 adventu
888 639 1020 700 Caesaris

59 723 236 801 Pompeium
259 724 325 782 lieri
351 724 525 792 certiorem,
552 724 596 782 uti
621 723 656 782 ad
678 722 708 782 id
730 723 886 783 consilium
912 742 1019 802 capere

58 814 169 886 posset,
186 812 342 884 antequam
357 806 555 866 demandatis
570 808 617 884 agi
629 808 826 884 inciperetur,
849 813 937 886 atque
952 808 1020 867 ideo

59 893 234 952 continuato
253 897 340 950 nocte
360 907 394 950 ac
419 890 469 951 dio
489 892 599 951 itinere
626 899 713 967 atque
737 888 888 969 [omnihus
909 889 1017 971 copiis]

59 977 183 1036 mutatis
205 972 241 1034 ad
262 975 445 1035 celeritatem
466 976 608 1034 iumentis
628 975 664 1034 ad
680 974 853 1053 Pompeium
868 975 1021 1035 contendit

60 1067 90 1120 et
104 1059 209 1120 adesse
225 1058 380 1119 Caesarem
394 1061 552 1119 nuntiarit.
582 1059 740 1137 Pompeius
754 1066 819 1119 erat
833 1077 869 1120 eo
883 1067 1045 1139 temporeo

59 1147 92 1204 in
108 1143 256 1205 Candavia
276 1144 393 1221 iterque
409 1161 446 1203 ex
461 1143 631 1203 Macedonia
646 1144 678 1202 in
692 1142 820 1203 hiberna
835 1142 1020 1222 Apolloniam

59 1226 337 1306 Dyrrhachiumque
352 1226 488 1287 habebat.
519 1226 578 1288 Sed
589 1245 621 1286 re
633 1245 708 1287 nova
721 1227 914 1305 perturbatus
928 1229 1019 1287 maio·

59 1310 147 1372 ribus
161 1309 323 1371 itineribus
337 1311 520 1389 Apolloniam
537 1318 639 1390 petere
654 1314 761 1391 coepit,
777 1329 815 1371 ne
827 1312 935 1373 Caesar
950 1329 1020 1371 orae

59 1397 238 1457 maritumae
253 1396 388 1455 civitates
402 1404 571 1474 occuparet.
602 1398 639 1456 At
653 1396 702 1456 ille
714 1397 857 1475 expositis
871 1395 1046 1456 militibusa
1140 1382 1146 1393 “

60 1480 166 1541 eodem
177 1479 225 1539 die
232 1478 354 1540 Oricum
366 1481 574 1557 proficiscitur.
597 1478 663 1549 Quo
673 1497 739 1540 cum
752 1483 893 1559 venisset,
905 1480 938 1540 L.
947 1480 1020 1540 Tor·

60 1572 184 1644 quatus,
200 1565 252 1641 qui
267 1565 350 1624 iussu
365 1562 485 1641 Pompei
502 1563 611 1642 oppido
627 1570 765 1641 praeerat
778 1564 1020 1642 praesidiumque

60 1648 105 1708 ibi
121 1647 331 1708 Parthinorum
347 1646 491 1716 habebat,
510 1656 632 1706 conatus
646 1650 741 1725 portis
756 1647 864 1707 clausis
879 1648 1020 1727 oppidum

61 1731 240 1800 defendere,
267 1749 334 1791 eum
355 1730 484 1792 Graecos
508 1749 626 1791 murum
651 1732 811 1791 ascendere
832 1741 919 1811 atque
940 1749 1021 1791 arma

61 1833 170 1895 capere
185 1813 312 1884 iuberet,
329 1815 373 1875 illi
388 1822 487 1875 autem
503 1833 535 1875 se
551 1823 653 1876 contra
669 1817 828 1893 imperium
843 1815 946 1894 populi
961 1815 1047 1875 lio-t

61 1902 143 1961 mani
165 1907 350 1978 pugnaturos
365 1917 429 1959 esse
445 1908 602 1976 negarent,
623 1898 764 1978 oppidani
782 1897 911 1978 [autem]
929 1901 1021 1959 etiam

61 2002 115 2045 sua
141 1990 247 2062 sponte
273 1984 427 2044 Caesarem
459 1985 596 2062 recipere
629 1990 823 2052 conarentur,
856 1983 1022 2062 desperatis

61 2065 201 2128 omnibus
215 2068 334 2128 auxiliis
349 2076 450 2146 portas
466 2070 583 2146 aperuit
598 2075 674 2128 etse
691 2075 777 2146 atque
793 2067 934 2146 oppidum
949 2067 1021 2128 Cae·

62 2154 122 2213 sari
143 2150 258 2211 dedidit
272 2151 489 2231 incolumisque
505 2151 542 2211 ab
558 2169 594 2211 eo
609 2159 799 2212 conservatus
814 2158 869 2211 est.
946 2174 950 2177 Α
1024 2166 1028 2186 ⁴

123 2234 189 2296 llll.
225 2235 356 2313 Recepto
382 2237 489 2297 Caesar
515 2234 604 2295 Orico
629 2235 709 2294 nulla
734 2236 908 2314 interposita
938 2243 1047 2296 morat

61 2319 247 2399 Apolloniam
262 2320 473 2398 proficiscitur.
504 2320 595 2380 Cuius
609 2319 736 2379 adventu
752 2319 851 2378 audito
866 2319 900 2378 L.
917 2318 1021 2379 Stabe-

61 2405 140 2474 rius,
157 2405 208 2482 qui
223 2401 268 2463 ihi
283 2412 434 2481 praeerat,
451 2422 556 2481 aquam
571 2410 758 2480 comportare
771 2404 804 2462 in
820 2420 919 2463 arcem
934 2409 1022 2480 atque

61 2506 128 2548 eam
143 2488 261 2548 munire
277 2485 454 2566 obsidesque
470 2486 507 2547 ab
523 2485 761 2565 Apolloniatibus
775 2488 896 2563 erigere
912 2487 1021 2564 coepit.

61 2571 108 2632 llli
128 2589 201 2631 vero
221 2571 341 2631 daturos
355 2589 387 2632 se
402 2587 513 2648 negare
528 2588 625 2650 neque
641 2577 742 2650 portas
756 2570 869 2630 consuli
884 2569 1048 2649 precatu-a

58 2673 159 2732 suros,
177 2672 274 2735 neque
289 2654 348 2715 sibi
363 2656 505 2715 iudicium
521 2662 691 2734 sumpturos
706 2661 809 2715 contra
825 2662 912 2734 atque
927 2655 1024 2713 omnis

61 2739 145 2800 ltalia
160 2739 344 2819 populusque
359 2739 509 2800 llomanus
523 2739 725 2799 iudicavisset.
758 2737 891 2808 Quorum
906 2737 1049 2814 cognitae

61 2823 212 2884 voluntate
229 2823 303 2883 clam
319 2825 451 2902 profugit
466 2822 619 2901 Apollonia
634 2821 799 2882 Staberius.
837 2821 882 2881 llli
899 2821 934 2881 ad
951 2820 1022 2881 Gae-

62 2909 160 2969 sarem
174 2907 288 2984 legatos
301 2909 422 2968 mittunt
436 2907 604 2986 oppidoque
618 2907 777 2985 rccipiunt.
817 2904 878 2965 llos
893 2912 1050 2983 sequano

61 2999 112 3053 tur
126 2989 329 3063 Bullidenses,
350 2992 500 3052 Amantini
523 2997 552 3050 et
572 2989 705 3069 reliquae
726 2989 870 3050 finitimae
889 2991 1025 3049 civitates

61 3082 181 3155 totaque
197 3075 322 3154 Epiros,
344 3082 374 3135 et
393 3075 500 3152 legatis
522 3074 558 3135 ad
573 3073 730 3135 Caesarem
743 3074 857 3142 missis,
880 3091 954 3153 quae
969 3074 1025 3132 im·

61 3167 192 3238 peraret,
208 3160 339 3220 lacturos
353 3159 541 3238 pollicentur.

125 3242 202 3305 Xlll.
232 3246 269 3304 At
293 3243 453 3322 Pompeius
479 3244 607 3320 cognitis
629 3242 676 3302 his
701 3240 806 3312 rebus,
837 3260 913 3321 quae
938 3249 1050 3301 erantt

62 3326 145 3389 Orici
162 3335 250 3409 atque
262 3327 433 3407 Apolloniae
448 3335 557 3405 gestae,
574 3326 758 3406 Dyrrhachio
773 3329 892 3395 timens,
908 3326 1026 3387 diurnis

42 3430 99 3472 seo
118 3413 333 3554 nocturnisque
354 3410 517 3472 itineribus
536 3411 698 3471 contendit.
734 3409 828 3471 Simul
843 3410 950 3472 Caesar
972 3415 1055 3486 ap-‘t

59 3498 266 3577 propinquare
299 3494 450 3556 icebatur:
467 3502 627 3580 tantusque
636 3505 739 3561 terror
750 3496 865 3560 incidit
875 3497 948 3557 eius
957 3507 1049 3552 euer-
