2356 3870
347 181 520 239 CAESARIS
543 181 756 238 ORATIONES.
974 178 1037 244 119

138 335 263 395 Scatone
274 335 316 394 1).
338 335 397 395 Iul.
422 337 473 396 55.
517 335 696 412 Eloquentia
718 338 771 396 aut
793 337 932 412 aequavit
953 356 1038 413 prue-

72 425 324 484 stantissimorum
346 424 472 499 gloriam
490 426 543 482 aut
565 425 698 484 excessit.
733 425 806 484 Post
818 426 1037 486 accusationem

74 513 245 573 Dolabellae
267 512 449 572 hauddubie
471 512 652 587 principibus
674 513 806 587 patronis
825 517 1037 574 annumeratus

76 606 128 660 est.
166 599 253 660 Certe
268 598 370 659 Cicero
383 600 422 658 ad
435 600 570 674 Brutum,
593 602 725 660 oratores
739 619 923 676 enumerans,
945 605 1038 678 negat

74 709 107 749 se
129 689 243 761 videre,
266 689 313 747 cui
335 689 442 748 debeat
465 686 574 747 Caesar
600 688 716 762 cedere,
742 689 856 765 aitque,
884 709 953 748 eum
979 691 1037 749 ele-

74 780 209 853 gantem,
232 776 416 852 splendidam
439 794 557 852 quoque
579 779 670 853 atque
693 776 783 836 etiam
804 777 993 852 magnificam
1007 782 1037 837 et

73 882 250 942 generosam
272 864 497 940 quodammodo
509 865 656 923 rationem
670 864 785 923 dicendi
808 867 923 937 tenere,
946 868 977 925 et
998 866 1037 925 ad

76 953 246 1012 Cornelium
257 952 404 1028 Nepotem
426 953 463 1011 de
486 952 589 1011 eodem
610 954 654 1012 ita
676 953 806 1028 scripsit:
852 951 950 1022 Quid?
973 970 1038 1011 ora-

74 1045 175 1101 torum
197 1060 286 1116 quem
307 1041 375 1100 huic
389 1043 549 1115 antepones
564 1060 678 1114 eorum,
701 1041 753 1116 qui
775 1041 850 1099 nihil
872 1041 954 1099 aliud
972 1059 1039 1116 ege-

73 1128 167 1187 runt?
182 1130 249 1204 quis
263 1129 417 1188 sententiis
431 1131 484 1187 aut
497 1130 611 1188 acutior
625 1132 678 1188 aut
691 1128 840 1189 crebrior?
859 1130 925 1205 quis
939 1129 1038 1189 verbis

74 1221 129 1276 aut
144 1217 275 1275 ornatior
288 1220 341 1275 aut
355 1217 539 1293 elegantior?
571 1217 671 1276 Genus
686 1218 870 1292 eloquentiae
884 1217 1038 1276 dumtaxat

74 1307 249 1364 adulescens
271 1306 367 1363 adhuc
390 1303 542 1364 Strabonis
557 1303 691 1364 Caesaris
710 1309 827 1364 secutus
850 1306 968 1364 ridetur
987 1336 1038 1364 -.
1107 1380 1110 1387 Ι

144 1393 261 1468 Quintil.
275 1395 349 1452 Iasi.
366 1391 414 1452 Or.
430 1393 478 1460 X..
494 1397 522 1467 1,
539 1395 610 1452 114.
652 1391 683 1452 C.
708 1392 817 1453 Caesar
839 1394 865 1452 si
887 1393 951 1453 foro
973 1395 1040 1452 tan·

76 1493 143 1540 tum
170 1484 317 1555 vacasset,
349 1498 408 1539 non
435 1482 511 1540 alius
539 1500 575 1540 ex
601 1482 710 1541 nostris
737 1485 840 1544 contm
868 1480 1040 1541 Ciceronem

78 1571 288 1629 nominaretur.
335 1569 431 1626 Tanta
452 1570 484 1627 in
507 1586 541 1628 eo
559 1569 605 1628 vis
628 1572 687 1642 est,
709 1569 741 1627 id
754 1588 890 1643 acumen,
914 1588 949 1629 ea
972 1588 1040 1629 cou-

77 1659 194 1732 citatio,
225 1660 260 1716 ut
286 1658 371 1714 illum
399 1657 503 1715 eodem
533 1657 631 1714 animo
662 1657 785 1729 dixisse,
817 1676 875 1733 quo
907 1659 1039 1729 bellavit,

76 1747 227 1821 appareat.
276 1745 408 1803 Exornat
434 1747 535 1803 tamen
561 1746 634 1804 haec
660 1746 759 1803 omnia
785 1745 861 1803 mira
888 1746 1041 1818 sermonis,

77 1836 162 1894 cuius
184 1834 302 1909 proprie
325 1834 474 1891 studiosus
496 1833 567 1906 fuit,
590 1833 746 1907 elegantia.
765 1862 806 1873 -
832 1834 860 1907 2,
876 1835 926 1892 25.
963 1831 1042 1902 Quid
1068 1887 1069 1890 ,

80 1954 121 1963 -
145 1924 265 1981 noceret
294 1923 356 1980 rim
388 1919 521 1980 Caesaris
546 1951 586 1961 -
616 1920 793 1996 quibusdam
823 1920 856 1979 in
886 1920 958 1989 locis
990 1921 1042 1979 ad·

77 2009 216 2070 sumere?
262 2001 320 2088 (cf.
336 2008 414 2076 XII,
430 2013 480 2082 10,
496 2002 560 2089 11.)
622 2004 629 2017 '

147 2099 214 2158 Tac.
225 2099 259 2158 dc
269 2096 348 2157 Orat
361 2100 410 2155 21.
420 2099 492 2156 med.
515 2096 612 2172 Aper:
628 2094 828 2156 Concedamus
842 2114 913 2155 sane
928 2094 959 2155 C.
970 2095 1042 2155 Cae·

78 2187 154 2260 sari,
177 2189 212 2245 ut
233 2188 354 2261 propter
375 2187 610 2262 magnitudinem
633 2186 845 2260 cogitationum
868 2188 898 2244 et
921 2203 1042 2260 occupa-

55 2309 61 2322 ·
78 2277 175 2334 tiones
188 2293 289 2334 rerum
302 2275 399 2332 mirms
421 2275 453 2332 in
467 2274 635 2350 eloquentia
649 2274 786 2346 effecerit,
805 2291 895 2349 quam
909 2273 1043 2332 divinum

78 2365 143 2423 aius
152 2363 305 2438 ingenium
313 2364 483 2437 postulabat
493 2393 544 2420 —.
555 2393 596 2402 -
611 2363 740 2421 25.mcd.
753 2362 901 2420 Messala:
911 2391 952 2400 —
963 2361 1044 2436 apud

79 2469 133 2510 nos
158 2450 259 2510 Cicero
283 2450 403 2525 quidem
424 2452 537 2509 ceteros
554 2449 714 2508 eonmdem
735 2452 902 2523 temporum
915 2448 1042 2507 disertos
1150 2488 1153 2493 -

80 2539 253 2610 antecessit,
278 2536 386 2597 Calvus
408 2540 508 2596 autem
531 2540 562 2596 et
583 2536 706 2595 Asinius
729 2539 759 2596 et
782 2534 891 2595 Caesar
918 2539 949 2595 et
972 2534 1043 2595 Cae-

80 2629 138 2685 lius
171 2629 202 2685 et
228 2625 339 2684 Brutus
367 2644 421 2685 suo
451 2627 516 2684 iure
548 2627 579 2685 et
609 2625 756 2700 prioribus
788 2626 819 2684 et
850 2624 1043 2700 sequentibus

80 2716 309 2796 anteponuntur.
353 2713 416 2773 Nec
438 2713 543 2786 refert,
570 2712 650 2788 quod
675 2714 754 2771 inter
777 2730 808 2770 se
838 2712 934 2787 specie
960 2712 1043 2771 diffe-

80 2805 161 2874 rant,
184 2819 252 2860 cum
273 2820 381 2876 genere
395 2801 592 2860 consentiant:
615 2800 785 2858 adstrictior
799 2797 920 2871 Calvus,
942 2818 1044 2859 nume·

79 2889 176 2948 rosior
197 2888 333 2963 Asinius,
356 2888 536 2964 splendidior
550 2886 671 2960 Caesar,
694 2887 823 2945 amarior
837 2885 963 2959 Caelius,
977 2904 1044 2961 gra

80 2979 146 3037 rior
159 2976 285 3050 Brutus,
307 2976 510 3035 uehementior
532 2978 563 3034 et
583 2976 699 3050 plenior
714 2977 745 3034 et
766 2975 913 3034 valentior
927 2972 1044 3048 Cicero;

78 3084 181 3125 omnes
204 3067 304 3123 tamen
328 3065 451 3124 eandem
474 3064 633 3122 sanitatem
656 3063 839 3138 eloquentiae
862 3063 975 3135 ferunt,
1000 3064 1045 3135 ut,

80 3155 107 3212 si
138 3154 269 3212 omnium
295 3153 408 3228 pariter
434 3153 526 3210 libros
556 3152 588 3209 in
611 3169 731 3210 manum
754 3152 928 3225 sumpseris,
960 3152 1044 3224 scias,

79 3243 216 3316 quamvis
239 3242 271 3299 in
293 3241 418 3300 diversis
444 3240 586 3316 ingeniis,
615 3239 851 3315 assequendam
881 3239 983 3298 iudicii
1010 3257 1045 3298 ac

80 3330 243 3388 voluntatis
266 3329 491 3388 similitudinem
514 3330 545 3387 et
566 3327 780 3403 cognationem.
804 3358 845 3368 —
870 3329 906 3388 ab
920 3328 992 3387 Ero.
1004 3327 1046 3384 D.

80 3416 157 3491 Aac.
182 3418 280 3485 XIII,
305 3421 333 3478 3.
379 3448 420 3459 -
444 3417 571 3476 dictator
594 3414 703 3475 Caesar
731 3415 854 3475 summis
878 3416 1052 3485 oratoribus

78 3506 214 3564 aemulus
238 3535 290 3565 -.
