2356 3870
130 217 174 283 36
376 220 522 276 BELLUM
536 219 839 277 Atuxaubttlttuit.

98 381 112 428 1
196 371 311 432 Lllllll.
357 371 431 432 Cum
453 372 512 432 iter
534 370 635 433 Cassio
663 372 844 450 patefactum
874 379 968 441 esset,
999 380 1097 433 eastra

131 457 291 519 Marcellus
313 475 382 516 cum
396 454 510 534 Lepido
533 457 699 533 coniungit.
743 455 875 534 Lepidus
897 455 1003 516 eodem
1019 463 1097 517 tem·

132 560 205 620 pore
228 541 445 618 Marcellusque
467 538 637 600 Cordubam
658 557 727 601 cum
750 543 828 609 suis,
857 540 977 601 Cassius
1003 542 1096 618 profi·

95 633 111 680 2
133 629 257 687 ciscitur
279 626 465 686 Carmonem.
510 623 573 685 Sub
596 622 675 684 idem
697 632 816 702 tempus
831 623 1002 685 Trebonius
1025 643 1095 704 pro·

132 711 238 771 consul
261 710 297 770 ad
319 710 507 789 provinciam
529 708 723 787 optinendam
744 709 836 769 venit.
881 706 923 768 De
940 710 1029 769 cuius
1045 709 1095 768 ad·

131 803 222 856 ventu
244 802 278 854 ut
305 795 444 870 cognorit
467 793 602 861 Cassius,
630 792 780 869 legiones,
808 809 882 871 quas
910 810 1015 853 secum
1043 793 1095 853 ha·

131 879 248 949 buerat,
272 881 497 959 equitatumque
512 877 544 935 in
559 874 687 937 hiberna
710 875 885 944 distribuit;
909 879 975 956 ipse
997 879 1094 938 omni·

30 969 33 974 '
131 963 189 1023 bus
211 965 273 1023 suis
301 962 394 1023 rebus
423 960 566 1022 celeriter
596 962 746 1038 correptis
768 960 912 1021 Malacam
938 961 1094 1022 contendit

131 1047 236 1126 ibique
258 1045 381 1106 adverso
402 1052 538 1123 ternpore
561 1043 721 1122 navigandi
744 1046 828 1106 navis
850 1044 1037 1115 conscendit,
1060 1052 1094 1105 ut

132 1129 405 1210 ipsepraedioabat,
428 1147 466 1188 ne
489 1145 520 1188 se
543 1127 656 1207 Lepido
680 1135 710 1189 et
731 1128 884 1189 Trebonio
907 1128 1094 1190 etllaroello

130 1217 349 1282 committerot;
378 1220 412 1273 ut
439 1213 528 1273 amici
550 1214 616 1272 eius
639 1211 834 1282 dictitabant,
869 1230 907 1274 ue
941 1231 996 1292 per
1029 1232 1094 1275 earn

131 1300 318 1378 provinciam
340 1300 457 1357 minore
479 1313 547 1355 curn
576 1296 721 1374 dignitate
748 1299 808 1356 iter
841 1298 972 1366 iaceret,
1006 1300 1094 1358 cuius

110 1400 239 1460 magna
261 1399 330 1461 pars
352 1379 389 1440 ab
413 1399 449 1441 eo
478 1379 644 1447 deiecerat:
677 1387 712 1440 ut
743 1383 838 1441 ceteri
870 1381 1093 1450 existimabant,

131 1483 169 1526 nc
191 1465 320 1544 pecunia
342 1464 394 1524 illa
416 1481 452 1523 ex
475 1464 601 1524 infinitis
622 1464 738 1542 rapinis
759 1465 898 1526 conlecta
913 1468 945 1526 11
955 1474 1092 1546 potesta-

94 1550 111 1598 3
131 1556 192 1611 tem
208 1552 384 1628 cuiusquam
398 1549 525 1609 reniret.
568 1547 750 1625 Progressus
768 1548 900 1611 secunda
914 1555 949 1610 ut
964 1548 1094 1612 hiberna

129 1641 307 1714 tempestate
344 1650 413 1694 curn
442 1633 474 1693 11
501 1629 648 1693 lliberum
680 1630 793 1695 llumen
824 1635 923 1694 noctis
955 1635 1094 1696 vitandae

129 1737 219 1780 causa
241 1736 274 1781 se
295 1717 487 1785 contulisset,
515 1715 585 1776 inde
614 1715 705 1796 paulo
732 1716 956 1790 vehementiore
977 1726 1093 1797 tempe-

128 1810 216 1871 state,
239 1802 335 1863 uihilo
357 1801 558 1882 periculosius
581 1818 612 1860 se
634 1802 844 1878 navigaturum
860 1801 997 1872 credens,
1021 1820 1093 1881 pro·

129 1888 246 1957 iectus,
275 1887 407 1947 adversis
428 1883 570 1945 tluctibus
592 1884 823 1946 occurrentibus
845 1887 930 1947 ostio·
945 1885 1091 1957 lluminis,

131 1972 260 2050 idipsis
283 1969 437 2038 faucibus,
469 1985 537 2029 oum
564 1985 663 2047 neque
690 1967 812 2029 tleotere
840 1972 939 2029 navim
966 1978 1093 2049 propter

130 2058 191 2115 vim
218 2055 352 2115 lluminis
380 2070 477 2131 neque
504 2052 651 2112 directam
679 2053 772 2112 tantis
803 2052 948 2114 ductibus
984 2060 1092 2115 tenere

129 2146 247 2218 posset,
271 2137 408 2198 demersa
431 2154 504 2196 nave
526 2137 628 2214 periit.

94 2227 108 2276 1
193 2221 276 2282 LXV.
321 2220 393 2281 Cum
416 2222 447 2280 in
470 2218 588 2297 Syriam
610 2218 777 2298 Caesar-ex
798 2221 930 2301 Aegypto
956 2223 1092 2284 venisset

129 2315 219 2386 atque
242 2305 279 2366 ab
303 2307 356 2374 iis,
379 2307 431 2382 qui
453 2303 545 2364 Roma
567 2312 711 2364 venerant
733 2304 770 2365 ad
792 2323 870 2375 eum,
893 2317 1093 2385 cognosceret

128 2391 299 2469 litterisque
321 2387 446 2449 urbanis
468 2387 733 2459 animadverteret,
763 2390 856 2451 marlta
878 2390 990 2452 Romae
1011 2392 1092 2453 male

104 2484 160 2538 ‘et
182 2473 332 2536 inutiliter
354 2472 561 2534 administrari
590 2490 688 2553 neque
715 2472 809 2534 ullam
835 2483 952 2553 partem
986 2479 1091 2556 reipu-

129 2559 228 2621 blicae
251 2560 324 2618 satis
337 2557 492 2619 commode
513 2559 590 2636 geri,
613 2557 693 2637 quod
715 2565 746 2619 et
767 2558 1013 2620 contentionibus
1035 2563 1091 2622 tri·

130 2642 263 2704 huniciis
285 2644 475 2721 perniciosae
497 2641 663 2702 seditiones
685 2649 856 2713 orerentur,
880 2653 911 2704 et
925 2643 1091 2707 ambitione

128 2736 218 2808 atqua
241 2726 430 2804 indulgentia
452 2724 644 2786 tribunorum
668 2726 798 2786 militum
825 2734 855 2788 et
882 2730 934 2807 qui
961 2730 1090 2806 legioni-

129 2812 186 2873 bus
207 2817 368 2891 praeerant
388 2810 483 2872 multa
506 2816 611 2872 contra
638 2828 754 2870 morem
782 2812 1090 2892 consuetudinemque

128 2897 290 2959 militarem
311 2896 429 2966 tierent,
452 2912 528 2975 quae
551 2893 760 2955 dissolvendae
781 2894 960 2974 disciplinae
976 2900 1090 2958 severi-

63 3048 72 3063 ,
128 2984 257 3059 tatisque
280 2987 398 3049 essent,
426 2995 520 3058 eaque
542 2980 641 3039 omnia
664 2978 797 3055 flagitare
819 2979 978 3042 adrentum
1000 2999 1090 3043 suum

127 3064 259 3133 rideret,
281 3070 382 3125 tamen
403 3062 635 3142 praeterendum
657 3064 846 3134 existimavit,
870 3065 996 3145 quasin
1017 3083 1090 3144 pro-

128 3150 243 3210 vincias
263 3148 462 3227 regionesque
490 3149 638 3216 venisset,
667 3165 717 3209 eas
744 3147 784 3208 ita
811 3149 985 3228 relinquere
1014 3168 1089 3212 oon·

127 3236 261 3302 stitutas,
285 3240 318 3292 ut
340 3231 514 3293 domesticis
530 3231 770 3293 dissensionibus
785 3231 997 3302 liberarentur,
1021 3235 1089 3296 iura

129 3318 269 3397 legesque
292 3318 475 3394 acciperent,
499 3322 693 3377 externorum
714 3317 846 3379 hostium
868 3326 980 3380 metum
996 3318 1089 3399 depo-

90 3409 244 3462 anerent.
288 3399 369 3462 llaee
391 3402 422 3462 in
445 3401 546 3479 Syria,
570 3400 683 3470 Cilicia,
705 3401 776 3462 Asia
799 3402 938 3463 1111111111
960 3421 992 3464 se
1015 3422 1089 3466 eon·

118 3487 277 3548 secturam
292 3483 446 3567 sperabat,
469 3484 550 3565 quod
564 3484 620 3546 bae
635 3486 808 3564 provinciae
823 3486 907 3548 nullo
922 3486 1002 3549 bello
1017 3506 1089 3567 pre-
