2356 3870
129 202 151 266 8
374 205 522 262 BELLUM
542 204 846 267 Afflxlunuiuuu.

130 374 199 418 cere
221 372 312 417 naves
334 356 565 434 accuratiusque
587 355 658 417 huic
680 358 726 417 rei
747 355 868 416 studere
890 363 980 436 atquo
995 357 1098 417 inser·

92 451 109 499 3
129 442 193 501 vire
216 441 425 501 instituerunt.
469 439 510 500 dc
533 442 653 500 tametsi
676 440 804 517 amplius
826 451 871 500 cx
884 439 1012 501 naribus
1026 440 1095 501 lon·

129 527 186 603 gis,
198 526 231 585 in
252 531 343 602 portu
358 521 573 601 navalibusque
588 526 764 593 amiserant,
787 531 887 584 tamen
908 524 1096 603 reparandae

94 609 236 669 celassis
259 609 472 685 cogitationem
494 623 556 668 nou
578 606 791 685 deposuerunt.
836 606 982 669 Videbunt
1000 610 1113 685 euim„

131 710 192 752 non
214 692 323 753 auxilia
347 690 482 760 Caesari,
505 708 567 752 non
589 699 773 752 commeatus
794 690 968 771 subportari
993 710 1096 772 posse,

130 778 156 836 si
180 774 276 836 classe
298 778 359 854 ipsi
380 775 531 843 valerent;
553 783 710 854 praeterea
733 777 848 837 nautici
875 775 1013 836 homines
1042 792 1095 837 ur·

130 859 232 922 biset
260 860 395 937 regionis
422 860 591 920 maritimae
619 858 829 939 cotidianoque
856 878 913 920 usu
945 879 962 921 a
988 861 1098 939 pueris

131 944 290 1005 exercitati
300 942 337 1005 ad
350 943 486 1003 naturale
498 961 533 1004 ao
545 943 744 1004 domesticum
756 943 868 1004 bonurn
883 946 1024 1022 reingere
1040 960 1095 1004 ou·

130 1026 253 1107 piebant
265 1033 306 1096 et,
321 1034 464 1105 quantum
476 1025 608 1104 parvulis
620 1029 746 1105 navigiis
757 1028 966 1107 proiecissent,
980 1029 1097 1088 sentic-

130 1110 212 1171 bant:
228 1113 329 1189 itaque
340 1110 738 1191 omnistudioadparandam
745 1113 871 1173 classem
878 1111 1100 1173 incubuerunt.

95 1209 109 1256 1
194 1192 272 1254 lllll.
315 1194 410 1254 Erant
433 1193 574 1255 omnibus
595 1196 682 1256 ostiis
703 1194 764 1256 Nili
786 1195 941 1257 custodiae
969 1196 1095 1272 exigen-

131 1277 163 1338 di
184 1279 314 1356 portorii
341 1295 430 1338 causa
460 1278 637 1354 dispositam
671 1296 761 1338 naves
792 1286 911 1338 veteres
944 1285 1031 1336 erant
1062 1279 1097 1336 in

132 1361 260 1421 occultis
281 1363 383 1436 regiae
406 1359 578 1427 navalibus,
608 1359 720 1438 quibus
741 1360 844 1418 multis
866 1361 953 1419 annis
980 1358 1018 1418 ad
1040 1376 1095 1419 na·

132 1442 292 1522 rigandum
314 1460 375 1503 non
398 1451 483 1503 erant
506 1445 569 1510 usi3
593 1441 646 1502 bas
668 1441 860 1511 reficiebant,
884 1441 952 1502 illas
965 1442 1096 1503 Alexan·

94 1543 111 1591 a
133 1527 228 1588 driam
251 1525 466 1588 revocabant..
487 1524 619 1586 Deerant
639 1528 732 1586 remi:
755 1528 906 1604 porticus,
929 1527 1095 1604 gymnasia,

132 1610 254 1690 publiea
282 1610 418 1672 aedilicia
446 1608 642 1686 detegebant,
677 1627 793 1670 asseres
825 1627 979 1670 remorum
1006 1628 1095 1671 usum

132 1694 325 1763 obtinebant,
349 1693 431 1755 aliud
454 1692 601 1755 naturalis
622 1692 772 1762 sollertia,
796 1692 877 1754 aliud
898 1692 985 1753 urbis
1006 1695 1097 1772 eopia

95 1777 390 1841 asubminisrrabat.
447 1778 603 1839 Postremo
636 1795 698 1838 non
725 1776 845 1854 longam
873 1779 1098 1854 navigationem

132 1861 293 1941 parabant,
316 1862 369 1923 sed
390 1864 560 1940 praesentis
571 1863 719 1939 temporis
731 1863 906 1921 necessitati
921 1860 1095 1922 serviebant

95 1961 113 2009 4
132 1954 163 2007 et
185 1948 217 2006 in
239 1949 305 2024 ipso
327 1953 417 2023 portu
440 1944 660 2022 confligendum
676 1942 826 2005 videbant.
857 1944 972 2023 ,ltaque
988 1947 1100 2024 paucis

133 2029 239 2090 diebus
247 2036 352 2089 contra
359 2031 493 2090 omniurn
501 2031 674 2115 opinionem
681 2027 889 2107 quadriremes
904 2031 1097 2109 xx11,quin·

132 2113 543 2192 queremesvoonieoerunt;
567 2113 603 2173 ad
614 2112 668 2173 has
679 2115 815 2173 minores
827 2120 1004 2191 apertasque
1012 2131 1099 2173 com·

132 2195 236 2275 plures
259 2195 449 2266 adiecerunt,
472 2205 503 2258 et
524 2199 556 2256 in
571 2203 662 2275 portu
676 2195 840 2275 periclitati
854 2198 997 2274 remigio,
1021 2197 1099 2276 quid

133 2297 268 2360 quaeque
291 2296 396 2340 earum
418 2280 540 2342 ellicere
562 2289 678 2359 posset,
709 2280 835 2341 idoneos
863 2281 976 2342 milites
997 2282 1099 2360 impo-

133 2370 258 2424 suerunt
280 2382 372 2443 seque
395 2364 432 2424 ad
455 2365 676 2442 confligendum
699 2363 839 2425 omnibus
860 2363 953 2425 rebus
970 2383 1097 2444 parare·

93 2462 110 2512 a
132 2457 214 2509 runt.
239 2448 348 2509 Caesar
371 2447 501 2509 Rhodias
522 2467 613 2509 naves
634 2461 712 2508 V1111
734 2447 866 2510 habebat
886 2482 930 2493 —
951 2467 1020 2510 narn
1042 2449 1099 2510 de·

132 2551 198 2592 cem
220 2535 322 2593 missis
344 2549 404 2593 una
432 2534 464 2592 in
494 2551 595 2593 eursu·
616 2531 737 2612 [litore]
767 2535 912 2612 Aegyptio
941 2532 1103 2594 deiecerat

87 2678 89 2683 ,
133 2648 185 2685 -,
208 2615 348 2676 Ponticas
375 2629 457 2685 vin,
490 2616 597 2693 Lycias
624 2631 663 2686 v,
697 2633 742 2676 eu¹
760 2617 829 2677 Asia
856 2629 918 2676 XII.
972 2616 1018 2677 llx
1046 2616 1103 2677 bis

134 2707 221 2760 erant
242 2702 477 2779 quinqueremes
499 2708 529 2760 et
552 2700 761 2779 quadriremes
784 2714 825 2769 x,
855 2700 991 2779 reliquae
1013 2701 1098 2761 inira

95 2783 209 2847 abano
231 2783 470 2861 magnitudinem
493 2791 523 2844 et
545 2785 707 2862 pleraeque
730 2792 863 2862 apertae.
907 2784 1019 2845 Tamen
1034 2784 1100 2843 vir·

132 2874 195 2928 tute
218 2866 347 2928 militum
370 2869 502 2929 conlisus
523 2870 653 2946 cognitis
665 2867 796 2928 hostiurn
818 2869 915 2948 copiis
937 2886 969 2928 se
991 2867 1028 2928 ad
1049 2866 1102 2928 di·

131 2950 305 3012 micandum
326 2951 459 3029 parabat.

95 3052 109 3099 1
193 3034 286 3095 Xllll.
330 3036 489 3114 Postquam
512 3053 548 3096 eo
575 3045 695 3097 ventum
719 3043 778 3106 est,
811 3043 845 3097 ut
877 3034 939 3096 sibi
967 3042 1101 3114 uterque

130 3119 310 3186 confideret,
334 3118 441 3180 Caesar
463 3119 582 3180 Pharon
603 3120 692 3181 classi
722 3120 961 3181 circumvehitur
990 3119 1101 3180 adver·

130 3220 239 3281 sasque
261 3219 352 3262 naves
374 3203 513 3263 hostibus
529 3207 709 3273 constituit:
734 3206 765 3265 in
788 3203 892 3264 dextro
908 3220 1003 3264 cornu
1014 3201 1100 3265 Rho·

131 3285 196 3345 dias
218 3285 359 3354 collocat,
384 3290 415 3347 in
438 3289 562 3347 sinistro
582 3287 733 3349 Ponticas.
785 3286 868 3348 luter
889 3286 943 3347 bas
965 3289 1100 3365 spatium

130 3380 216 3430 cccc
238 3387 380 3447 passuum
403 3371 566 3450 relinquit,
597 3371 676 3451 quod
698 3373 770 3433 satis
793 3389 857 3432 esse
880 3370 917 3431 ad
940 3370 1101 3449 explican-

88 3463 109 3513 a
130 3452 183 3513 das
202 3471 294 3515 naves
316 3453 485 3517 videbatur.
529 3455 600 3517 Post
622 3456 702 3517 buno
725 3454 864 3516 ordinem
885 3453 1020 3543 reliquas
1041 3474 1101 3518 na·
