2356 3870
317 207 417 265 colui.
433 207 485 264 vu.
501 208 571 264 CAP.
587 208 824 265 Lllllll-LXVlll.
995 214 1054 273 157

93 373 182 436 modo
198 380 283 434 extra
298 389 404 450 agmen
419 372 533 442 audeat,
552 370 611 452 [et]
629 374 711 451 ipsos
731 371 851 448 quidem
870 389 930 432 non
945 371 1056 433 debere

93 457 240 519 dubitare.
276 456 309 516 ld
325 473 383 534 quo
398 458 510 517 maiore
525 457 634 516 iaciant
654 457 766 525 animo,
790 457 890 535 copias
905 474 937 517 se
952 474 1055 517 omnes

93 559 148 622 pro
164 540 273 602 castris
287 538 458 601 habiturum
474 548 504 600 et
523 541 634 600 terrori
648 539 783 600 hostibus
803 542 947 601 futurum.
979 541 1055 601 (lon-
1072 549 1088 598 7

94 624 225 687 clamant
238 625 364 702 equites,
380 625 565 685 sanctissimo
580 624 772 684 iureiurando
785 625 953 685 confirmari
966 643 1054 703 opor·

93 716 168 779 tere,
182 725 225 770 ne
238 714 318 768 tecto
333 709 502 787 recipiatur,
519 726 557 768 ne
568 709 604 768 ad
619 707 739 775 liberos,
755 727 792 768 ne
804 708 840 769 ad
855 718 1003 787 parentes,
1020 709 1056 769 ad

93 810 222 854 uxorem
242 791 354 853 aditum
375 791 494 861 babeat,
517 793 649 868 quinon
671 791 716 851 bis
736 810 791 871 per
806 809 911 870 agmen
927 791 1057 853 bostium

92 876 322 957 perequitasset

154 959 269 1021 LXVII.
296 958 423 1020 Probata
434 976 468 1018 re
479 966 568 1035 atque
580 958 717 1018 omnibus
732 960 924 1021 iureiurando
938 961 1056 1029 adactis,
1074 967 1088 1019 1

92 1052 216 1125 postero
232 1042 280 1103 die
290 1044 321 1103 in
333 1050 395 1103 tres
405 1050 506 1122 partes
520 1042 677 1102 distributo
693 1044 825 1119 equitatu
840 1042 916 1105 duae
931 1063 964 1106 se
979 1047 1057 1106 acies

91 1129 128 1190 ab
144 1125 265 1189 duobus
279 1125 422 1188 lateribus
444 1125 618 1194 ostendunt,
642 1145 701 1187 una
721 1129 850 1206 aprime
870 1132 986 1205 agmine
1000 1131 1058 1190 iter

92 1211 242 1292 impedire
263 1213 370 1288 coepit.
408 1210 472 1281 Qua
497 1228 531 1270 re
550 1212 686 1271 nuntiata
703 1212 811 1272 Caesar
830 1230 918 1273 suum
940 1221 1090 1291 quoquez

94 1297 261 1374 equitatum
276 1295 425 1374 tripertito
440 1294 565 1355 divisum
581 1301 684 1354 contra
698 1293 816 1355 hostem
830 1298 876 1356 ire
890 1297 982 1358 iubet.
999 1298 1057 1357 Pu·

93 1386 204 1458 gnatus
218 1396 279 1440 una
292 1378 432 1439 omnibus
445 1380 476 1438 in
491 1378 637 1457 partibus.
669 1378 808 1440 Consistit
822 1397 942 1458 agmen:
965 1384 1058 1460 impe·
1075 1387 1092 1439 ³

94 1464 227 1526 dmenta
239 1465 319 1523 inter
333 1462 465 1540 legiones
479 1465 674 1541 recipiuntur.
698 1464 730 1524 Si
745 1482 803 1541 qua
817 1466 849 1524 in
863 1473 949 1544 parte
963 1466 1060 1535 nostri
1074 1472 1091 1520 ⁴

94 1547 233 1610 laborare
252 1553 304 1608 aut
321 1549 441 1624 gravius
460 1548 557 1625 premi
577 1546 768 1618 videbantur,
796 1566 831 1607 eo
852 1551 935 1625 signa
954 1550 1060 1611 inferri

95 1632 205 1694 Caesar
219 1632 372 1708 aciemque
388 1633 527 1692 constitui
541 1631 677 1698 iubebat;
701 1648 776 1708 qnae
791 1649 841 1692 res
863 1639 893 1691 et
907 1631 1009 1693 bostes
1024 1631 1061 1694 ad

95 1714 315 1792 insequendum
329 1714 466 1776 tardabat
481 1724 511 1776 et
524 1723 644 1776 nostros
658 1733 712 1794 spe
733 1714 835 1776 auxilii
856 1715 1058 1777 confirmabat.

95 1798 229 1860 l'andem
244 1798 385 1860 Germani
405 1800 442 1859 ab
457 1799 562 1860 dextro
578 1799 671 1860 latere
686 1818 836 1860 summum
849 1801 951 1877 iugum
963 1801 1094 1861 nanctis

96 1880 198 1944 bostos
212 1881 278 1943 loco
290 1883 457 1962 depellunt;
473 1885 620 1961 fugientes
632 1884 774 1961 usquead
789 1883 910 1953 llumen,
928 1880 1059 1945 ubiVer·

97 1967 263 2044 cingetorix
279 1984 347 2028 cum
362 1967 552 2046 pedestribus
567 1970 660 2047 copiis
672 1968 857 2038 consederat,
874 1986 1061 2046 persequun-

98 2058 147 2111 tur
161 2050 384 2126 conpluresque
405 2053 595 2112 interficiunt.
633 2053 696 2123 Qua
716 2071 750 2113 re
773 2053 975 2115 animadversa
991 2053 1094 2115 reli-d

97 2137 161 2216 qui,
173 2155 214 2198 ne
225 2137 465 2208 circumirentur,
479 2141 569 2199 veriti
586 2157 617 2198 se
637 2140 722 2216 lagae
737 2138 887 2199 mandant.
911 2138 1055 2199 Omnibus

98 2218 171 2280 locis
185 2221 219 2280 lit
232 2220 349 2282 caedes.
372 2221 447 2282 Tres
461 2222 637 2283 nobilissimi
648 2221 741 2283 Aedui
756 2224 834 2303 capti
849 2222 885 2282 ad
900 2223 1083 2283 Caesarem?

98 2303 313 2381 perducuntur:
335 2306 436 2375 (lotus,
458 2307 624 2384 praelectam
646 2308 789 2385 equitum,
817 2307 867 2384 qui
887 2315 1056 2366 controver-

97 2388 170 2448 siam
181 2404 250 2447 cum
257 2388 477 2450 Convictolitavi
489 2393 640 2468 proxumis
651 2391 778 2450 comitiis
792 2388 944 2459 habuerat,
962 2397 991 2448 et
1002 2391 1055 2451 Ca-

96 2481 226 2551 uarillus,
249 2484 300 2560 qui
314 2493 384 2562 post
397 2482 595 2543 deiectionem
609 2483 748 2544 Litavicci
762 2483 952 2562 pedestribus
967 2484 1060 2561 copiis

95 2567 282 2646 praefuerat,
299 2574 329 2628 et
342 2566 542 2645 Eporedorix,
564 2583 623 2644 qno
644 2568 719 2628 duce
734 2575 803 2628 ante
814 2567 973 2629 adventum
989 2567 1060 2629 Cae·

95 2652 170 2711 saris
184 2649 281 2712 Aedui
295 2669 363 2713 cum
379 2651 524 2728 Sequanis
538 2650 616 2711 bello
632 2651 854 2713 centenderant.
1152 2712 1158 2717 .

158 2733 285 2796 vaffl.
316 2735 430 2812 Fugato
446 2737 528 2796 omni
543 2737 689 2814 equitatu,
711 2738 936 2814 Vercingetorix
952 2739 1061 2816 copias,
1078 2743 1092 2793 1

96 2824 129 2878 ut
142 2835 200 2898 pro
215 2820 321 2880 castris
337 2819 552 2887 conlocarerat‚
568 2819 687 2880 reduxit
706 2821 902 2899 protinusque
923 2819 1061 2888 blesiam,

96 2901 175 2980 quod
192 2909 239 2964 est
254 2903 398 2983 oppidum
407 2903 644 2970 Mandubiorum,
661 2906 718 2963 iter
729 2904 829 2963 iacere
844 2905 942 2982 coepit
957 2903 1063 2964 celeri·

96 2993 203 3065 terque
223 2987 435 3066 impedimenta
458 3007 494 3048 ex
515 2989 619 3048 castris
641 2986 726 3047 educi
752 2994 782 3047 et
797 3005 829 3047 se
845 2987 987 3066 subsequi
1001 2989 1062 3050 ius·

98 3071 141 3131 stt
180 3069 291 3132 Caesar
309 3071 520 3150 inpedimentis
539 3075 569 3132 in
589 3090 770 3150 proxumum
792 3071 898 3133 collem
919 3072 1062 3144 deductis,
1079 3079 1095 3128 ²

97 3152 213 3216 duabus
228 3153 396 3233 legionibus
408 3156 557 3234 praesidio
572 3156 684 3216 relictis
696 3164 832 3226 secutus
851 3167 994 3235 quantum
1006 3159 1064 3218 diei

97 3246 216 3318 tempus
232 3248 278 3300 est
290 3257 421 3319 passum,
438 3241 556 3301 circiter
573 3239 667 3300 tribus
682 3241 801 3302 milibus
812 3241 943 3304 hostium
959 3261 993 3304 ex
1009 3261 1063 3303 no·

97 3323 218 3384 maimo
240 3325 356 3401 agmine
376 3325 541 3384 interiectis
567 3323 662 3385 altero
688 3325 735 3385 die
761 3326 798 3387 ad
818 3326 946 3387 blesiam
968 3335 1065 3388 castra

97 3405 175 3468 iecit.
208 3406 372 3487 Perspecto
392 3407 477 3470 urbis
497 3411 555 3470 situ
575 3410 803 3488 perterritisque
817 3409 969 3480 hostibus,
986 3410 1096 3488 quode

98 3492 241 3570 aqtdtatu,
259 3508 315 3567 qua
327 3510 466 3553 maxume
476 3500 565 3573 parte
588 3497 741 3560 exercitus
764 3496 978 3567 consuebant.
992 3507 1084 3557 erant
