<?xml version="1.0" encoding="UTF-8"?>
<!DOCTYPE html PUBLIC "-//W3C//DTD XHTML 1.0 Transitional//EN"
    "http://www.w3.org/TR/xhtml1/DTD/xhtml1-transitional.dtd">
<html xmlns="http://www.w3.org/1999/xhtml" xml:lang="en" lang="en">
 <head>
  <title>
</title>
<meta http-equiv="Content-Type" content="text/html;charset=utf-8" />
  <meta name='ocr-system' content='tesseract 3.04.00' />
  <meta name='ocr-capabilities' content='ocr_page ocr_carea ocr_par ocr_line ocrx_word'/>
</head>
<body>
  <div class='ocr_page' id='page_1' title='image "./commentariicuma00caesgoog_0220.png"; bbox 0 0 2356 3870; ppageno 0'>
   <div class='ocr_carea' id='block_1_1' title="bbox 332 239 1027 304">
    <p class='ocr_par' dir='ltr' id='par_1_1' title="bbox 332 239 1027 304">
     <span class='ocr_line' id='line_1_1' title="bbox 332 239 1027 304; baseline -0.006 -6"><span class='ocrx_word' id='word_1_1' title='bbox 332 242 444 298; x_wconf 78' lang='lat' dir='ltr'>COMM.</span> <span class='ocrx_word' id='word_1_2' title='bbox 459 244 481 298; x_wconf 91' lang='lat'>1.</span> <span class='ocrx_word' id='word_1_3' title='bbox 503 241 579 298; x_wconf 83' lang='lat' dir='ltr'>CAP.</span> <span class='ocrx_word' id='word_1_4' title='bbox 593 243 761 300; x_wconf 85' lang='lat' dir='ltr'>XII-XVI.</span> <span class='ocrx_word' id='word_1_5' title='bbox 1007 239 1027 304; x_wconf 80' lang='grc'><strong>9</strong></span> 
     </span>
    </p>
   </div>
   <div class='ocr_carea' id='block_1_2' title="bbox 63 408 1120 3605">
    <p class='ocr_par' dir='ltr' id='par_1_2' title="bbox 67 408 1120 726">
     <span class='ocr_line' id='line_1_2' title="bbox 67 408 1120 507; baseline -0.005 -35"><span class='ocrx_word' id='word_1_6' title='bbox 67 430 128 492; x_wconf 85' lang='lat' dir='ltr'>que</span> <span class='ocrx_word' id='word_1_7' title='bbox 148 410 196 471; x_wconf 90' lang='lat' dir='ltr'>his</span> <span class='ocrx_word' id='word_1_8' title='bbox 217 428 317 507; x_wconf 88' lang='lat' dir='ltr'>equos</span> <span class='ocrx_word' id='word_1_9' title='bbox 328 408 473 469; x_wconf 78' lang='lat' dir='ltr'>adtribuit</span> <span class='ocrx_word' id='word_1_10' title='bbox 493 416 523 469; x_wconf 89' lang='lat' dir='ltr'>et</span> <span class='ocrx_word' id='word_1_11' title='bbox 543 427 575 469; x_wconf 91' lang='lat' dir='ltr'>se</span> <span class='ocrx_word' id='word_1_12' title='bbox 595 411 679 489; x_wconf 87' lang='lat' dir='ltr'>sequi</span> <span class='ocrx_word' id='word_1_13' title='bbox 699 412 802 480; x_wconf 90' lang='lat' dir='ltr'>iussit;</span> <span class='ocrx_word' id='word_1_14' title='bbox 828 428 902 490; x_wconf 87' lang='lat' dir='ltr'>quos</span> <span class='ocrx_word' id='word_1_15' title='bbox 921 418 1052 491; x_wconf 70' lang='lat' dir='ltr'>posteat</span> <span class='ocrx_word' id='word_1_16' title='bbox 1115 441 1120 446; x_wconf 88' lang='lat'><em>·</em></span> 
     </span>
     <span class='ocr_line' id='line_1_3' title="bbox 69 482 1025 578; baseline -0.002 -21"><span class='ocrx_word' id='word_1_17' title='bbox 69 497 200 557; x_wconf 87' lang='lat' dir='ltr'>monitos</span> <span class='ocrx_word' id='word_1_18' title='bbox 215 493 251 554; x_wconf 92' lang='lat' dir='ltr'>ab</span> <span class='ocrx_word' id='word_1_19' title='bbox 273 495 350 578; x_wconf 89' lang='lat' dir='ltr'>suis,</span> <span class='ocrx_word' id='word_1_20' title='bbox 372 493 450 572; x_wconf 92' lang='lat' dir='ltr'>quod</span> <span class='ocrx_word' id='word_1_21' title='bbox 466 511 500 554; x_wconf 88' lang='lat' dir='ltr'>ea</span> <span class='ocrx_word' id='word_1_22' title='bbox 521 498 570 554; x_wconf 82' lang='lat' dir='ltr'>res</span> <span class='ocrx_word' id='word_1_23' title='bbox 585 495 716 576; x_wconf 79' lang='lat' dir='ltr'>omniupr</span> <span class='ocrx_word' id='word_1_24' title='bbox 736 482 848 554; x_wconf 87' lang='lat' dir='ltr'>iudicio</span> <span class='ocrx_word' id='word_1_25' title='bbox 863 495 1025 573; x_wconf 80' lang='lat' dir='ltr'>reprehen-</span> 
     </span>
     <span class='ocr_line' id='line_1_4' title="bbox 71 558 1025 658; baseline -0.002 -17"><span class='ocrx_word' id='word_1_26' title='bbox 71 581 210 652; x_wconf 75' lang='lat' dir='ltr'>debatur,</span> <span class='ocrx_word' id='word_1_27' title='bbox 233 574 344 638; x_wconf 90' lang='lat' dir='ltr'>circum</span> <span class='ocrx_word' id='word_1_28' title='bbox 359 576 487 638; x_wconf 82' lang='lat' dir='ltr'>familias</span> <span class='ocrx_word' id='word_1_29' title='bbox 506 585 668 638; x_wconf 88' lang='lat' dir='ltr'>conventus</span> <span class='ocrx_word' id='word_1_30' title='bbox 683 558 859 658; x_wconf 74' lang='lat' dir='ltr'>Campamae</span> <span class='ocrx_word' id='word_1_31' title='bbox 874 579 1025 640; x_wconf 81' lang='lat' dir='ltr'>custodiae</span> 
     </span>
     <span class='ocr_line' id='line_1_5' title="bbox 70 661 336 726; baseline -0.016 -1"><span class='ocrx_word' id='word_1_32' title='bbox 70 682 159 726; x_wconf 91' lang='lat' dir='ltr'>causa</span> <span class='ocrx_word' id='word_1_33' title='bbox 173 661 336 723; x_wconf 85' lang='lat' dir='ltr'>distribuit.</span> 
     </span>
    </p>

    <p class='ocr_par' dir='ltr' id='par_1_3' title="bbox 67 745 1051 2760">
     <span class='ocr_line' id='line_1_6' title="bbox 133 745 1050 828; baseline -0.004 -20"><span class='ocrx_word' id='word_1_34' title='bbox 133 745 194 808; x_wconf 90' lang='lat' dir='ltr'>XV.</span> <span class='ocrx_word' id='word_1_35' title='bbox 228 749 353 807; x_wconf 82' lang='lat' dir='ltr'>Auximo</span> <span class='ocrx_word' id='word_1_36' title='bbox 374 745 481 806; x_wconf 88' lang='lat' dir='ltr'>Caesar</span> <span class='ocrx_word' id='word_1_37' title='bbox 508 764 684 825; x_wconf 89' lang='lat' dir='ltr'>progressus</span> <span class='ocrx_word' id='word_1_38' title='bbox 709 766 826 807; x_wconf 90' lang='lat' dir='ltr'>omnem</span> <span class='ocrx_word' id='word_1_39' title='bbox 852 765 955 828; x_wconf 89' lang='lat' dir='ltr'>agrum</span> <span class='ocrx_word' id='word_1_40' title='bbox 975 748 1050 808; x_wconf 90' lang='lat' dir='ltr'>Pi·1</span> 
     </span>
     <span class='ocr_line' id='line_1_7' title="bbox 70 829 1025 910; baseline -0.001 -18"><span class='ocrx_word' id='word_1_41' title='bbox 70 847 176 894; x_wconf 90' lang='lat' dir='ltr'>cenum</span> <span class='ocrx_word' id='word_1_42' title='bbox 191 833 352 910; x_wconf 82' lang='lat' dir='ltr'>percurrit.</span> <span class='ocrx_word' id='word_1_43' title='bbox 383 829 511 891; x_wconf 79' lang='lat' dir='ltr'>Cunctae</span> <span class='ocrx_word' id='word_1_44' title='bbox 527 848 630 891; x_wconf 88' lang='lat' dir='ltr'>earum</span> <span class='ocrx_word' id='word_1_45' title='bbox 645 833 800 907; x_wconf 89' lang='lat' dir='ltr'>regionum</span> <span class='ocrx_word' id='word_1_46' title='bbox 819 832 1025 910; x_wconf 69' lang='lat' dir='ltr'>praefecturae</span> 
     </span>
     <span class='ocr_line' id='line_1_8' title="bbox 69 915 1026 995; baseline -0.003 -17"><span class='ocrx_word' id='word_1_47' title='bbox 69 915 276 978; x_wconf 86' lang='lat' dir='ltr'>libentissimis</span> <span class='ocrx_word' id='word_1_48' title='bbox 303 917 410 975; x_wconf 91' lang='lat' dir='ltr'>animis</span> <span class='ocrx_word' id='word_1_49' title='bbox 439 933 507 974; x_wconf 92' lang='lat' dir='ltr'>eum</span> <span class='ocrx_word' id='word_1_50' title='bbox 533 916 685 993; x_wconf 90' lang='lat' dir='ltr'>recipiunt</span> <span class='ocrx_word' id='word_1_51' title='bbox 713 917 935 995; x_wconf 82' lang='lat' dir='ltr'>exercitumque</span> <span class='ocrx_word' id='word_1_52' title='bbox 961 918 1026 975; x_wconf 89' lang='lat' dir='ltr'>eius</span> 
     </span>
     <span class='ocr_line' id='line_1_9' title="bbox 70 997 1051 1079; baseline -0.007 -18"><span class='ocrx_word' id='word_1_53' title='bbox 70 999 208 1061; x_wconf 91' lang='lat' dir='ltr'>omnibus</span> <span class='ocrx_word' id='word_1_54' title='bbox 226 997 321 1059; x_wconf 88' lang='lat' dir='ltr'>rebus</span> <span class='ocrx_word' id='word_1_55' title='bbox 342 1001 453 1059; x_wconf 83' lang='lat' dir='ltr'>iuvant.</span> <span class='ocrx_word' id='word_1_56' title='bbox 493 998 591 1059; x_wconf 85' lang='lat' dir='ltr'>Etiam</span> <span class='ocrx_word' id='word_1_57' title='bbox 617 999 756 1076; x_wconf 88' lang='lat' dir='ltr'>Cingulo,</span> <span class='ocrx_word' id='word_1_58' title='bbox 781 999 860 1079; x_wconf 77' lang='lat' dir='ltr'>qarod</span> <span class='ocrx_word' id='word_1_59' title='bbox 884 997 1051 1078; x_wconf 75' lang='lat' dir='ltr'>oppiduma</span> 
     </span>
     <span class='ocr_line' id='line_1_10' title="bbox 69 1083 1025 1163; baseline -0.002 -18"><span class='ocrx_word' id='word_1_60' title='bbox 69 1083 219 1145; x_wconf 91' lang='lat' dir='ltr'>Labienus</span> <span class='ocrx_word' id='word_1_61' title='bbox 233 1085 428 1144; x_wconf 90' lang='lat' dir='ltr'>constituerat</span> <span class='ocrx_word' id='word_1_62' title='bbox 443 1101 553 1163; x_wconf 88' lang='lat' dir='ltr'>suaque</span> <span class='ocrx_word' id='word_1_63' title='bbox 569 1085 694 1161; x_wconf 91' lang='lat' dir='ltr'>pecunia</span> <span class='ocrx_word' id='word_1_64' title='bbox 711 1083 966 1152; x_wconf 80' lang='lat' dir='ltr'>exaedificaverat,</span> <span class='ocrx_word' id='word_1_65' title='bbox 989 1083 1025 1144; x_wconf 92' lang='lat' dir='ltr'>ad</span> 
     </span>
     <span class='ocr_line' id='line_1_11' title="bbox 70 1162 1024 1247; baseline -0.002 -18"><span class='ocrx_word' id='word_1_66' title='bbox 70 1187 139 1229; x_wconf 91' lang='lat' dir='ltr'>eum</span> <span class='ocrx_word' id='word_1_67' title='bbox 155 1167 244 1246; x_wconf 91' lang='lat' dir='ltr'>legati</span> <span class='ocrx_word' id='word_1_68' title='bbox 259 1170 396 1236; x_wconf 89' lang='lat' dir='ltr'>veniunt,</span> <span class='ocrx_word' id='word_1_69' title='bbox 413 1175 547 1247; x_wconf 79' lang='lat' dir='ltr'>quaeque</span> <span class='ocrx_word' id='word_1_70' title='bbox 562 1169 769 1245; x_wconf 85' lang='lat' dir='ltr'>imperaverit,</span> <span class='ocrx_word' id='word_1_71' title='bbox 786 1187 817 1228; x_wconf 89' lang='lat' dir='ltr'>se</span> <span class='ocrx_word' id='word_1_72' title='bbox 833 1162 1024 1246; x_wconf 84' lang='lat' dir='ltr'>cupidissime</span> 
     </span>
     <span class='ocr_line' id='line_1_12' title="bbox 70 1248 1051 1332; baseline -0.008 -18.901"><span class='ocrx_word' id='word_1_73' title='bbox 70 1252 199 1314; x_wconf 81' lang='lat' dir='ltr'>tacturos</span> <span class='ocrx_word' id='word_1_74' title='bbox 219 1251 407 1332; x_wconf 87' lang='lat' dir='ltr'>pollicentur.</span> <span class='ocrx_word' id='word_1_75' title='bbox 442 1248 552 1311; x_wconf 88' lang='lat' dir='ltr'>Milites</span> <span class='ocrx_word' id='word_1_76' title='bbox 571 1254 713 1330; x_wconf 91' lang='lat' dir='ltr'>imperat:</span> <span class='ocrx_word' id='word_1_77' title='bbox 742 1254 873 1312; x_wconf 91' lang='lat' dir='ltr'>mittunt.</span> <span class='ocrx_word' id='word_1_78' title='bbox 907 1252 1051 1312; x_wconf 81' lang='lat' dir='ltr'>Intereaa</span> 
     </span>
     <span class='ocr_line' id='line_1_13' title="bbox 69 1328 1024 1414; baseline -0.001 -17"><span class='ocrx_word' id='word_1_79' title='bbox 69 1339 147 1414; x_wconf 88' lang='lat' dir='ltr'>legio</span> <span class='ocrx_word' id='word_1_80' title='bbox 162 1349 223 1396; x_wconf 88' lang='lat' dir='ltr'>x11.</span> <span class='ocrx_word' id='word_1_81' title='bbox 240 1337 396 1396; x_wconf 90' lang='lat' dir='ltr'>Caesarem</span> <span class='ocrx_word' id='word_1_82' title='bbox 411 1335 612 1414; x_wconf 80' lang='lat' dir='ltr'>consequitur</span> <span class='ocrx_word' id='word_1_83' title='bbox 648 1335 722 1396; x_wconf 92' lang='lat' dir='ltr'>Cum</span> <span class='ocrx_word' id='word_1_84' title='bbox 741 1337 789 1396; x_wconf 91' lang='lat' dir='ltr'>bis</span> <span class='ocrx_word' id='word_1_85' title='bbox 804 1328 919 1396; x_wconf 88' lang='lat' dir='ltr'>duabus</span> <span class='ocrx_word' id='word_1_86' title='bbox 933 1341 1024 1396; x_wconf 82' lang='lat' dir='ltr'>Ascu-</span> 
     </span>
     <span class='ocr_line' id='line_1_14' title="bbox 68 1409 1026 1518; baseline -0.004 -36"><span class='ocrx_word' id='word_1_87' title='bbox 68 1423 131 1482; x_wconf 93' lang='lat' dir='ltr'>lum</span> <span class='ocrx_word' id='word_1_88' title='bbox 145 1419 286 1481; x_wconf 88' lang='lat' dir='ltr'>Picenum</span> <span class='ocrx_word' id='word_1_89' title='bbox 302 1421 510 1518; x_wconf 54' lang='lat' dir='ltr'>proficiscitur:</span> <span class='ocrx_word' id='word_1_90' title='bbox 532 1419 566 1479; x_wconf 93' lang='lat' dir='ltr'>ld</span> <span class='ocrx_word' id='word_1_91' title='bbox 577 1419 720 1498; x_wconf 91' lang='lat' dir='ltr'>oppidum</span> <span class='ocrx_word' id='word_1_92' title='bbox 730 1409 873 1485; x_wconf 89' lang='lat' dir='ltr'>Lentulus</span> <span class='ocrx_word' id='word_1_93' title='bbox 883 1419 1026 1498; x_wconf 86' lang='lat' dir='ltr'>Spinther</span> 
     </span>
     <span class='ocr_line' id='line_1_15' title="bbox 69 1503 1024 1584; baseline -0.003 -18"><span class='ocrx_word' id='word_1_94' title='bbox 69 1521 94 1566; x_wconf 81' lang='lat' dir='ltr'><strong>x</strong></span> <span class='ocrx_word' id='word_1_95' title='bbox 109 1503 281 1567; x_wconf 88' lang='lat' dir='ltr'>cohortibus</span> <span class='ocrx_word' id='word_1_96' title='bbox 297 1503 436 1573; x_wconf 90' lang='lat' dir='ltr'>tenebat;</span> <span class='ocrx_word' id='word_1_97' title='bbox 457 1506 509 1584; x_wconf 89' lang='lat' dir='ltr'>qui</span> <span class='ocrx_word' id='word_1_98' title='bbox 525 1504 660 1565; x_wconf 88' lang='lat' dir='ltr'>Caesaris</span> <span class='ocrx_word' id='word_1_99' title='bbox 675 1505 802 1566; x_wconf 83' lang='lat' dir='ltr'>adventu</span> <span class='ocrx_word' id='word_1_100' title='bbox 822 1507 940 1582; x_wconf 84' lang='lat' dir='ltr'>cognito</span> <span class='ocrx_word' id='word_1_101' title='bbox 955 1523 1024 1583; x_wconf 94' lang='lat' dir='ltr'>pro·</span> 
     </span>
     <span class='ocr_line' id='line_1_16' title="bbox 68 1588 1026 1668; baseline -0.004 -17"><span class='ocrx_word' id='word_1_102' title='bbox 68 1592 147 1668; x_wconf 84' lang='lat' dir='ltr'>fugit</span> <span class='ocrx_word' id='word_1_103' title='bbox 171 1608 207 1650; x_wconf 84' lang='lat' dir='ltr'>ex</span> <span class='ocrx_word' id='word_1_104' title='bbox 234 1589 343 1668; x_wconf 92' lang='lat' dir='ltr'>oppido</span> <span class='ocrx_word' id='word_1_105' title='bbox 369 1588 474 1648; x_wconf 88' lang='lat' dir='ltr'>cohort</span> <span class='ocrx_word' id='word_1_106' title='bbox 462 1596 566 1666; x_wconf 88' lang='lat' dir='ltr'>tesque</span> <span class='ocrx_word' id='word_1_107' title='bbox 596 1605 696 1647; x_wconf 89' lang='lat' dir='ltr'>secum</span> <span class='ocrx_word' id='word_1_108' title='bbox 724 1588 873 1649; x_wconf 90' lang='lat' dir='ltr'>abducere</span> <span class='ocrx_word' id='word_1_109' title='bbox 901 1594 1026 1649; x_wconf 87' lang='lat' dir='ltr'>conatus</span> 
     </span>
     <span class='ocr_line' id='line_1_17' title="bbox 67 1671 1050 1754; baseline -0.007 -19"><span class='ocrx_word' id='word_1_110' title='bbox 67 1691 174 1754; x_wconf 91' lang='lat' dir='ltr'>magna</span> <span class='ocrx_word' id='word_1_111' title='bbox 194 1680 278 1753; x_wconf 89' lang='lat' dir='ltr'>parte</span> <span class='ocrx_word' id='word_1_112' title='bbox 293 1673 420 1732; x_wconf 90' lang='lat' dir='ltr'>militum</span> <span class='ocrx_word' id='word_1_113' title='bbox 436 1672 594 1732; x_wconf 89' lang='lat' dir='ltr'>deseritur.</span> <span class='ocrx_word' id='word_1_114' title='bbox 626 1671 757 1732; x_wconf 86' lang='lat' dir='ltr'>Relictus</span> <span class='ocrx_word' id='word_1_115' title='bbox 777 1675 808 1732; x_wconf 93' lang='lat' dir='ltr'>in</span> <span class='ocrx_word' id='word_1_116' title='bbox 829 1674 938 1732; x_wconf 88' lang='lat' dir='ltr'>itinere</span> <span class='ocrx_word' id='word_1_117' title='bbox 954 1679 1050 1743; x_wconf 71' lang='lat' dir='ltr'>cumb</span> 
     </span>
     <span class='ocr_line' id='line_1_18' title="bbox 67 1755 1025 1838; baseline -0.005 -19"><span class='ocrx_word' id='word_1_118' title='bbox 67 1759 172 1838; x_wconf 85' lang='lat' dir='ltr'>paucis</span> <span class='ocrx_word' id='word_1_119' title='bbox 186 1757 291 1818; x_wconf 91' lang='lat' dir='ltr'>incidit</span> <span class='ocrx_word' id='word_1_120' title='bbox 310 1759 342 1817; x_wconf 94' lang='lat' dir='ltr'>in</span> <span class='ocrx_word' id='word_1_121' title='bbox 357 1756 519 1816; x_wconf 92' lang='lat' dir='ltr'>Vibullium</span> <span class='ocrx_word' id='word_1_122' title='bbox 535 1755 644 1816; x_wconf 80' lang='lat' dir='ltr'>Rufum</span> <span class='ocrx_word' id='word_1_123' title='bbox 661 1757 785 1816; x_wconf 89' lang='lat' dir='ltr'>missum</span> <span class='ocrx_word' id='word_1_124' title='bbox 801 1775 818 1815; x_wconf 92' lang='lat' dir='ltr'>a</span> <span class='ocrx_word' id='word_1_125' title='bbox 832 1757 973 1834; x_wconf 91' lang='lat' dir='ltr'>Pompeio</span> <span class='ocrx_word' id='word_1_126' title='bbox 992 1759 1025 1814; x_wconf 91' lang='lat' dir='ltr'>in</span> 
     </span>
     <span class='ocr_line' id='line_1_19' title="bbox 69 1839 1037 1920; baseline -0.005 -17"><span class='ocrx_word' id='word_1_127' title='bbox 69 1860 173 1920; x_wconf 87' lang='lat' dir='ltr'>agrum</span> <span class='ocrx_word' id='word_1_128' title='bbox 187 1842 330 1902; x_wconf 85' lang='lat' dir='ltr'>Picenum</span> <span class='ocrx_word' id='word_1_129' title='bbox 346 1840 615 1901; x_wconf 86' lang='lat' dir='ltr'>confirmandorum</span> <span class='ocrx_word' id='word_1_130' title='bbox 629 1839 782 1900; x_wconf 91' lang='lat' dir='ltr'>hominum</span> <span class='ocrx_word' id='word_1_131' title='bbox 798 1858 896 1900; x_wconf 89' lang='lat' dir='ltr'>causa.</span> <span class='ocrx_word' id='word_1_132' title='bbox 928 1840 1037 1916; x_wconf 72' lang='grc' dir='ltr'>ΑιιιιοΙ</span> 
     </span>
     <span class='ocr_line' id='line_1_20' title="bbox 69 1925 1024 2007; baseline -0.003 -21"><span class='ocrx_word' id='word_1_133' title='bbox 69 1929 164 1988; x_wconf 88' lang='lat' dir='ltr'>iactus</span> <span class='ocrx_word' id='word_1_134' title='bbox 178 1925 324 2007; x_wconf 87' lang='lat' dir='ltr'>Vibullius</span> <span class='ocrx_word' id='word_1_135' title='bbox 343 1927 467 1994; x_wconf 87' lang='lat' dir='ltr'>certior,</span> <span class='ocrx_word' id='word_1_136' title='bbox 489 1942 564 2003; x_wconf 91' lang='lat' dir='ltr'>quae</span> <span class='ocrx_word' id='word_1_137' title='bbox 585 1941 633 1983; x_wconf 92' lang='lat' dir='ltr'>res</span> <span class='ocrx_word' id='word_1_138' title='bbox 656 1927 687 1984; x_wconf 91' lang='lat' dir='ltr'>in</span> <span class='ocrx_word' id='word_1_139' title='bbox 708 1925 821 1990; x_wconf 64' lang='lat' dir='ltr'>Piceno¹</span> <span class='ocrx_word' id='word_1_140' title='bbox 838 1930 1024 2001; x_wconf 83' lang='lat' dir='ltr'>gererentur,</span> 
     </span>
     <span class='ocr_line' id='line_1_21' title="bbox 68 2008 1050 2089; baseline -0.007 -18"><span class='ocrx_word' id='word_1_141' title='bbox 68 2010 178 2073; x_wconf 88' lang='lat' dir='ltr'>milites</span> <span class='ocrx_word' id='word_1_142' title='bbox 198 2008 235 2070; x_wconf 92' lang='lat' dir='ltr'>ab</span> <span class='ocrx_word' id='word_1_143' title='bbox 259 2026 294 2069; x_wconf 90' lang='lat' dir='ltr'>co</span> <span class='ocrx_word' id='word_1_144' title='bbox 315 2012 436 2089; x_wconf 89' lang='lat' dir='ltr'>accipit,</span> <span class='ocrx_word' id='word_1_145' title='bbox 461 2011 558 2087; x_wconf 85' lang='lat' dir='ltr'>ipsum</span> <span class='ocrx_word' id='word_1_146' title='bbox 579 2009 712 2069; x_wconf 90' lang='lat' dir='ltr'>dimittit.</span> <span class='ocrx_word' id='word_1_147' title='bbox 747 2009 822 2069; x_wconf 91' lang='lat' dir='ltr'>ltem</span> <span class='ocrx_word' id='word_1_148' title='bbox 839 2026 875 2068; x_wconf 85' lang='lat' dir='ltr'>ex</span> <span class='ocrx_word' id='word_1_149' title='bbox 889 2009 1050 2068; x_wconf 78' lang='lat' dir='ltr'>finitimiso</span> 
     </span>
     <span class='ocr_line' id='line_1_22' title="bbox 68 2091 1025 2174; baseline -0.002 -20"><span class='ocrx_word' id='word_1_150' title='bbox 68 2094 250 2174; x_wconf 76' lang='lat' dir='ltr'>regionibus</span> <span class='ocrx_word' id='word_1_151' title='bbox 267 2097 342 2174; x_wconf 87' lang='lat' dir='ltr'>quas&#39;</span> <span class='ocrx_word' id='word_1_152' title='bbox 354 2100 460 2172; x_wconf 89' lang='lat' dir='ltr'>potest,</span> <span class='ocrx_word' id='word_1_153' title='bbox 476 2093 626 2153; x_wconf 89' lang='lat' dir='ltr'>contrahit</span> <span class='ocrx_word' id='word_1_154' title='bbox 645 2093 782 2153; x_wconf 88' lang='lat' dir='ltr'>cohortes</span> <span class='ocrx_word' id='word_1_155' title='bbox 803 2110 839 2153; x_wconf 84' lang='lat' dir='ltr'>ex</span> <span class='ocrx_word' id='word_1_156' title='bbox 860 2091 1025 2153; x_wconf 88' lang='lat' dir='ltr'>delectibus</span> 
     </span>
     <span class='ocr_line' id='line_1_23' title="bbox 68 2177 1025 2258; baseline -0.004 -18"><span class='ocrx_word' id='word_1_157' title='bbox 68 2180 271 2258; x_wconf 90' lang='lat' dir='ltr'>Pompeianis;</span> <span class='ocrx_word' id='word_1_158' title='bbox 287 2181 320 2238; x_wconf 91' lang='lat' dir='ltr'>in</span> <span class='ocrx_word' id='word_1_159' title='bbox 333 2178 381 2238; x_wconf 86' lang='lat' dir='ltr'>his</span> <span class='ocrx_word' id='word_1_160' title='bbox 395 2178 551 2240; x_wconf 89' lang='lat' dir='ltr'>Camerino</span> <span class='ocrx_word' id='word_1_161' title='bbox 566 2178 731 2253; x_wconf 86' lang='lat' dir='ltr'>lugientem</span> <span class='ocrx_word' id='word_1_162' title='bbox 745 2177 893 2253; x_wconf 88' lang='lat' dir='ltr'>Lucilium</span> <span class='ocrx_word' id='word_1_163' title='bbox 901 2177 1025 2237; x_wconf 89' lang='lat' dir='ltr'>Hirrum</span> 
     </span>
     <span class='ocr_line' id='line_1_24' title="bbox 68 2260 1023 2340; baseline -0.004 -17"><span class='ocrx_word' id='word_1_164' title='bbox 68 2282 137 2324; x_wconf 88' lang='lat' dir='ltr'>cum</span> <span class='ocrx_word' id='word_1_165' title='bbox 152 2282 204 2323; x_wconf 82' lang='lat' dir='ltr'>sex</span> <span class='ocrx_word' id='word_1_166' title='bbox 218 2262 406 2331; x_wconf 91' lang='lat' dir='ltr'>cohortibus,</span> <span class='ocrx_word' id='word_1_167' title='bbox 432 2281 506 2340; x_wconf 91' lang='lat' dir='ltr'>quas</span> <span class='ocrx_word' id='word_1_168' title='bbox 521 2260 564 2321; x_wconf 91' lang='lat' dir='ltr'>ibi</span> <span class='ocrx_word' id='word_1_169' title='bbox 579 2263 612 2321; x_wconf 91' lang='lat' dir='ltr'>in</span> <span class='ocrx_word' id='word_1_170' title='bbox 628 2262 776 2340; x_wconf 91' lang='lat' dir='ltr'>praesidio</span> <span class='ocrx_word' id='word_1_171' title='bbox 791 2260 952 2330; x_wconf 91' lang='lat' dir='ltr'>habuerat,</span> <span class='ocrx_word' id='word_1_172' title='bbox 975 2272 1023 2320; x_wconf 81' lang='lat' dir='ltr'>&#39;ex-</span> 
     </span>
     <span class='ocr_line' id='line_1_25' title="bbox 68 2345 1050 2426; baseline -0.005 -20"><span class='ocrx_word' id='word_1_173' title='bbox 68 2349 157 2426; x_wconf 88' lang='lat' dir='ltr'>cipit;</span> <span class='ocrx_word' id='word_1_174' title='bbox 178 2346 287 2425; x_wconf 90' lang='lat' dir='ltr'>quibus</span> <span class='ocrx_word' id='word_1_175' title='bbox 302 2348 411 2406; x_wconf 90' lang='lat' dir='ltr'>coactis</span> <span class='ocrx_word' id='word_1_176' title='bbox 426 2360 492 2405; x_wconf 82' lang='lat' dir='ltr'>xm</span> <span class='ocrx_word' id='word_1_177' title='bbox 508 2347 609 2406; x_wconf 83' lang='lat' dir='ltr'>elficit.</span> <span class='ocrx_word' id='word_1_178' title='bbox 645 2345 717 2406; x_wconf 95' lang='lat' dir='ltr'>Cum</span> <span class='ocrx_word' id='word_1_179' title='bbox 737 2346 784 2406; x_wconf 88' lang='lat' dir='ltr'>his</span> <span class='ocrx_word' id='word_1_180' title='bbox 806 2345 841 2405; x_wconf 91' lang='lat' dir='ltr'>ad</span> <span class='ocrx_word' id='word_1_181' title='bbox 860 2345 1050 2405; x_wconf 77' lang='lat' dir='ltr'>llomitium&#39;u</span> 
     </span>
     <span class='ocr_line' id='line_1_26' title="bbox 71 2428 1024 2508; baseline -0.004 -17"><span class='ocrx_word' id='word_1_182' title='bbox 71 2429 300 2492; x_wconf 78' lang='lat' dir='ltr'>Ahenobarbum</span> <span class='ocrx_word' id='word_1_183' title='bbox 315 2430 476 2491; x_wconf 88' lang='lat' dir='ltr'>Corfinium</span> <span class='ocrx_word' id='word_1_184' title='bbox 491 2432 607 2506; x_wconf 92' lang='lat' dir='ltr'>magnis</span> <span class='ocrx_word' id='word_1_185' title='bbox 626 2429 786 2491; x_wconf 88' lang='lat' dir='ltr'>itineribus</span> <span class='ocrx_word' id='word_1_186' title='bbox 802 2431 939 2508; x_wconf 88' lang='lat' dir='ltr'>pervenit</span> <span class='ocrx_word' id='word_1_187' title='bbox 953 2428 1024 2489; x_wconf 90' lang='lat' dir='ltr'>Cae·</span> 
     </span>
     <span class='ocr_line' id='line_1_27' title="bbox 69 2511 1050 2593; baseline -0.006 -18"><span class='ocrx_word' id='word_1_188' title='bbox 69 2532 222 2593; x_wconf 89' lang='lat' dir='ltr'>saremque</span> <span class='ocrx_word' id='word_1_189' title='bbox 234 2515 337 2574; x_wconf 90' lang='lat' dir='ltr'>adesse</span> <span class='ocrx_word' id='word_1_190' title='bbox 349 2533 416 2574; x_wconf 93' lang='lat' dir='ltr'>cum</span> <span class='ocrx_word' id='word_1_191' title='bbox 428 2512 595 2591; x_wconf 83' lang='lat' dir='ltr'>legionibus</span> <span class='ocrx_word' id='word_1_192' title='bbox 604 2513 718 2574; x_wconf 85' lang='lat' dir='ltr'>duabus</span> <span class='ocrx_word' id='word_1_193' title='bbox 728 2515 854 2574; x_wconf 87' lang='lat' dir='ltr'>nuntiat.</span> <span class='ocrx_word' id='word_1_194' title='bbox 877 2511 1024 2572; x_wconf 86' lang='lat' dir='ltr'>Domitius</span> <span class='ocrx_word' id='word_1_195' title='bbox 1035 2518 1050 2567; x_wconf 84' lang='grc'><strong>7</strong></span> 
     </span>
     <span class='ocr_line' id='line_1_28' title="bbox 69 2596 1023 2678; baseline -0.004 -19"><span class='ocrx_word' id='word_1_196' title='bbox 69 2618 123 2678; x_wconf 90' lang='lat' dir='ltr'>per</span> <span class='ocrx_word' id='word_1_197' title='bbox 138 2617 169 2658; x_wconf 91' lang='lat' dir='ltr'>se</span> <span class='ocrx_word' id='word_1_198' title='bbox 185 2601 306 2658; x_wconf 91' lang='lat' dir='ltr'>circiter</span> <span class='ocrx_word' id='word_1_199' title='bbox 321 2613 370 2658; x_wconf 83' lang='lat' dir='ltr'>xx</span> <span class='ocrx_word' id='word_1_200' title='bbox 385 2599 523 2658; x_wconf 91' lang='lat' dir='ltr'>cohortes</span> <span class='ocrx_word' id='word_1_201' title='bbox 538 2597 625 2666; x_wconf 78' lang='lat' dir='ltr'>atha,</span> <span class='ocrx_word' id='word_1_202' title='bbox 647 2615 684 2657; x_wconf 85' lang='lat' dir='ltr'>ex</span> <span class='ocrx_word' id='word_1_203' title='bbox 699 2598 804 2659; x_wconf 89' lang='lat' dir='ltr'>blarsis</span> <span class='ocrx_word' id='word_1_204' title='bbox 819 2603 849 2656; x_wconf 96' lang='lat' dir='ltr'>et</span> <span class='ocrx_word' id='word_1_205' title='bbox 863 2596 1023 2674; x_wconf 83' lang='lat' dir='ltr'>Paelignis,</span> 
     </span>
     <span class='ocr_line' id='line_1_29' title="bbox 68 2681 605 2760; baseline -0.006 -17"><span class='ocrx_word' id='word_1_206' title='bbox 68 2685 202 2743; x_wconf 91' lang='lat' dir='ltr'>tinitimis</span> <span class='ocrx_word' id='word_1_207' title='bbox 217 2682 253 2742; x_wconf 91' lang='lat' dir='ltr'>ab</span> <span class='ocrx_word' id='word_1_208' title='bbox 269 2681 443 2760; x_wconf 89' lang='lat' dir='ltr'>regionibus</span> <span class='ocrx_word' id='word_1_209' title='bbox 458 2688 605 2759; x_wconf 73' lang='lat' dir='ltr'>coegerat.</span> 
     </span>
    </p>

    <p class='ocr_par' dir='ltr' id='par_1_4' title="bbox 63 2765 1064 3605">
     <span class='ocr_line' id='line_1_30' title="bbox 131 2765 1049 2846; baseline -0.009 -18"><span class='ocrx_word' id='word_1_210' title='bbox 131 2767 205 2828; x_wconf 87' lang='lat' dir='ltr'>XVI.</span> <span class='ocrx_word' id='word_1_211' title='bbox 235 2766 366 2846; x_wconf 86' lang='lat' dir='ltr'>Recepto</span> <span class='ocrx_word' id='word_1_212' title='bbox 377 2767 483 2827; x_wconf 79' lang='lat' dir='ltr'>Asculo</span> <span class='ocrx_word' id='word_1_213' title='bbox 494 2767 680 2845; x_wconf 25' lang='lat' dir='ltr'>&#39;expulsoque</span> <span class='ocrx_word' id='word_1_214' title='bbox 692 2766 818 2826; x_wconf 87' lang='lat' dir='ltr'>Lentulo</span> <span class='ocrx_word' id='word_1_215' title='bbox 831 2765 939 2826; x_wconf 87' lang='lat' dir='ltr'>Caesar</span> <span class='ocrx_word' id='word_1_216' title='bbox 953 2783 1022 2824; x_wconf 91' lang='lat' dir='ltr'>con·</span> <span class='ocrx_word' id='word_1_217' title='bbox 1035 2772 1049 2820; x_wconf 91' lang='lat'>1</span> 
     </span>
     <span class='ocr_line' id='line_1_31' title="bbox 67 2850 1022 2931; baseline -0.005 -19"><span class='ocrx_word' id='word_1_218' title='bbox 67 2854 147 2931; x_wconf 90' lang='lat' dir='ltr'>quiri</span> <span class='ocrx_word' id='word_1_219' title='bbox 162 2851 281 2920; x_wconf 90' lang='lat' dir='ltr'>milites,</span> <span class='ocrx_word' id='word_1_220' title='bbox 298 2853 349 2929; x_wconf 92' lang='lat' dir='ltr'>qui</span> <span class='ocrx_word' id='word_1_221' title='bbox 365 2850 402 2911; x_wconf 94' lang='lat' dir='ltr'>ab</span> <span class='ocrx_word' id='word_1_222' title='bbox 415 2869 450 2910; x_wconf 90' lang='lat' dir='ltr'>eo</span> <span class='ocrx_word' id='word_1_223' title='bbox 463 2851 672 2917; x_wconf 88' lang='lat' dir='ltr'>discesserant,</span> <span class='ocrx_word' id='word_1_224' title='bbox 687 2850 891 2927; x_wconf 89' lang='lat' dir='ltr'>delectumque</span> <span class='ocrx_word' id='word_1_225' title='bbox 907 2851 1022 2908; x_wconf 90' lang='lat' dir='ltr'>institui</span> 
     </span>
     <span class='ocr_line' id='line_1_32' title="bbox 67 2933 1022 3014; baseline -0.007 -19"><span class='ocrx_word' id='word_1_226' title='bbox 67 2935 165 3005; x_wconf 88' lang='lat' dir='ltr'>iubet;</span> <span class='ocrx_word' id='word_1_227' title='bbox 187 2937 251 3014; x_wconf 93' lang='lat' dir='ltr'>ipse</span> <span class='ocrx_word' id='word_1_228' title='bbox 272 2954 363 2994; x_wconf 93' lang='lat' dir='ltr'>unum</span> <span class='ocrx_word' id='word_1_229' title='bbox 383 2935 461 2994; x_wconf 90' lang='lat' dir='ltr'>diem</span> <span class='ocrx_word' id='word_1_230' title='bbox 488 2933 531 2994; x_wconf 95' lang='lat' dir='ltr'>ibi</span> <span class='ocrx_word' id='word_1_231' title='bbox 553 2938 599 2996; x_wconf 90' lang='lat' dir='ltr'>rei</span> <span class='ocrx_word' id='word_1_232' title='bbox 620 2935 831 2993; x_wconf 82' lang='lat' dir='ltr'>frumentariae</span> <span class='ocrx_word' id='word_1_233' title='bbox 853 2951 940 2993; x_wconf 89' lang='lat' dir='ltr'>causa</span> <span class='ocrx_word' id='word_1_234' title='bbox 959 2951 1022 2992; x_wconf 88' lang='lat' dir='ltr'>nro-</span> 
     </span>
     <span class='ocr_line' id='line_1_33' title="bbox 68 3016 1048 3086; baseline -0.008 -6"><span class='ocrx_word' id='word_1_235' title='bbox 68 3027 150 3080; x_wconf 89' lang='lat' dir='ltr'>ratus</span> <span class='ocrx_word' id='word_1_236' title='bbox 170 3017 331 3079; x_wconf 86' lang='lat' dir='ltr'>Corfinium</span> <span class='ocrx_word' id='word_1_237' title='bbox 347 3018 508 3078; x_wconf 90' lang='lat' dir='ltr'>contendit.</span> <span class='ocrx_word' id='word_1_238' title='bbox 539 3017 582 3078; x_wconf 88' lang='lat' dir='ltr'>Eo</span> <span class='ocrx_word' id='word_1_239' title='bbox 598 3035 664 3077; x_wconf 92' lang='lat' dir='ltr'>cum</span> <span class='ocrx_word' id='word_1_240' title='bbox 679 3019 824 3086; x_wconf 86' lang='lat' dir='ltr'>venisset,</span> <span class='ocrx_word' id='word_1_241' title='bbox 847 3016 984 3077; x_wconf 89' lang='lat' dir='ltr'>cohortes</span> <span class='ocrx_word' id='word_1_242' title='bbox 999 3025 1048 3077; x_wconf 76' lang='lat' dir='ltr'>va</span> 
     </span>
     <span class='ocr_line' id='line_1_34' title="bbox 67 3102 1022 3183; baseline -0.004 -19"><span class='ocrx_word' id='word_1_243' title='bbox 67 3106 249 3183; x_wconf 87' lang='lat' dir='ltr'>praemissae</span> <span class='ocrx_word' id='word_1_244' title='bbox 271 3122 287 3163; x_wconf 94' lang='lat' dir='ltr'>a</span> <span class='ocrx_word' id='word_1_245' title='bbox 307 3102 436 3163; x_wconf 87' lang='lat' dir='ltr'>Domitio</span> <span class='ocrx_word' id='word_1_246' title='bbox 457 3120 492 3162; x_wconf 87' lang='lat' dir='ltr'>ex</span> <span class='ocrx_word' id='word_1_247' title='bbox 513 3103 621 3181; x_wconf 91' lang='lat' dir='ltr'>oppido</span> <span class='ocrx_word' id='word_1_248' title='bbox 643 3109 762 3179; x_wconf 90' lang='lat' dir='ltr'>pontem</span> <span class='ocrx_word' id='word_1_249' title='bbox 783 3102 915 3162; x_wconf 91' lang='lat' dir='ltr'>lluminis</span> <span class='ocrx_word' id='word_1_250' title='bbox 930 3103 1022 3162; x_wconf 88' lang='lat' dir='ltr'>inter-</span> 
     </span>
     <span class='ocr_line' id='line_1_35' title="bbox 66 3186 1020 3268; baseline -0.006 -19"><span class='ocrx_word' id='word_1_251' title='bbox 66 3187 259 3268; x_wconf 92' lang='lat' dir='ltr'>rumpebant,</span> <span class='ocrx_word' id='word_1_252' title='bbox 276 3190 328 3266; x_wconf 92' lang='lat' dir='ltr'>qui</span> <span class='ocrx_word' id='word_1_253' title='bbox 344 3195 408 3246; x_wconf 88' lang='lat' dir='ltr'>erat</span> <span class='ocrx_word' id='word_1_254' title='bbox 423 3186 460 3246; x_wconf 95' lang='lat' dir='ltr'>ab</span> <span class='ocrx_word' id='word_1_255' title='bbox 477 3186 586 3265; x_wconf 93' lang='lat' dir='ltr'>oppido</span> <span class='ocrx_word' id='word_1_256' title='bbox 601 3186 682 3245; x_wconf 90' lang='lat' dir='ltr'>milia</span> <span class='ocrx_word' id='word_1_257' title='bbox 699 3203 819 3264; x_wconf 89' lang='lat' dir='ltr'>passum</span> <span class='ocrx_word' id='word_1_258' title='bbox 834 3187 957 3247; x_wconf 91' lang='lat' dir='ltr'>circiter</span> <span class='ocrx_word' id='word_1_259' title='bbox 972 3199 1020 3244; x_wconf 89' lang='lat'>111.</span> 
     </span>
     <span class='ocr_line' id='line_1_36' title="bbox 67 3269 1050 3348; baseline -0.011 -15"><span class='ocrx_word' id='word_1_260' title='bbox 67 3272 112 3338; x_wconf 86' lang='lat' dir='ltr'>lbi</span> <span class='ocrx_word' id='word_1_261' title='bbox 132 3289 200 3332; x_wconf 91' lang='lat' dir='ltr'>cum</span> <span class='ocrx_word' id='word_1_262' title='bbox 221 3271 464 3334; x_wconf 87' lang='lat' dir='ltr'>antecursoribus</span> <span class='ocrx_word' id='word_1_263' title='bbox 479 3270 614 3331; x_wconf 83' lang='lat' dir='ltr'>Caesaris</span> <span class='ocrx_word' id='word_1_264' title='bbox 633 3270 750 3348; x_wconf 92' lang='lat' dir='ltr'>proelio</span> <span class='ocrx_word' id='word_1_265' title='bbox 770 3273 934 3330; x_wconf 44' lang='lat' dir='ltr'>commisso.</span> <span class='ocrx_word' id='word_1_266' title='bbox 947 3269 1050 3328; x_wconf 85' lang='lat' dir='ltr'>celo-3</span> 
     </span>
     <span class='ocr_line' id='line_1_37' title="bbox 65 3349 1021 3434; baseline -0.007 -17"><span class='ocrx_word' id='word_1_267' title='bbox 65 3361 142 3417; x_wconf 90' lang='lat' dir='ltr'>riter</span> <span class='ocrx_word' id='word_1_268' title='bbox 156 3355 318 3416; x_wconf 83' lang='lat' dir='ltr'>Domitiani</span> <span class='ocrx_word' id='word_1_269' title='bbox 336 3373 350 3413; x_wconf 90' lang='lat' dir='ltr'>a</span> <span class='ocrx_word' id='word_1_270' title='bbox 367 3364 455 3434; x_wconf 88' lang='lat' dir='ltr'>ponte</span> <span class='ocrx_word' id='word_1_271' title='bbox 468 3349 581 3433; x_wconf 89' lang='lat' dir='ltr'>repulsi</span> <span class='ocrx_word' id='word_1_272' title='bbox 592 3371 624 3413; x_wconf 88' lang='lat' dir='ltr'>se</span> <span class='ocrx_word' id='word_1_273' title='bbox 640 3355 670 3413; x_wconf 93' lang='lat' dir='ltr'>in</span> <span class='ocrx_word' id='word_1_274' title='bbox 680 3355 821 3432; x_wconf 92' lang='lat' dir='ltr'>oppidum</span> <span class='ocrx_word' id='word_1_275' title='bbox 833 3363 1021 3431; x_wconf 88' lang='lat' dir='ltr'>receperunt.</span> 
     </span>
     <span class='ocr_line' id='line_1_38' title="bbox 65 3437 1064 3520; baseline -0.011 -17"><span class='ocrx_word' id='word_1_276' title='bbox 65 3442 174 3503; x_wconf 92' lang='lat' dir='ltr'>Caesar</span> <span class='ocrx_word' id='word_1_277' title='bbox 189 3440 358 3517; x_wconf 89' lang='lat' dir='ltr'>legionibus</span> <span class='ocrx_word' id='word_1_278' title='bbox 372 3438 554 3500; x_wconf 88' lang='lat' dir='ltr'>transductis</span> <span class='ocrx_word' id='word_1_279' title='bbox 569 3437 605 3498; x_wconf 93' lang='lat' dir='ltr'>ad</span> <span class='ocrx_word' id='word_1_280' title='bbox 621 3439 766 3520; x_wconf 91' lang='lat' dir='ltr'>oppidum</span> <span class='ocrx_word' id='word_1_281' title='bbox 780 3439 920 3499; x_wconf 79' lang='lat' dir='ltr'>constitit</span> <span class='ocrx_word' id='word_1_282' title='bbox 926 3439 1029 3496; x_wconf 66' lang='lat' dir='ltr'>iusta·</span> <span class='ocrx_word' id='word_1_283' title='bbox 1042 3442 1064 3487; x_wconf 55' lang='lat' dir='ltr'>a</span> 
     </span>
     <span class='ocr_line' id='line_1_39' title="bbox 63 3525 487 3605; baseline 0.007 -20"><span class='ocrx_word' id='word_1_284' title='bbox 63 3543 254 3605; x_wconf 83' lang='lat' dir='ltr'>poemorum</span> <span class='ocrx_word' id='word_1_285' title='bbox 269 3533 362 3584; x_wconf 88' lang='lat' dir='ltr'>castra</span> <span class='ocrx_word' id='word_1_286' title='bbox 373 3525 487 3603; x_wconf 85' lang='lat' dir='ltr'>posuit.</span> 
     </span>
    </p>
   </div>
   <div class='ocr_carea' id='block_1_3' title="bbox 0 0 1182 3870">
    <p class='ocr_par' dir='ltr' id='par_1_5' title="bbox 0 0 1182 3870">
     <span class='ocr_line' id='line_1_40' title="bbox 0 0 1182 3870; baseline 0 1"><span class='ocrx_word' id='word_1_287' title='bbox 0 0 1182 3870; x_wconf 95' lang='lat' dir='ltr'> </span> 
     </span>
    </p>
   </div>
  </div>
 </body>
</html>
