2356 3870
259 213 356 268 uolut
375 213 435 268 Vlll.
452 213 521 270 ute.
538 214 810 271 inivit-xxxxii
957 219 1013 283 187

60 383 192 437 montem
204 375 349 452 cingebat,
365 378 460 452 inquo
472 377 600 454 positum
614 384 676 437 erat
688 386 882 457 praeruptum
896 379 1026 456 undique

60 458 201 538 oppidum
209 457 436 520 Uxellodunum.
446 459 647 519 llocavertere
654 459 712 521 loci
719 468 825 521 natura
833 460 1023 539 prohibebat:
1042 469 1057 520 a

58 544 90 602 in
103 543 211 601 infimis
227 544 305 602 enim
318 544 358 602 sic
372 541 520 604 radicibus
532 545 640 603 montis
651 542 813 613 ferebatur,
829 552 860 604 ut
870 544 980 605 nullam
995 547 1026 605 in

57 625 330 704 partemdepressis
337 625 557 686 lossisderIvari
564 633 674 704 posset.
689 627 757 687 Erat
765 636 863 687 autem
871 628 1026 706 oppidanis
1041 636 1057 683 t

58 707 187 768 difficilis
203 716 233 768 et
246 717 426 787 praeruptus
442 726 476 768 eo
492 709 667 777 descensus,
685 718 718 769 ut
730 709 956 787 prohibentibus
970 731 1024 772 no·

58 793 129 852 stris
144 793 207 851 sine
222 791 392 852 vulneribus
407 809 440 851 ac
455 791 587 870 periculo
602 794 678 852 vitae
693 810 790 870 neque
812 793 893 854 adire
916 794 1025 854 ilumen

57 892 157 950 neque
173 874 264 934 arduo
281 894 312 934 se
328 878 461 953 recipere
476 883 596 953 possent
611 894 745 936 ascensu.
777 876 840 946 Qua
855 877 1057 938 dillicultatet

59 975 164 1018 eorum
175 959 291 1035 cognita
299 959 405 1018 Caesar
420 961 576 1036 sagittariis
591 958 850 1035 funditoribusque
865 960 1023 1039 dispositis,

58 1043 214 1102 tormentis
233 1044 319 1102 etiam
338 1041 513 1118 quibusdam
529 1042 602 1103 locis
615 1051 717 1103 contra
732 1043 886 1104 facillimos
901 1044 1024 1104 descen·

58 1143 110 1186 sus
126 1124 295 1194 conlocatis,
313 1143 386 1202 aqua
402 1125 529 1186 lluminis
543 1124 721 1205 prohibebat
735 1127 907 1205 oppidanos.

123 1207 250 1269 XXXXI.
283 1209 415 1279 Quorum
431 1211 527 1269 omnis
548 1217 651 1287 postea
672 1209 829 1270 multItudo
848 1219 1024 1286 aquatorum
1041 1218 1052 1268 1

57 1309 152 1352 unum
167 1293 198 1351 in
213 1291 311 1352 locum
327 1291 519 1353 conveniebat
539 1291 595 1353 sub
610 1294 703 1371 ipsius
710 1294 810 1372 oppidi
825 1312 954 1362 murum,
971 1292 1023 1354 ubl

58 1375 1024 1456 magnusionsaquaeprorumpehatabcaparte,quaeserepedum

58 1465 263 1519 trecentorum
276 1458 430 1519 intervallo
442 1458 571 1520 lluminis
583 1462 707 1521 circuitu
720 1459 849 1521 vacabat.
866 1460 928 1521 lloc
943 1462 1024 1520 ionte
1038 1471 1055 1518 2

58 1539 212 1620 prohiberi
233 1559 320 1620 posse
342 1542 504 1620 oppidanos
526 1562 593 1603 cum
615 1549 753 1622 optarent
772 1542 898 1620 reliqui,
916 1544 1023 1604 Caesar

58 1643 136 1685 unus
151 1625 273 1693 videret,
291 1627 437 1702 eregione
450 1628 513 1685 cius
527 1628 626 1686 vineas
642 1643 729 1703 agere
741 1625 882 1686 adversus
892 1636 1023 1686 montem

59 1714 89 1768 et
104 1725 242 1785 aggerem
257 1711 405 1769 instruere
418 1711 516 1788 coepit
528 1726 634 1786 magno
647 1727 714 1769 cum
726 1707 827 1770 labore
844 1717 874 1768 et
885 1711 1023 1769 continua

58 1791 257 1851 dimicatione.
295 1791 440 1869 Oppidani
461 1794 538 1852 enim
553 1791 618 1853 loco
639 1793 794 1871 superiore
820 1792 984 1853 decurrunt
998 1800 1057 1852 ets

60 1876 176 1935 omlnus
196 1877 259 1935 sine
285 1875 418 1952 periculo
440 1874 623 1953 proeliantur
643 1875 812 1952 multosque
831 1877 1023 1954 pertinaciter

60 1957 253 2019 succedentes
278 1957 449 2026 vulnerant:
482 1977 542 2019 non
569 1959 759 2020 deterrentur
790 1966 889 2018 tamen
917 1959 1023 2020 milites

59 2043 155 2101 nostri
175 2043 273 2101 tineas
295 2044 429 2119 prolerre
453 2050 482 2102 et
501 2042 602 2103 labore
618 2050 707 2119 atque
727 2041 868 2121 operibus
889 2041 1023 2103 locorum

59 2127 178 2184 vincere
193 2124 388 2186 difficultates.
421 2126 530 2186 Eodem
546 2135 681 2205 tempore
703 2124 856 2187 cuniculos
877 2133 971 2186 tectos
987 2125 1023 2188 ab
1039 2136 1054 2185 ⁴

59 2209 153 2268 vineis
167 2216 257 2285 agunt
272 2207 307 2267 ad
324 2216 411 2287 caput
426 2209 523 2278 sontis,
541 2209 621 2286 quod
642 2227 736 2288 genus
757 2211 857 2288 operis
877 2211 940 2270 sine
962 2207 1022 2270 ullo

60 2292 203 2369 periculo,
226 2294 289 2351 sine
305 2293 472 2371 suspicione
487 2291 615 2353 hostium
630 2295 729 2354 iacere
744 2291 861 2353 licebat.
903 2292 1020 2353 ExtruI·
1035 2299 1051 2350 t

60 2382 110 2434 tur
126 2391 214 2452 agger
229 2377 260 2434 in
275 2373 459 2435 altitudinem
474 2375 583 2454 pedum
598 2397 647 2446 nx,
670 2376 840 2436 conlocatur
861 2376 892 2436 ln
908 2392 942 2436 eo
958 2383 1022 2436 tur·

60 2459 103 2518 ris
118 2457 220 2517 decem
236 2457 443 2528 tabulatorum,
459 2477 518 2518 non
530 2459 649 2536 quidem
662 2476 736 2536 quae
748 2457 902 2519 moenibus
914 2475 1021 2536 aequa·

61 2549 108 2602 ret
125 2575 160 2585 -
177 2541 206 2600 id
228 2543 306 2601 enim
325 2541 414 2602 nullis
433 2542 573 2620 operibus
593 2544 670 2603 ellici
683 2549 800 2622 poterat
816 2573 863 2610 —,
881 2541 932 2602 sed
948 2558 1023 2619 quae

61 2643 204 2703 superare
219 2625 308 2685 iontis
323 2625 472 2702 fastigium
486 2633 596 2704 posset.
628 2627 670 2687 Ex
686 2644 720 2687 ea
735 2643 803 2685 cum
817 2623 876 2685 tela
890 2633 1021 2687 tormen·

61 2709 98 2768 tis
113 2709 282 2768 iacerentur
303 2708 338 2768 ad
353 2710 441 2769 fontis
458 2709 581 2779 aditum,
604 2727 660 2770 nec
675 2710 738 2769 sine
753 2706 887 2787 periculo
902 2716 1024 2787 possent
1038 2715 1054 2766 o

62 2793 165 2867 aquari
180 2791 333 2870 oppidani,
356 2811 413 2852 non
435 2801 547 2852 tantum
569 2810 677 2871 pecora
697 2800 785 2868 atque
804 2792 943 2861 iumenta,
971 2790 1023 2852 sed

62 2876 151 2935 etiam
166 2893 271 2951 magna
286 2873 416 2935 bostium
432 2874 588 2936 multitudo
604 2877 654 2936 sitl
668 2873 905 2935 consumebatur.

125 2957 266 3018 xxxxii.
304 2959 368 3029 Quo
388 2957 464 3018 malo
491 2960 643 3036 perterriti
668 2957 806 3037 oppidani
832 2974 923 3037 cupas
944 2965 1052 3027 sevo,1

61 3043 141 3120 pice,
169 3041 315 3102 scandulis
331 3041 493 3120 complent;
523 3060 571 3102 eas
586 3042 724 3104 ardentes
748 3042 779 3100 in
800 3059 890 3120 opera
905 3040 1022 3120 provol-

61 3133 134 3185 vunt
155 3126 319 3202 eodemque
339 3132 474 3204 tempore
494 3127 639 3187 acerrime
659 3124 857 3204 proeliantur,
881 3135 913 3186 ut
928 3124 964 3187 ab
978 3127 1023 3186 in·

62 3208 167 3269 cendio
183 3208 393 3286 restinguendo
414 3208 607 3270 dimicationis
627 3207 761 3289 periculo
782 3208 951 3269 deterreant
966 3207 1023 3268 uo-

62 3310 174 3352 manos.
218 3293 319 3369 ilagna
334 3301 457 3372 repente
471 3294 502 3354 in
523 3294 595 3373 ipsis
620 3292 760 3372 operibus
781 3291 897 3353 llamma
919 3293 1054 3352 extitita

62 3375 273 3454 Quaecumque
290 3379 367 3438 enim
382 3395 435 3456 per
451 3374 549 3438 locum
569 3377 761 3456 praecipitem
776 3377 865 3436 missa
881 3382 973 3441 erant,
990 3392 1023 3434 ea

63 3460 155 3519 cineis
180 3467 211 3520 et
233 3477 339 3537 aggero
366 3478 525 3542 suppressa
551 3457 841 3546 conprehendebant
866 3456 905 3520 id
921 3460 1044 3538 ipsum.
