2356 3870
118 195 160 258 62
441 195 489 249 Du
510 192 626 248 Buteo
649 191 758 248 olunt

120 365 234 442 egressi
246 362 386 424 Curionis
400 359 510 420 milites
525 359 562 418 iis
573 357 665 418 rebus
679 355 867 434 indigebant,
883 374 959 436 quae
975 354 1012 417 ad
1027 375 1078 436 op

93 449 330 528 ttpugnationem
351 451 515 504 castrorum
529 449 614 503 erant
629 443 707 502 usui.
741 440 843 520 Itaque
860 440 948 527 Curio
964 444 1079 503 exerci-

72 591 75 597 ,
120 541 184 593 tum
198 533 229 590 in
244 536 341 590 eastra
355 528 480 596 reducit,
497 528 559 597 suis
573 524 711 586 omnibus
725 533 843 604 praeter
854 523 982 587 Fabium
997 528 1080 587 inco·

120 614 260 683 lumihus,
276 631 313 673 ex
324 629 448 672 numero
463 610 702 670 adversariorum
717 610 840 669 circiter
849 620 895 668 Dc
910 610 1081 671 interiectis

122 717 155 759 ao
166 698 247 758 mille
262 696 437 765 vulneratis;
453 696 504 772 qui
519 711 622 754 omnes
637 693 770 752 discessu
783 692 920 753 Curionis
934 693 1081 774 multique

121 789 277 862 praeterea
297 798 352 860 per
367 778 584 839 simulationem
599 776 754 836 vulnerum
776 794 811 835 ex
827 778 933 837 castris
949 779 981 837 in
996 779 1081 858 oppi-

95 867 192 927 odum
213 872 336 944 propter
361 865 498 923 timorem
518 879 584 921 sese
605 861 766 939 recipiunt.
810 858 873 929 Qua
894 878 927 920 re
947 863 1081 934 animad-

121 967 206 1010 versa
222 949 314 1010 Varus
335 954 365 1006 et
383 953 499 1006 terrore
521 945 670 1004 exercitus
690 944 822 1020 cognito,
854 944 1028 1005 bucinatore
1047 947 1081 1006 in

126 1034 231 1093 eastris
247 1041 276 1093 et
291 1033 394 1110 paucis
409 1029 446 1090 ad
461 1030 592 1107 speeiem
607 1027 809 1088 tabernaculis
824 1027 951 1103 relictis,
967 1029 1003 1089 de
1019 1038 1081 1090 ter·

123 1120 165 1178 tia
179 1116 277 1192 vigilia
293 1115 413 1179 silentio
428 1114 592 1173 exercitum
608 1113 640 1171 in
655 1111 797 1190 oppidum
812 1111 940 1171 reducit.

98 1208 112 1259 1
185 1198 314 1259 XXXVI.
344 1197 467 1258 Postero
488 1196 536 1256 die
552 1195 641 1256 Curio
661 1195 799 1256 obsidere
822 1195 935 1256 Uticam
957 1203 987 1256 et
1008 1197 1083 1259 vallo

123 1284 354 1344 circummunire
370 1282 509 1341 instituit.
531 1279 603 1339 Erat
614 1281 645 1338 in
657 1280 765 1358 oppido
776 1279 934 1340 multitudo
949 1282 1084 1342 insolens

124 1367 195 1427 belli
210 1365 405 1427 diuturnitate
421 1366 489 1432 otii,
512 1363 667 1424 Uticenses
681 1381 737 1442 pro
752 1362 929 1442 quibusdam
945 1364 1083 1427 Caesaris

123 1454 155 1513 in
171 1468 203 1510 se
218 1449 372 1510 beneficiis
387 1446 429 1507 illi
445 1448 628 1516 amicissimi,
644 1455 806 1507 conventus
821 1449 856 1516 is,
872 1449 923 1527 qui
938 1465 974 1507 ex
989 1451 1084 1510 variis

123 1533 284 1613 generibus
299 1539 463 1600 constaret,
487 1537 586 1590 terror
601 1548 638 1590 ex
654 1530 859 1609 superioribus
874 1531 998 1610 proeliis
1019 1551 1084 1594 ma·

97 1628 113 1676 2
125 1637 210 1696 gnus.
237 1617 340 1697 Itaque
353 1616 388 1676 de
400 1615 550 1676 deditione
569 1632 672 1674 omnes
691 1618 752 1676 iam
763 1615 858 1693 palam
873 1615 1081 1694 loquebantur,

124 1710 236 1763 etcum
252 1701 285 1761 P.
301 1703 381 1760 Attio
396 1699 539 1776 agebant,
560 1716 597 1758 ne
621 1716 673 1759 sua
688 1701 852 1777 pertinacia
873 1702 1005 1761 omnium
1020 1703 1083 1762 lor·

98 1793 213 1847 otunas
236 1783 408 1864 perturbari
433 1783 530 1843 vellet.
583 1781 662 1842 Haec
687 1800 753 1843 cum
779 1790 953 1860 agerentur,
982 1788 1083 1847 nuntii

123 1871 281 1949 praemissi
301 1867 338 1928 ab
360 1884 431 1944 rege
447 1866 519 1927 Iuba
534 1872 695 1935 venerunt,
717 1867 768 1944 qui
784 1867 867 1927 illum
888 1868 993 1934 adesse
1014 1888 1084 1931 oum

124 1954 238 2030 magnis
253 1953 348 2030 copiis
363 1951 498 2011 dicerent
514 1956 544 2009 et
560 1949 596 2009 de
612 1949 745 2010 custodia
761 1968 795 2009 ac
810 1951 981 2012 defensione
996 1953 1087 2015 urbis

123 2035 323 2097 hortarentur.
359 2033 439 2104 Quae
460 2051 509 2094 res
524 2051 628 2104 eorum
648 2035 826 2112 perterritos
847 2037 960 2096 animos
975 2039 1085 2098 contir-

124 2123 223 2180 mavit.

99 2214 113 2261 1
189 2202 329 2264 XXXVII.
359 2201 577 2263 Nuntiabantur
592 2201 664 2262 haec
685 2201 788 2262 eadem
803 2202 940 2273 Curioni,
956 2204 1013 2265 vsed
1028 2206 1083 2266 ali·

124 2288 265 2366 quamdiu
279 2288 353 2347 tides
367 2288 432 2347 lieri
454 2304 512 2346 non
527 2292 659 2364 poterat:
685 2293 800 2346 tantum
820 2286 948 2348 babebat
963 2307 1085 2349 suarum

41 2425 45 2434 .
98 2381 113 2428 2
126 2390 227 2433 rerum
242 2372 390 2432 fiduciam.
425 2369 546 2451 Iamque
562 2369 697 2430 Caesaris
710 2370 741 2430 in
756 2371 897 2449 Hispania
914 2390 962 2432 res
977 2390 1084 2433 secun·

125 2456 179 2516 dae
201 2459 232 2517 in
248 2456 376 2516 Alricam
392 2456 505 2514 nuntiis
526 2461 555 2513 et
570 2453 679 2532 litteris
693 2454 932 2532 perferebantur.
968 2455 1088 2526 Quibus

124 2539 216 2600 rebus
237 2537 374 2599 omnibus
395 2537 529 2599 sublatus
550 2537 624 2597 nihil
644 2546 746 2598 contra
767 2557 798 2598 se
819 2557 921 2618 regem
941 2559 1085 2601 ausurum

99 2622 323 2684 texistimabat.
360 2622 417 2682 Sed
433 2620 485 2681 ubi
500 2623 592 2681 certis
612 2621 784 2683 auctoribus
798 2627 957 2703 comperIt,
984 2627 1088 2686 minus

124 2720 148 2768 v
159 2713 189 2767 et
200 2721 249 2766 xx
261 2705 380 2766 milibus
395 2706 480 2782 longe
493 2704 530 2766 ab
543 2704 628 2766 Utica
644 2709 709 2766 eius
724 2709 824 2786 copias
841 2707 954 2779 abesse,
971 2710 1088 2770 relictis

99 2790 341 2852 tmunitionibus
361 2808 426 2851 sese
447 2790 477 2849 ln
500 2790 601 2851 Castra
617 2790 755 2851 Cornelia
775 2793 898 2870 recepit.
934 2793 999 2854 IIuo
1020 2795 1086 2854 Iru-

126 2883 257 2936 mentum
280 2883 479 2955 comportare,
493 2881 598 2934 ‘castra
619 2877 750 2945 munire,
773 2879 927 2936 materiam
947 2878 1088 2938 conlerre

126 2963 225 3039 coepit
240 2962 398 3040 statimque
414 2961 445 3019 In
456 2958 588 3018 Siciliam
605 2960 700 3027 misIt,
716 2961 761 3020 uti
777 2960 851 3021 duae
866 2961 999 3037 legiones
1013 2962 1085 3022 reli·

98 3051 262 3123 equusque
278 3047 428 3122 equitatus
442 3042 478 3103 ad
495 3060 526 3102 se
542 3045 721 3104 mitteretur.
753 3044 854 3105 Castra
869 3053 954 3105 erant
969 3045 1005 3105 ad
1021 3044 1088 3105 bel·

27 3158 29 3163 ·
126 3128 187 3187 lum
216 3128 383 3188 ducendum
409 3128 562 3205 aptissima
592 3137 696 3189 natura
724 3128 782 3188 loci
809 3138 839 3189 et
863 3131 1029 3190 munitione
1055 3135 1088 3189 et

126 3213 218 3271 maris
232 3214 453 3291 propinquitate
474 3217 504 3269 et
519 3229 611 3290 aquae
627 3220 656 3272 et
672 3211 741 3273 salis
756 3216 856 3292 copia,
878 3217 963 3274 cuius
979 3228 1088 3292 magne

101 3296 172 3354 ovis
185 3297 245 3355 iam
266 3312 301 3355 ex
316 3296 462 3374 proximis
478 3301 542 3355 erat
556 3295 659 3356 saliuis
674 3314 709 3355 eo
725 3305 873 3375 congesta.
909 3297 973 3358 Non
990 3305 1088 3358 mate·

126 3381 172 3439 ria
194 3378 384 3440 multitudine
406 3378 562 3449 arborum,
590 3398 648 3440 non
669 3381 865 3449 frumentum,
893 3384 978 3442 cuius
1000 3389 1090 3443 erant

120 3463 291 3540 plenissimi
309 3466 384 3543 agri,
400 3464 527 3524 delicere
542 3472 668 3547 poterat.
699 3464 800 3548 Itaque
815 3467 948 3526 omnium
964 3484 1088 3527 suorum
