2356 3870
41 217 43 221 ·
150 176 192 242 70
439 179 585 237 BELLUM
599 178 823 237 tubicenque.

149 333 252 412 copias
274 332 306 392 in
328 338 425 391 castra
446 330 620 399 reduceret,
650 347 758 408 magno
786 330 910 390 incursu
937 345 1007 390 cum
1029 331 1113 393 omni

150 419 285 495 equitatu
307 415 424 493 levique
453 422 603 475 annatura
631 413 722 483 luba,
752 413 854 493 Scipio
863 437 884 483 ,-
900 413 1052 475 Labienus
1080 417 1114 477 in

113 500 333 578 elegionarios
359 501 504 583 impetum
531 498 680 559 fecerunt.
729 498 854 578 Equites
882 498 1055 559 Caesariani
1083 501 1113 558 vi

29 640 34 648 .
149 586 309 644 universae
329 581 507 660 subitaeque
530 583 663 643 hostium
677 582 880 644 multitudinis
895 581 975 660 pulsi
988 599 1113 660 parum·

113 682 205 748 oper
237 674 403 728 cesserunt.
463 667 544 738 Quae
577 684 626 727 res
647 666 736 727 aliter
767 665 946 727 adversariis
980 665 1112 727 cecidit:

148 769 277 830 namque
306 752 414 813 Caesar
441 769 479 812 ex
499 750 598 812 medio
620 752 729 812 itinere
752 753 849 828 copiis
870 749 1004 811 reductis
1026 752 1112 829 equi-

149 835 232 896 tibus
254 838 317 897 suis
339 835 483 899 auxilium
505 836 589 904 tulit;
613 836 729 914 equites
752 842 850 895 autem
873 835 1001 896 adventu
1016 833 1112 911 legio·

150 937 224 981 mun
245 923 352 981 animo·
368 920 470 980 addito
492 921 646 980 conversis
668 921 754 998 equis
776 921 809 977 in
830 917 974 978 Numidas
1000 917 1112 996 cupide

90 1036 93 1040 ·
149 1006 343 1082 insequentes
366 1003 577 1082 dispersosque
599 1005 745 1082 impetum
775 1005 914 1063 iecerunt
941 1009 1032 1081 atque
1060 1020 1112 1062 eos

149 1088 380 1150 convulneratus
396 1089 539 1173 usquein
554 1095 664 1152 castra?
673 1089 757 1165 regia
771 1087 970 1166 reppulerunt
984 1085 1112 1148 multos·

111 1180 129 1227 4
149 1189 207 1249 que
230 1172 326 1232 exiis
349 1172 580 1232 interfecerunt.
614 1171 716 1246 ¹Quml
745 1172 804 1231 uisi
826 1173 858 1230 in
880 1178 1000 1233 noctem
1020 1189 1111 1250 proe-

148 1255 222 1316 lium
254 1262 332 1316 esset
365 1257 534 1317 coniectum
566 1255 722 1335 pulvisque
749 1263 838 1317 vento
866 1254 953 1315 ssatus
975 1257 1112 1316 omnium

148 1347 309 1418 prospectu
331 1338 495 1408 offecisset,
517 1338 591 1400 lube
614 1357 681 1400 cum
704 1338 839 1400 Labieno
862 1342 943 1417 capti
965 1341 998 1399 in
1024 1346 1111 1418 pote·

147 1429 255 1483 statem
277 1423 411 1483 Caesaris
432 1424 594 1491 venissent,
618 1424 827 1502 equitatusque
851 1441 920 1483 cum
937 1423 997 1482 levi
1012 1440 1111 1484 arma·

111 1513 216 1566 ttnra
238 1505 374 1568 funditus
396 1505 433 1566 ad
455 1508 688 1569 internicionem
711 1506 828 1568 deletus
850 1514 938 1568 esset.
983 1506 1110 1569 Interim

147 1590 369 1652 incredibiliter
390 1608 427 1650 ex
448 1590 620 1668 legionibus
640 1603 706 1651 1111.
723 1599 752 1652 et
767 1604 814 1651 VI,
829 1589 983 1669 Scipionis
995 1591 1111 1655 milites

147 1675 295 1752 diffugere
316 1676 427 1754 partim
448 1677 482 1736 in
511 1684 612 1736 castra
630 1675 781 1744 Caesaris,
815 1676 940 1753 partim,
974 1674 1007 1736 in
1034 1693 1111 1754 quas

146 1762 275 1837 quisque
297 1766 415 1839 poterat
443 1761 599 1837 regiones,
628 1761 803 1838 pervenire;
832 1759 963 1838 itemque
992 1763 1111 1838 equites

147 1842 324 1904 Curioniani
347 1843 437 1905 dillisi
458 1842 593 1921 Scipioni
615 1845 740 1922 eiusque
763 1843 862 1921 copiis
884 1843 1059 1922 complures
1076 1862 1109 1905 se

148 1927 256 1988 eodem
277 1926 485 1989 conterebant.
559 2000 563 2006 Ι

209 2009 284 2071 Llll.
330 2010 405 2072 bum
432 2010 507 2071 baec
534 2012 652 2073 circum
672 2011 803 2074 Uzittam
831 2010 869 2073 ab
891 2014 1029 2090 utrisque
1053 2012 1108 2074 du·

34 2142 35 2146 ,
146 2093 233 2155 cibus
261 2094 525 2163 administrantur,
548 2095 682 2172 legiones
704 2096 796 2166 duae,
818 2109 854 2157 x.
885 2104 914 2157 et
942 2108 1043 2166 unm,
1071 2115 1107 2157 ex

146 2177 250 2238 Sicilia
271 2176 402 2238 navibus
420 2180 569 2241 onerariis
581 2181 755 2259 proiectae,
779 2198 848 2242 curn
869 2182 927 2241 iam
943 2198 1004 2241 rmn
1019 2180 1107 2258 longe

146 2279 162 2322 a
195 2267 286 2338 portu
317 2261 469 2339 Ruspinae
502 2261 657 2333 abessent,
691 2266 883 2340 conspicatae
902 2264 1108 2325 Caesarianas

147 2362 251 2415 naves,
274 2363 350 2423 quae
371 2348 408 2407 in.
426 2346 556 2408 eletione
575 2346 654 2426 apud
675 2347 828 2426 Thapsum
848 2347 981 2416 stabant,
1005 2351 1107 2417 veriti,

145 2447 184 2490 ne
211 2431 243 2489 in
272 2429 512 2491 adversariorum
541 2438 574 2493 ut
601 2431 766 2495 insidiandi
788 2433 884 2509 gratia
905 2431 951 2491 ibi
973 2449 1106 2493 commo·

144 2516 275 2573 rentium
298 2514 425 2576 classem
447 2512 628 2584 inciderent,
652 2515 852 2594 inprudentes
873 2515 937 2576 vela
958 2517 991 2577 in
1014 2516 1106 2577 altum

145 2597 294 2657 dederunt
315 2617 349 2658 ac
372 2598 423 2658 diu
445 2599 632 2677 multumque
654 2601 757 2662 iactati
779 2599 900 2661 tandem
920 2598 1027 2661 multis
1039 2608 1108 2676 post

33 2673 40 2691 '
145 2679 251 2740 diebus
273 2682 324 2741 siti
347 2683 507 2761 inopiaque
530 2683 660 2742 conlecti
683 2683 720 2744 ad
735 2683 892 2745 Caesarem
915 2685 1105 2762 perveniunt.

109 2781 124 2831 1
207 2763 295 2825 Lllll.
339 2764 456 2836 Quibus
471 2765 641 2843 legionibus
664 2769 818 2847 expositis,
841 2785 958 2829 memor
972 2769 1005 2827 in
1020 2766 1106 2828 ltalia

143 2852 289 2927 pristinae
311 2848 453 2911 licentiae
475 2850 616 2912 militaris
638 2870 672 2912 ac
694 2854 868 2930 rapinarum
883 2859 1037 2913 certorum
1052 2852 1105 2912 ho·

143 2935 269 3002 minum,
293 2934 447 3010 parvulam
468 2935 557 2995 modo
580 2936 733 2996 causulam
755 2943 862 2996 nactus
883 2935 1002 3003 Caesar,
1026 2934 1106 3014 quod

143 3016 176 3077 C.
198 3016 513 3084 Avienus,'tribunus
541 3018 673 3081 militum
700 3032 735 3079 x.
765 3019 911 3097 legionis,
938 3037 1044 3081 navem
1066 3036 1106 3080 ex

143 3107 311 3161 commeatu
326 3101 440 3163 familia
460 3120 514 3162 sna
533 3109 622 3180 atque
634 3104 779 3165 iumentis
787 3105 993 3182 occupavisset
1008 3121 1106 3182 neque

142 3184 271 3244 militem
294 3201 387 3245 unum
416 3185 453 3245 ab
477 3185 582 3247 Sicilia
610 3187 798 3256 sustulisset,
831 3194 953 3265 postero
986 3187 1035 3249 die
1069 3186 1105 3248 de

143 3275 286 3344 suggestu
295 3271 465 3330 convocatis
479 3271 614 3332 omnium
625 3271 779 3349 legionum
801 3272 935 3333 tribunis
950 3274 1105 3333 centurie·

106 3361 122 3410 2
143 3349 306 3430 nibusque,
331 3351 469 3413 Maxime
490 3356 610 3428 vellem,
633 3357 749 3434 inquit,
772 3355 904 3416 domines
925 3372 1000 3417 snae
1015 3362 1105 3432 petu-

141 3436 259 3496 lantiae
286 3439 454 3512 nimiaeque
481 3439 632 3498 libertatis
657 3441 826 3520 aliquande
845 3441 935 3512 finem
960 3440 1108 3512 fecissent
