2356 3870
334 216 433 273 cuitu
449 216 511 272 viil.
526 215 594 272 GAP.
612 213 803 272 xviii-xxti.
991 214 1050 275 179

93 382 225 442 Correus
242 380 384 439 excedere
399 379 512 458 proelio
525 379 670 455 silvasque
685 386 787 456 petere
803 385 852 436 aut
863 374 1052 436 invitantibus

92 464 205 524 uostris
221 462 256 522 ad
272 462 448 523 deditionem
463 464 560 541 potuit
575 462 689 530 adduci,
707 463 777 538 quin
791 460 950 520 fortissime
964 476 1052 537 proe-

92 545 194 607 liando
210 545 427 625 conpluresque
448 544 628 606 vulnerando
651 552 771 622 cogeret
792 542 883 604 elatos
901 541 1053 604 iracundia

92 631 221 689 victores
236 629 265 688 in
282 647 314 688 se
328 629 385 689 tela
401 630 545 688 conicere.

160 711 220 772 xx.
265 712 328 772 Tali
349 712 436 772 modo
458 730 491 772 re
512 720 593 788 gesta
612 709 782 771 recentibus
801 708 907 789 proelii
926 711 1082 787 vestigiisi

93 797 248 872 ingressus
264 795 379 863 Caesar,
396 813 463 858 cum
478 797 568 855 victos
583 802 664 854 tanta
679 793 842 854 calamitate
864 795 1055 853 existumaret

94 877 196 937 hostes
216 880 318 937 nuntio
339 885 459 956 accepto
479 877 576 940 locum
597 884 761 937 castrorum
782 875 952 944 relicturos,
980 892 1055 952 quae

93 979 155 1021 uon
171 960 286 1037 longius
302 960 338 1021 ab
359 979 393 1021 ea
410 961 499 1021 caede
519 961 622 1021 abesse
638 978 778 1039 passuum
794 967 861 1019 octo
877 958 994 1019 mibbus
1010 959 1053 1018 di·

95 1042 254 1112 cebantur,
276 1046 392 1104 tametsi
413 1043 534 1104 flumine
553 1045 726 1123 impeditum
752 1044 908 1103 transitum
928 1041 1053 1110 videbat,

94 1135 196 1187 tamen
218 1129 348 1187 exercitu
369 1127 503 1187 traducto
524 1127 723 1206 progreditur.
763 1130 801 1187 At
820 1125 965 1187 Bellovaci
985 1124 1085 1185 reli-2

95 1225 232 1286 quaeque
247 1212 377 1270 civitates
392 1219 516 1288 repente
532 1228 566 1270 ex
582 1212 650 1287 fuga
665 1211 767 1287 paucis
783 1217 871 1286 atque
891 1208 937 1268 his
951 1208 1053 1269 vulne·

94 1293 168 1353 ratis
188 1296 324 1371 receptis,
348 1295 397 1369 qui
418 1293 557 1354 silvarum
577 1292 721 1353 beneficio
744 1310 844 1354 casum
866 1295 1052 1362 evitaverunt,

95 1375 233 1435 omnibus
255 1378 397 1445 adversis,
426 1379 541 1454 cognita
557 1376 734 1463 calamitate,
761 1376 917 1436 interfecto
934 1375 1053 1444 Correo,

95 1461 204 1520 amisso
227 1462 357 1535 equitatu
378 1468 407 1519 et
426 1461 594 1520 fortissimis
614 1459 777 1538 peditibus,
805 1477 871 1521 cum
898 1458 1054 1519 adventare

94 1541 244 1602 Romanos
265 1545 479 1612 existimarent,
508 1541 631 1602 concilio
651 1551 776 1621 repente
803 1548 890 1603 cantu
916 1540 1053 1602 tubarum

95 1631 256 1686 convocato
268 1626 459 1695 conclamant,
476 1625 564 1702 legati
576 1624 753 1702 obsidesque
769 1625 804 1686 ad
820 1627 974 1686 Caesarem
986 1627 1054 1684 mit-

94 1715 205 1769 tantur.

158 1790 233 1852 xxi.
267 1791 330 1851 lloc
345 1792 481 1852 omnibus
495 1791 620 1871 probato
642 1791 778 1860 consilio,
807 1791 955 1852 Commius
969 1794 1079 1851 Atre-i

93 1874 148 1935 bas
164 1873 199 1933 ad
217 1892 266 1934 eos
281 1876 413 1952 confugit
428 1876 604 1945 Germanos,
622 1893 637 1935 a
654 1874 761 1952 quibus
776 1874 811 1934 ad
825 1875 855 1934 id
876 1873 987 1935 bellum
1002 1892 1052 1934 au·

94 1958 164 2018 xiiia
179 1964 328 2017 mutuatus
341 1966 412 2018 erat.
445 1959 542 2020 Ceteri
558 1977 574 2019 e
589 1960 710 2037 vestigio
722 1960 842 2019 mittunt
853 1957 888 2018 ad
901 1959 1055 2018 Caesarem
1070 1968 1085 2013 2

92 2040 207 2118 legatos
222 2048 394 2119 petuntque,
411 2050 444 2102 ut
455 2043 797 2121 eapoenasitcontentus
812 2041 949 2110 bostium,
967 2059 1054 2118 quam

93 2125 121 2184 si
136 2126 200 2184 sine
212 2123 397 2184 dimicatione
408 2127 519 2186 inferre
531 2127 653 2204 integris
666 2134 777 2204 posset,
793 2144 848 2204 pro
860 2143 913 2186 sua
925 2124 1052 2185 clemen·

94 2209 135 2267 tia
156 2214 243 2283 atque
263 2207 444 2268 humanitate
465 2226 624 2285 numquam
645 2210 778 2288 profecto
800 2216 879 2270 esset
897 2209 1073 2275 inlaturus..

93 2289 232 2352 Adflictas
244 2309 315 2369 opes
328 2292 458 2366 equestri
469 2292 582 2370 proelio
595 2292 816 2353 Bellovacorum
828 2310 908 2358 esse;
926 2290 1053 2352 delecto·
1070 2298 1085 2348 3
1148 2351 1158 2368 ,

93 2392 163 2435 rum
177 2373 308 2451 peditum
329 2374 420 2434 multa
442 2376 520 2436 milia
539 2378 690 2444 interisse,
714 2378 759 2435 vix
774 2376 919 2452 refugisse
934 2376 1053 2434 nuntios

93 2456 201 2517 caedis.
233 2457 344 2517 Tamen
359 2476 513 2535 magnum,
536 2461 612 2520 utin
627 2467 706 2519 tanta
722 2458 899 2525 calamitate,
922 2457 1052 2519 bellora·
1069 2467 1084 2513 4

93 2558 145 2601 cos
162 2557 196 2599 eo
211 2540 325 2618 proelio
342 2541 528 2602 commodum
541 2561 605 2603 esse
621 2550 806 2610 consecutos,
823 2541 901 2618 quod
915 2537 1051 2610 Correus,

93 2632 196 2684 auctor
217 2623 302 2691 belli,
330 2627 492 2685 concitator
517 2625 726 2695 multitudinis,
754 2634 833 2686 essct
867 2625 1050 2685 interfectus.

93 2707 260 2782 Numquam
276 2709 353 2766 enim
365 2716 499 2768 senatum
514 2717 628 2770 tantum
642 2711 795 2769 incivitate
807 2708 857 2769 ilio
870 2709 943 2778 vivo,
961 2724 1050 2784 quan·

92 2798 157 2850 tum
171 2791 338 2868 imperitam
352 2790 479 2869 plebem,
495 2796 634 2870 potuisse.

156 2873 245 2933 Xllll.
282 2873 361 2933 llaec
388 2875 540 2935 orantibus
560 2874 663 2953 legatis
693 2881 905 2935 commemorat
929 2873 1051 2934 Caesar:
1071 2884 1081 2931 i

94 2957 205 3018 Eodem
227 2965 361 3035 tempore
394 2960 548 3037 superiore
579 2975 656 3018 anno
683 2957 852 3018 Bellovacos
878 2963 1051 3034 ceterasque

94 3039 205 3100 Galliae
221 3042 351 3100 civitates
367 3042 532 3119 suscepisse
547 3039 673 3109 bellum:
690 3042 924 3120 pertinacissime
945 3039 999 3102 bos
1015 3060 1048 3102 ex

94 3123 231 3184 omnibus
246 3126 276 3183 in
293 3126 436 3184 sententia
452 3125 649 3203 permansisse
669 3141 767 3201 neque
781 3125 817 3185 ad
834 3126 987 3185 sanitatem
1003 3143 1050 3184 re·

94 3205 242 3283 liquorum
254 3206 402 3267 deditione
414 3225 478 3268 esse
492 3208 660 3285 perductos.
684 3208 766 3269 Scire
781 3217 869 3285 atque
879 3207 1051 3286 intellegere
1067 3219 1081 3262 2

94 3309 140 3358 se,
158 3309 275 3351 causam
290 3292 404 3369 peccati
419 3290 555 3351 facillime
575 3293 700 3353 mortuIs
721 3292 860 3370 delegari.
897 3291 1049 3352 Neminem

95 3392 164 3434 vero
178 3382 292 3434 tantum
307 3373 436 3453 pollere,
458 3383 491 3435 ut
504 3376 601 3435 invitis
615 3376 814 3454 principibus,
831 3378 988 3436 resistente
1003 3393 1049 3434 se·

96 3466 180 3526 natu,
195 3457 338 3518 omnibus
358 3457 443 3519 bonis
462 3458 697 3539 repugnantibus
710 3461 829 3523 infirma
847 3456 1060 3538 manumetis

836 3541 900 3615 i‘i*
