2356 3870
268 198 382 257 GOMM.
396 200 445 256 III.
467 199 544 257 GAP.
558 200 853 259 xxxxvrul-Lm.
1000 197 1042 263 93

76 367 170 430 Cuius
181 366 338 428 consilium
349 366 628 446 reprehendendum
641 386 700 428 non
713 369 841 429 videtur.
864 369 946 430 Aliae
959 370 1065 428 enims

77 458 148 513 sunt
169 451 260 528 legati
282 458 383 530 partes
403 458 491 530 atque
513 453 717 530 imperatoris:
740 453 815 513 alter
835 455 933 513 omnia
951 471 1040 531 agere

77 536 115 598 ad
130 537 361 615 praescriptum,
374 536 450 596 alter
461 535 556 596 libere
568 536 604 596 ad
617 555 761 597 summam
772 555 874 598 rerum
885 536 1040 598 consulere

76 619 179 682 debet.
213 619 292 680 Sulla
314 638 330 680 a
346 620 471 681 Caesare
486 618 649 700 praesidio
665 623 771 681 castris
785 621 908 683 relictus
926 621 1064 682 libera-a

77 707 118 766 tis
133 706 197 765 suis
210 704 266 764 boe
281 705 340 764 suit
355 711 513 765 contentus
528 723 625 784 neque
640 704 757 784 proelio
768 706 922 767 decertare
937 706 1039 775 voluit,

76 806 154 870 quae
170 806 220 848 res
234 794 334 849 tamen
349 788 476 849 fortasse
492 787 620 867 aliquem
635 791 787 868 reciperet
802 808 912 861 casum,
931 809 968 850 ne
984 793 1039 851 im·

76 874 243 954 peratorias
263 872 321 933 sibi
343 880 445 951 partes
465 875 625 952 sumpsisse
647 873 811 935 videretur.
851 874 1067 953 Pompeianis6

76 973 216 1034 magnam
237 975 286 1018 res
306 957 343 1018 ad
365 964 520 1036 receptum
541 956 745 1019 difficultatem
766 957 930 1020 adferebat.
966 958 1040 1019 Nam

77 1059 115 1103 ex
133 1044 238 1121 iniquo
259 1042 410 1121 progressi
430 1043 495 1102 loco
515 1044 548 1101 in
570 1060 685 1102 summo
707 1044 916 1103 constiterant:
939 1046 965 1104 si
985 1060 1041 1122 per

77 1126 192 1188 declive
208 1143 273 1186 sese
289 1128 470 1206 reciperent,
493 1133 610 1186 nostros
626 1144 662 1187 ex
677 1129 833 1205 superiore
848 1129 1041 1208 insequentes

77 1211 145 1273 loco
159 1209 357 1282 verebantur;
379 1229 475 1290 neque
491 1210 617 1271 multum
633 1211 669 1271 ad
685 1211 756 1272 solis
771 1230 909 1273 oceasum
926 1221 1039 1291 tempo-

77 1297 123 1356 ris
138 1301 309 1373 supererat:
334 1313 385 1375 spe
402 1297 483 1355 enim
498 1295 676 1355 conficiendi
696 1298 811 1374 negotii
831 1315 925 1376 prope
940 1300 971 1358 in
986 1315 1039 1357 no·

76 1386 157 1440 etem
183 1397 247 1439 rem
272 1380 426 1440 duxerant.
466 1379 512 1440 lta
534 1382 702 1440 necessario
728 1389 816 1461 atque
842 1400 881 1442 er
904 1386 1066 1460 tempore?

77 1470 166 1544 capto
192 1463 315 1525 consilio
340 1463 499 1542 Pompeius
528 1464 674 1524 tumulum
703 1463 850 1543 quendam
874 1467 1038 1545 occupavit,
1139 1494 1144 1506 v

76 1550 131 1628 qui
156 1554 271 1608 tantum
293 1547 396 1609 aberat
417 1567 433 1608 a
456 1555 557 1608 nostro
572 1540 708 1618 dastello,
728 1559 761 1610 ut
780 1549 871 1610 telum
893 1556 1040 1610 tormento

76 1635 202 1694 missum
218 1632 298 1709 adigi
319 1651 378 1692 non
397 1639 509 1711 posset.
545 1633 607 1692 Hoc
621 1632 757 1693 consedit
776 1632 841 1693 loco
862 1640 950 1713 atque
972 1651 1040 1693 eum

77 1719 274 1779 communivit
290 1733 451 1792 omnesque
467 1714 510 1775 ibi
526 1718 627 1794 copias
642 1718 798 1776 continuit.

142 1801 205 1862 Lll.
240 1800 352 1862 Eodem
371 1809 505 1879 tempore
522 1799 640 1860 duobus
659 1808 817 1879 praeterea
838 1801 911 1862 locis
926 1806 1066 1879 pugna-1

77 1894 142 1949 turn
158 1893 219 1946 est:
235 1903 302 1945 nam
318 1885 403 1964 plura
419 1885 538 1945 castella
553 1883 711 1964 Pompeius
723 1887 837 1963 pariter
852 1885 1039 1945 distinendae

77 1988 184 2032 manus
200 1987 288 2031 causa
303 1976 512 2048 temptaverat,
534 1987 572 2029 ne
588 1988 624 2028 ex
639 1971 783 2048 proximis
798 1969 958 2049 praesidiis
973 1987 1040 2030 sue·

78 2057 162 2115 curri
176 2061 286 2133 posset.
317 2054 382 2114 Uno
397 2053 461 2114 loco
476 2053 626 2114 Volcatius
635 2052 739 2114 Tullus
752 2056 897 2132 impeturn
912 2054 1066 2131 legionistt

78 2140 223 2201 sustinuit
237 2138 410 2198 cohortibus
424 2137 521 2198 tribus
536 2144 624 2217 atque
640 2156 705 2198 eam
719 2138 785 2198 loco
800 2138 930 2218 depulit;
946 2138 1041 2199 altero

77 2223 221 2284 Germani
240 2223 331 2284 extra
350 2223 531 2283 munitiones
556 2228 673 2283 nostras
699 2225 812 2300 egressi
837 2222 1041 2304 compluribus

76 2308 246 2368 interfectis
261 2325 327 2368 sese
342 2306 380 2367 ad
395 2325 463 2366 suos
478 2306 643 2367 incolumes
657 2312 847 2386 receperunt.

141 2390 218 2451 Llll.
248 2390 291 2451 lta
306 2409 366 2451 uno
381 2390 429 2451 die
441 2404 478 2451 vl
492 2391 617 2469 proeliis
631 2391 728 2461 laetis,
744 2390 842 2451 tribus
858 2391 894 2452 ad
908 2390 1066 2470 Dyrrha-1

78 2475 196 2544 chium,
217 2475 314 2535 tribus
330 2475 365 2534 ad
382 2477 577 2545 munitiones,
600 2493 669 2536 cnm
688 2475 796 2536 horum
810 2477 941 2535 omnium
962 2477 1041 2535 ratio

77 2559 251 2629 haberetur,
274 2560 310 2620 ad
327 2559 385 2621 duo
400 2561 483 2621 milia
498 2578 622 2620 numero
638 2578 675 2620 ex
690 2558 881 2640 Pompeianis
895 2559 1040 2620 cecidisse

78 2643 321 2723 reperiebamus,
347 2650 482 2704 evocatos
500 2645 749 2723 centurionesque
769 2644 937 2724 complures
951 2677 993 2688 -
1007 2645 1041 2704 in

78 2729 188 2790 coluit
208 2746 333 2789 numero
347 2726 484 2789 Valerius
499 2728 623 2789 Flaccus
642 2728 676 2789 L.
692 2729 780 2797 lilius,
796 2730 871 2798 eius,
887 2730 938 2808 qui
952 2746 1040 2806 prae·

78 2822 127 2873 tor
151 2813 251 2873 Asiam
277 2812 447 2873 obtinuerat
471 2833 528 2884 ·-;
559 2815 701 2891 signaque
728 2818 798 2874 sunt
822 2812 963 2873 militaria
989 2830 1041 2871 sex

78 2897 182 2959 relata.
213 2896 314 2957 Nostri
329 2915 389 2957 non
404 2897 530 2976 amplius
544 2910 594 2956 xx
609 2895 746 2957 omnibus
762 2904 831 2957 sunt
849 2895 974 2975 proeliis
989 2895 1068 2956 ‹le-r

79 2981 213 3042 siderati.
245 2980 303 3041 Sed
318 2983 350 3041 in
365 2979 487 3042 castello
501 2998 589 3041 nemo
604 2982 663 3041 luit
677 2982 798 3041 omnino
813 2981 950 3051 militum,
966 2982 1067 3060 quint

78 3066 301 3134 vulneraretur,
329 3072 527 3146 quattuorque
554 3084 591 3126 ex
615 3083 674 3126 una
700 3065 821 3127 cohorte
850 3067 1041 3126 centuriones

79 3149 181 3210 oculos
203 3151 376 3211 amiserunt.
412 3150 532 3211 Etcum
554 3149 665 3211 laboris
681 3152 727 3210 sui
749 3151 935 3230 periculique
956 3152 1070 3210 testi-4

78 3236 213 3295 monium
228 3234 346 3295 adferre
363 3234 479 3304 vellent,
492 3235 574 3296 milia
590 3236 764 3312 sagittarum
784 3237 906 3296 circiter
920 3247 995 3295 xxx
1009 3237 1042 3295 in

78 3318 235 3379 castellum
257 3321 390 3380 coniecta
412 3319 532 3381 Caesari
552 3321 814 3389 renuntiaverunt,
840 3328 983 3399 scutoque
1004 3319 1041 3380 ad

79 3420 148 3463 eum
164 3403 258 3464 relato
275 3403 403 3465 Scaevae
420 3406 619 3474 centurionis,
642 3405 763 3466 inventa
778 3406 894 3466 suntin
909 3422 944 3465 eo
961 3405 1040 3465 lora·

77 3489 160 3548 mina
177 3499 258 3550 cxxt
287 3486 381 3558 Quem
393 3489 510 3575 Caesar,
527 3497 560 3550 ut
576 3494 642 3551 erat
656 3488 694 3551 de
710 3507 744 3553 se
757 3489 889 3553 meritus
902 3497 937 3550 et
948 3487 989 3548 be
1000 3492 1082 3546 re-ts
