2356 3870
148 230 189 290 44
468 225 507 281 bu
521 224 626 281 BELLO
642 224 780 281 beblGll

147 387 259 448 milium
271 387 444 464 crebrisque
460 387 587 448 castellis
600 386 819 448 circummuniti
830 385 938 466 oppido
953 403 1020 448 sese
1036 404 1107 448 con·

116 480 131 530 3
146 471 287 532 tinebant.
326 470 383 532 Ubi
402 473 495 532 vineis
510 472 583 532 actis
598 487 705 548 aggere
727 478 862 531 extructo
878 471 986 531 turrim
1000 469 1108 550 procul

147 557 286 616 constitui
301 553 445 625 viderunt,
460 557 591 634 primum
605 554 735 615 inridere
751 573 787 615 ex
801 572 888 615 muro
904 561 993 632 atque
1007 555 1106 615 incre-

146 640 242 716 pitare
256 637 493 716 vocibus,.quod
507 645 588 698 tanta
602 636 780 699 machinatio
801 636 839 698 ab
853 644 936 698 muto
952 638 1047 717 spatio
1061 639 1107 699 in·

114 728 328 783 astrueretur:
352 721 529 799 quibusnam
543 722 678 782 manibus
699 730 751 783 aut
768 720 877 799 quibus
892 719 1005 782 viribus
1019 738 1106 800 prae·

145 807 248 866 sertim
276 805 412 867 homines
442 804 572 867 tantulae
601 811 732 866 staturae
763 837 799 850 -
830 822 899 866 narn
927 803 1106 884 plerumque

146 888 283 950 omnibus
299 888 389 950 Gallis
408 907 482 968 prae
501 889 704 967 magnitudine
725 906 883 968 corporum
899 905 1022 950 suorum
1036 887 1106 949 bre·

144 975 218 1033 vitas
232 979 334 1034 nostra
349 975 533 1050 contemptui
548 980 593 1033 est
615 1006 651 1017 -
679 974 752 1034 tanti
771 973 872 1034 oneris
885 973 994 1033 turrim
1009 978 1106 1033 motu·

144 1074 194 1116 ros
209 1073 276 1116 sese
291 1056 491 1116 confiderent?

113 1147 124 1196 1
206 1139 308 1200 lllllll.
333 1139 390 1200 Ubi
410 1157 480 1199 vero
500 1141 614 1200 moveri
634 1146 664 1200 et
684 1139 924 1218 adpropinquare
949 1138 1106 1200 moenibus

143 1222 294 1290 viderunt,
316 1240 390 1283 nova
406 1230 494 1300 atque
508 1224 647 1283 inusitata
662 1224 761 1302 specle
781 1223 921 1283 commoti
941 1221 1055 1301 legatos
1070 1223 1108 1284 ad

111 1315 127 1363 2
143 1306 298 1367 Caesarem
314 1305 351 1366 de
364 1312 438 1385 pace
453 1308 615 1376 miserunt,
633 1308 698 1384 qui,
714 1305 752 1367 ad
766 1304 846 1367 bunc
859 1306 982 1367 modum
996 1305 1104 1369 locuti:

142 1407 203 1450 non
219 1390 403 1459 existimare,
419 1390 568 1450 Romanos
589 1392 654 1450 sine
674 1406 730 1469 ope
745 1389 843 1450 divina
861 1387 973 1450 bellum
988 1405 1104 1467 gerere,

143 1474 193 1548 qui
208 1479 306 1533 tantae
326 1471 488 1534 altitudinis
508 1471 740 1534 machinationes
760 1479 841 1533 tanta
862 1471 1013 1534 celeritate
1034 1491 1105 1553 pro·

111 1563 127 1616 3
141 1573 261 1616 movere
275 1564 406 1634 possent,
421 1575 454 1617 se
468 1573 582 1634 suaque
596 1559 695 1617 omnia
707 1574 811 1617 eorum
825 1558 966 1635 potestati
980 1559 1105 1635 permit·

110 1649 125 1696 4
141 1646 205 1700 tere
220 1638 368 1701 dixerunt.
394 1640 492 1701 Unum
502 1647 606 1719 petere
621 1658 656 1700 ac
667 1640 837 1720 deprecari:
855 1641 881 1700 sl
891 1642 969 1701 lorte
983 1657 1039 1718 pro
1051 1658 1106 1701 sua

142 1721 297 1783 clementia
312 1740 346 1782 ac
360 1723 602 1792 mansuetudine,
624 1740 713 1801 quam
733 1724 790 1801 ipsi
810 1722 848 1784 ab
870 1721 935 1784 aliis
956 1722 1104 1793 audirent,

140 1808 307 1875 statuisset,
323 1805 573 1867 Aduatucos'esse
588 1806 821 1872 conservandos.
845 1824 884 1865 ne
899 1824 932 1865 se
947 1808 1037 1866 armis
1052 1806 1104 1867 de·

108 1897 124 1947 5
140 1887 290 1966 spoliaret.
322 1889 385 1949 Sibi
400 1906 504 1949 omnes
518 1889 583 1948 tere
597 1888 737 1947 finitimos
752 1903 818 1947 esse
831 1886 967 1948 inimicos
982 1905 1016 1949 ac
1031 1906 1105 1950 suae

139 1972 242 2033 virtuti
257 1971 404 2038 invidere:
426 1991 442 2031 a
458 1969 566 2048 quihus
581 1988 614 2031 se
629 1969 791 2030 defendere
805 1969 922 2031 uaditis
937 1972 1027 2032 armis
1042 1989 1103 2033 non

108 2060 271 2134 opossent.
310 2049 373 2114 Sibi
391 2061 558 2133 praestare,
581 2055 606 2114 si
625 2056 657 2115 in
672 2071 740 2114 eum
756 2071 857 2115 casum
872 2053 1102 2126 deducerentur,

140 2139 273 2215 quamvis
293 2138 443 2198 fortunam
465 2156 481 2198 a
500 2136 611 2218 populo
631 2136 764 2198 Romano
789 2138 867 2215 pati,
890 2153 979 2214 quam
999 2137 1036 2199 ab
1056 2137 1103 2200 his

138 2239 194 2300 per
209 2222 374 2281 cruciatum
389 2222 529 2291 interfici,
549 2223 629 2282 iuter
644 2238 720 2298 quos
735 2219 881 2282 dominari
896 2230 1100 2284 consuessent.

108 2313 120 2363 l
200 2303 316 2365 XXXII.
340 2304 384 2365 nd
404 2304 478 2365 haec
493 2305 600 2367 Caesar
614 2304 783 2383 respondit:
808 2304 847 2365 Se
861 2305 957 2382 magis
975 2322 1101 2367 consue·

138 2388 241 2449 tudine
263 2406 316 2448 sua
332 2404 420 2465 quam
434 2390 542 2449 merito
558 2406 662 2450 eorum
683 2389 830 2449 civitatem
845 2396 1101 2461 conservaturum,

106 2481 122 2529 2
137 2473 163 2532 si
177 2474 271 2551 prius,
289 2489 377 2548 quam
392 2490 511 2533 mumm
523 2474 600 2533 aries
615 2472 768 2549 attigisset,
784 2489 818 2532 se
833 2470 1030 2540 dedidissent:
1048 2472 1102 2535 sed

137 2555 296 2616 deditionis
310 2554 421 2616 nullam
437 2573 503 2616 esse
514 2555 717 2617 condicionem
732 2555 790 2616 nisi
804 2555 894 2616 armis
908 2555 1037 2617 traditis.
1061 2557 1101 2618 Se

136 2639 180 2708 id,
198 2639 277 2716 quod
291 2641 323 2699 in
337 2638 452 2700 Nerviis
466 2639 602 2709 lecisset,
624 2641 773 2700 iacturum
787 2638 991 2715 finitumisque
1005 2642 1100 2719 impe·

136 2729 286 2792 raturum,
310 2739 349 2782 ne
369 2738 457 2799 quam
473 2721 618 2784 dediticiis
631 2721 735 2802 populi
749 2721 872 2783 Romani
892 2723 1032 2784 iniuriam
1053 2725 1099 2783 in·

106 2814 120 2864 t
136 2807 258 2867 terrent.
296 2805 341 2868 Re
355 2806 488 2868 nuntiata
503 2805 540 2866 ad
554 2824 639 2876 suos,
661 2822 737 2882 quae
751 2807 981 2884 imperarentur,
997 2806 1098 2867 lacere

107 2889 286 2951 edixerunt.
322 2891 481 2953 Armorum
500 2907 606 2968 magna
621 2888 810 2953 multitudine
829 2888 868 2954 de
882 2907 969 2953 muro
989 2890 1021 2952 in
1036 2889 1098 2953 los·

135 2991 207 3041 sam,
224 2991 300 3050 quae
315 2980 379 3034 erat
393 2982 461 3035 ante
473 2973 625 3054 oppidum,
637 2976 724 3045 iacta,
740 2976 783 3037 sic
797 2980 831 3037 ut
840 2992 936 3054 prope
951 2992 1099 3037 summam

135 3057 214 3118 muri
228 3058 403 3134 aggerisque
415 3057 600 3121 altitudinem
614 3061 712 3121 acervi
724 3074 876 3121 armorum
886 3058 1096 3135 adaequarent,

136 3146 278 3201 ettamen
294 3141 412 3202 circiter
431 3148 516 3219 parte
530 3145 632 3213 tertia,
653 3149 687 3205 ut
707 3149 812 3221 postea
833 3149 1026 3221 perspectum
1041 3149 1096 3212 est,

135 3223 228 3285 celata
249 3231 338 3299 atque
357 3226 388 3284 in
409 3224 517 3303 oppido
538 3233 671 3296 retenta,
699 3227 794 3305 portis
814 3227 970 3304 patefactis
992 3244 1027 3287 eo
1049 3225 1098 3288 die

134 3325 207 3386 pace
222 3313 293 3368 sunt
306 3308 365 3368 usi.
982 3353 984 3356 -

106 3401 116 3449 ι
194 3390 323 3453 lllllllll.
348 3389 410 3453 Sub
429 3407 588 3470 vesperum
602 3393 710 3456 Caesar
729 3399 831 3473 portas
851 3392 949 3455 claudi
971 3391 1095 3454 milites·

132 3492 191 3549 que
207 3493 242 3535 ex
258 3474 367 3553 oppido
390 3476 472 3539 exire
493 3478 594 3546 lussit,
617 3494 655 3538 ne
676 3494 764 3556 quam
784 3484 876 3540 noctu
896 3475 1036 3558 oppidani
1057 3473 1095 3538 ab
