2356 3870
163 239 203 302 82
483 233 523 290 llll
537 233 641 290 ructo
658 232 796 291 cautim

133 399 249 476 agendi
264 397 366 457 labore
380 397 535 474 longarum
550 397 668 457 navium
683 415 804 457 cursum
825 394 1036 473 adaequarunt.
1067 401 1121 459 dc·

163 500 280 542 cessum
308 488 353 540 est
378 480 413 540 ad
438 481 620 540 Britanniam
646 479 783 541 omnibus
808 479 933 541 navibus
958 480 1122 542 meridiano

135 566 226 625 diere
253 572 400 642 tempore,
426 580 523 641 neque
550 564 580 623 in
603 581 638 623 co
664 562 728 623 loco
749 562 842 624 hostis
867 571 912 624 est
935 565 1031 632 visus;
1059 564 1121 633 sed,

163 655 195 709 ut
213 658 317 727 postea
332 647 438 708 Caesar
460 665 495 706 ex
517 647 637 725 captivis
658 648 807 723 cognovit,
829 665 897 707 cum
917 665 1039 724 magnae
1060 667 1121 708 ma·

161 750 217 792 nus
247 749 282 791 eo
312 732 532 798 convenissent,
570 730 761 791 multitudine
789 731 907 790 navium
935 733 1121 808 perterritae,

163 832 325 892 quaecum
346 815 492 875 annotinis
512 813 706 892 privatisque,
735 830 808 890 quas
828 815 874 874 sui
896 816 1021 890 quisque
1042 833 1122 875 com·

162 897 242 959 modi
261 899 387 966 lecerat,
410 897 535 976 amplius
556 899 741 974 octingentae
762 915 822 957 uno
844 905 929 957 erant
947 899 1027 958 visae
1047 906 1122 958 tem·

162 1000 251 1061 pore,
274 1000 291 1041 a
310 980 397 1040 litore
418 981 614 1041 discesserant
634 998 668 1040 ac
688 998 721 1040 se
740 981 771 1040 in
792 982 947 1059 superiora
960 981 1026 1042 loca
1041 981 1122 1042 abdi·

163 1064 278 1125 derant.

135 1155 146 1205 t
224 1147 310 1208 Vllll.
335 1147 441 1208 Cacsar
462 1147 593 1224 exposito
617 1147 749 1207 exercitu
770 1152 800 1207 ct
815 1145 880 1207 loco
897 1149 1000 1208 castris
1015 1148 1122 1208 idoneo

162 1239 263 1309 capto,
286 1230 336 1291 ubi
358 1248 393 1290 ex
409 1232 530 1309 captivis
546 1231 694 1307 cognovit,
716 1246 774 1306 quo
794 1231 825 1290 in
846 1230 912 1291 loco
927 1229 1055 1290 hostium
1072 1250 1120 1291 co·

160 1317 227 1394 piae
247 1314 464 1381 consedissent,
486 1312 657 1374 cohortibus
677 1312 780 1373 decem
802 1312 837 1372 ad
859 1331 941 1373 mare
960 1313 1071 1374 relictis
1094 1325 1123 1374 ct

162 1397 311 1474 equitibus
326 1399 480 1464 trecentis,
498 1398 549 1473 qui
558 1396 706 1475 praesidio
718 1395 841 1456 naribus
854 1404 967 1464 essent,
983 1396 1020 1456 dc
1035 1400 1122 1458 tertia

161 1480 258 1559 sigilia
273 1479 308 1541 ad
319 1479 419 1540 hostes
431 1480 593 1548 contendit,
611 1498 645 1538 eo
657 1480 755 1539 minus
767 1480 877 1540 veritus
888 1478 1025 1549 navibus,
1043 1481 1122 1556 quod

161 1567 191 1625 in
207 1564 295 1625 litore
309 1563 390 1631 molli
406 1571 494 1641 atque
505 1572 608 1641 aperto
620 1561 761 1639 deligatas
772 1562 808 1622 ad
821 1580 960 1625 ancoram
971 1562 1120 1640 relinque·

160 1648 223 1717 hat,
246 1655 275 1708 et
294 1648 441 1727 praesidio
466 1647 647 1721 navibusque
667 1646 808 1716 Quintum
829 1647 943 1708 Atrium
969 1648 1120 1725 praefecit.

133 1732 228 1810 alpse
242 1740 333 1791 noctu
348 1748 525 1810 progressus
540 1730 619 1790 milia
639 1747 780 1808 passuum
796 1729 915 1791 circiter
930 1750 976 1790 xn
992 1729 1121 1791 hostium

134 1816 261 1894 scopiac
276 1817 463 1893 conspicatus
479 1823 532 1874 est.
571 1813 615 1874 llli
638 1814 769 1888 equitatu
783 1820 871 1889 atque
887 1813 999 1874 essedis
1015 1814 1050 1874 ad
1065 1814 1120 1874 llu-

161 1917 230 1959 men
255 1899 406 1976 progressi
433 1916 468 1957 ex
495 1897 561 1957 loco
587 1896 742 1975 superlore
763 1904 881 1957 nostros
906 1896 1067 1974 prohibere
1094 1907 1122 1957 et

134 1981 307 2061 tproelium
320 1983 503 2041 committere
515 1988 688 2059 coeperunt.
712 1979 833 2057 Repulsi
845 1979 881 2039 ab
895 1982 1028 2056 equitatu
1044 1999 1076 2040 se
1091 1983 1121 2039 in

162 2065 247 2124 silvas
263 2064 454 2133 abdiderunt,
469 2064 568 2125 locum
581 2065 680 2124 nancti
692 2065 809 2141 egregie
822 2073 851 2123 et
865 2072 971 2124 natura
986 2073 1016 2124 et
1030 2082 1122 2144 opere

162 2150 323 2216 munitum,
340 2163 429 2223 quem
440 2147 594 2207 domestici
609 2146 692 2214 belli,
708 2153 742 2208 ut
757 2145 944 2217 videbantur,
961 2165 1048 2209 causa
1064 2151 1121 2208 iam

134 2241 149 2287 5
163 2238 230 2292 ante
242 2241 501 2310 praeparaverant:
515 2249 583 2290 nam
593 2230 707 2291 crebris
719 2228 875 2290 arboribus
886 2232 1008 2291 succisis
1019 2251 1121 2292 omues

133 2317 298 2375 cintroitus
323 2322 407 2374 erant
428 2314 585 2412 praeclusi
623 2313 681 2393 Ipsi
709 2331 744 2373 ex
765 2313 845 2374 silvis
865 2316 926 2375 rari
951 2333 1121 2394 propugna-

135 2397 233 2459 tbant
247 2404 424 2473 nostrosque
439 2398 516 2457 intra
532 2399 711 2458 munitiones
725 2397 841 2474 ingredi
855 2397 1061 2476 prohibebant.
1086 2402 1122 2459 At

161 2462 269 2542 milites
284 2481 408 2558 legionis
423 2482 567 2559 septimae
583 2481 730 2544 testudine
745 2480 867 2541 factat
837 2488 867 2541 ct
881 2499 988 2560 aggere
1003 2482 1040 2542 ad
1054 2501 1119 2542 mu·

162 2567 290 2625 uitiones
311 2566 426 2625 adiecto
447 2563 545 2624 locum
567 2573 711 2642 ceperunt
726 2581 836 2641 eosque
853 2583 889 2624 ex
904 2565 983 2626 silvis
1000 2565 1120 2644 expule-

133 2656 231 2708 ermrt
245 2650 347 2726 paucis
360 2647 530 2708 vulneribus
544 2650 681 2726 acceptis.
706 2645 765 2706 Sed
776 2665 827 2708 eos
843 2649 990 2726 fugientes
1003 2647 1120 2726 longius

162 2732 268 2793 Caesar
288 2733 430 2811 prosequi
450 2732 555 2799 vetuit,
578 2738 607 2791 et
628 2731 706 2808 quod
728 2729 785 2791 loci
804 2740 939 2792 naturam
955 2732 1119 2810 ignorabat,

163 2823 192 2875 et
204 2816 296 2893 quod,
309 2832 414 2892 magna
424 2821 509 2893 parte
520 2814 578 2875 diei
590 2821 772 2892 consumpta,
786 2816 942 2875 munitioni
955 2827 1120 2878 castrorum

162 2909 280 2978 tempus
295 2898 422 2975 relinqui
437 2897 560 2959 volebat.

135 2990 147 3040 1
223 2982 257 3042 ll.
287 2983 432 3043 Postridie
452 2986 515 3042 elus
535 2981 594 3041 diei
619 2999 706 3042 mma
731 2982 878 3060 tripertito
906 2980 1016 3042 milites
1038 2985 1119 3058 equi·

162 3075 267 3142 tesque
281 3067 312 3125 in
328 3065 543 3144 expeditionem
558 3067 651 3134 misit,
674 3071 707 3125 ut
722 3083 785 3133 eos,
808 3067 859 3141 qui
879 3065 1030 3143 fugerant,
1051 3084 1119 3144 per·

135 3158 368 3225 esequerentur.
392 3148 443 3208 His
459 3149 642 3224 aliquantum
654 3149 771 3209 itineris
782 3151 963 3227 progressis
980 3167 1047 3209 cum
1062 3150 1121 3208 iam

164 3233 287 3292 extremi
310 3242 408 3292 essent
427 3233 457 3291 in
477 3242 651 3311 prospectu,
678 3233 794 3308 vequites
815 3250 831 3292 a
853 3233 960 3303 Quinto
981 3234 1062 3294 Atrio
1084 3233 1119 3291 ad

163 3315 318 3376 Gaesarem
331 3323 483 3385 venerunt,
497 3318 547 3393 qui
560 3317 738 3389 nuntiarent,
751 3317 906 3395 superiore
918 3324 1005 3376 nocte
1017 3334 1118 3377 maxu-

164 3418 210 3459 ma
226 3408 326 3462 coorta
346 3406 519 3478 tempestate
539 3418 634 3480 prope
649 3417 752 3460 omncs
775 3417 864 3461 nares
884 3399 1016 3460 adflictas
1031 3408 1119 3478 atque

160 3482 293 3544 inlitora
309 3484 417 3544 eiectas
433 3502 512 3553 esse,
534 3484 614 3559 quod
634 3499 733 3562 neque
748 3502 873 3546 ancorae
888 3485 1034 3562 funesque
1048 3481 1118 3544 sub·
