2356 3870
379 212 456 270 OAP.
469 213 780 272 xxxx-xxxxiiii.
1021 213 1068 280 65

98 362 174 432 loco,
198 381 257 441 quo
281 361 370 440 paulo
393 371 461 423 ante
482 368 721 434 commemoravi,
746 373 814 426 ante
831 364 973 444 oppidum
990 385 1063 428 con·
1121 356 1123 361 ’

97 448 176 506 stitit
197 479 240 488 —
262 464 405 524 suamque
428 449 524 507 aciem
545 447 675 508 mediam
691 467 726 509 eo
743 449 854 528 oppido
876 452 968 529 texit;
991 450 1063 511 dex·

98 540 180 590 trum
202 530 420 607 sinistrumque
444 549 547 600 cornu,
572 531 624 590 uhi
648 531 800 611 elephanti
821 541 917 604 erant,
941 535 973 594 iu
989 553 1063 595 con·

96 621 203 692 spectu
225 617 340 691 patenti
363 614 603 676 adversariorum
625 619 792 677 constituit.

160 696 306 758 XXXXll.
352 697 426 758 Cum
458 702 518 759 iam
551 718 645 778 prope
681 701 753 762 solis
786 719 925 762 occasum
954 700 1098 763 Caesarl

97 784 315 860 expectavisset
336 800 434 861 neque
458 802 493 842 ex
516 801 552 843 eo
574 783 652 852 loco,
677 803 736 863 quo
752 787 938 854 constiterat,
961 785 1062 865 Scipi·

96 884 186 926 onem
213 865 355 944 progredi
383 869 509 944 propius
537 885 569 926 se
597 868 857 930 animadvertisset
879 869 1006 947 locoque
1029 890 1061 931 se

97 952 192 1026 magis
221 950 400 1019 detendere,
436 953 462 1010 si
490 969 540 1010 res
569 954 733 1029 coegisset,
767 971 857 1032 quam
889 955 921 1012 in
955 972 1061 1032 campo

96 1036 265 1094 comminus
287 1036 454 1095 consistere
477 1035 596 1104 audere,
621 1054 682 1096 non
705 1042 750 1096 est
765 1039 827 1097 visa
843 1039 920 1097 ratio
935 1041 1061 1116 propius

86 1117 260 1197 ¹accedendi
282 1137 318 1178 eo
341 1118 389 1179 die
412 1119 448 1179 ad
470 1119 624 1197 oppidum,
648 1122 791 1200 quoniam
814 1119 858 1180 ibi
875 1120 1061 1200 praesidium

97 1202 211 1279 grande
227 1201 424 1262 Numidarum
446 1221 512 1263 esse
535 1212 724 1280 cognoverat,
747 1204 907 1283 hostesque
928 1205 1061 1266 mediam

96 1288 194 1359 aciem
217 1305 301 1346 suam
331 1286 440 1365 oppido
462 1289 572 1347 texisse
601 1295 630 1347 et
660 1288 720 1348 sibi
742 1288 867 1349 dilticile
890 1291 972 1349 lactu
995 1308 1060 1350 esse

97 1370 262 1439 intellexit,
290 1371 380 1430 simul
409 1377 439 1430 et
467 1371 610 1450 oppidum
638 1389 699 1431 uno
716 1379 864 1452 tempore
886 1389 1061 1452 oppugnare

48 1463 57 1477 ⁸
97 1461 130 1514 et
151 1456 183 1514 in
212 1457 275 1514 acie
304 1456 337 1514 in
364 1472 459 1514 cornu
487 1455 592 1515 dextro
620 1474 654 1515 ac
682 1457 805 1516 sinistro
838 1475 875 1518 ex
909 1459 1060 1535 iniquiore

95 1539 164 1598 loco
196 1556 346 1616 pugnare,
380 1541 560 1617 praesertim
593 1557 661 1599 cum
693 1541 807 1601 milites
834 1559 850 1600 a
880 1559 968 1601 mane
998 1541 1060 1602 diei

97 1624 193 1682 ieiuni
216 1622 271 1682 sub
295 1624 387 1682 aruris
408 1624 563 1683 stetissent
585 1622 749 1699 defatigati.
799 1622 902 1702 ltaque
925 1625 1059 1685 reductis
1081 1631 1097 1678 2

96 1709 160 1766 suis
183 1708 278 1784 copiis
301 1709 332 1765 in
356 1712 452 1766 castra
474 1715 595 1785 postero
618 1707 666 1766 die
688 1709 814 1786 propius
836 1725 942 1768 eorum
963 1711 1060 1769 aciem

97 1792 229 1850 instituit
252 1792 445 1868 exporrigere
467 1792 660 1852 munitiones.

71 1918 76 1926 .
158 1873 316 1934 XXXXlll.
361 1875 486 1936 luterim
509 1874 688 1944 Considius,
706 1877 759 1954 qul
780 1875 908 1936 Aciliam
931 1920 1007 1936 .....
1030 1884 1061 1938 et

95 1970 161 2016 vm
189 1957 364 2019 cohortibus
393 1959 599 2037 stipendiariis
620 1958 758 2019 Numidis
780 1958 976 2039 Gaetulisque
1004 1959 1059 2020 ob·

96 2041 228 2111 siciebat,
252 2042 306 2104 ubi
329 2042 360 2102 G.
377 2043 505 2104 Messius
528 2041 609 2122 [qui]
634 2042 812 2104 cohortibus
833 2051 983 2122 praeerat,
1007 2043 1060 2104 diu

95 2126 283 2205 multumque
306 2136 447 2205 expertus
468 2130 644 2204 magnisque
668 2126 812 2207 operibus
821 2146 914 2207 saepe
930 2127 1059 2188 admotis

96 2218 127 2270 et
149 2210 196 2271 his
212 2211 249 2270 ah
266 2210 424 2290 oppidanis
440 2214 576 2273 incensis·
588 2230 656 2272 cum
670 2213 833 2291 proficeret
847 2211 934 2281 nihil,
958 2209 1059 2272 subito

95 2298 203 2355 nuntio
225 2295 262 2355 de
285 2298 418 2373 equestri
441 2296 556 2374 proelio
579 2296 667 2355 allato
690 2302 871 2365 commotus,
894 2298 1057 2365 frumento,

95 2382 182 2438 cuius
204 2381 235 2439 in
257 2383 365 2439 castris
388 2382 504 2457 copiam
526 2379 686 2447 habuerat,
711 2381 851 2449 incenso,
874 2382 962 2449 rino,
991 2380 1059 2440 oleo

95 2466 265 2541 ceterisque
288 2463 407 2532 rehuss
425 2481 500 2542 quae
524 2463 560 2523 ad
583 2465 694 2522 victum
717 2466 817 2542 parari
846 2463 960 2532 solent,
990 2479 1057 2524 cor·

94 2550 194 2625 ruptis
212 2547 348 2616 Acillam,
372 2566 460 2626 quam
477 2545 649 2615 obsidebat,
674 2545 807 2606 deseruit
835 2553 924 2627 atque
947 2549 1058 2607 itinere

94 2648 150 2708 per
177 2649 304 2709 regnum
327 2630 420 2692 lubae
443 2633 523 2693 facto
546 2633 648 2710 copias
671 2649 740 2692 cum
763 2631 906 2710 Scipione
928 2634 1058 2710 partitus

93 2714 289 2775 Adrumetum
313 2734 344 2776 se
367 2718 492 2792 recepit.

157 2797 329 2857 Xllllllllll.
373 2799 492 2858 lnterea
514 2798 704 2859 exsecando
728 2805 907 2866 commeatu,
929 2816 1019 2876 quem
1040 2817 1058 2858 a
1077 2816 1092 2864 1

92 2880 202 2940 Sicilia
224 2883 346 2942 miserat
368 2882 506 2949 Alienus,
535 2883 619 2941 navis
647 2899 723 2950 uua,
752 2884 784 2941 in
813 2899 872 2960 qua
899 2882 1006 2941 tuerat¹
1020 2881 1055 2952 Q.

94 2964 250 3024 Cominius
278 2971 307 3023 et
334 2964 367 3024 L.
397 2965 517 3034 Ticida,
547 2983 640 3043 eques
666 2966 834 3035 Romanus,
869 2963 906 3024 ab
934 2964 1056 3025 residua

93 3049 189 3108 classe
213 3067 282 3108 cum
305 3050 467 3109 erravisset
485 3047 640 3127 delataque
657 3055 737 3110 esset
751 3056 839 3110 vento
855 3047 892 3108 ad
905 3047 1054 3126 Thapson,

92 3150 110 3191 a
133 3134 266 3210 Vergilio
289 3133 407 3211 scaphis
430 3132 635 3211 naviculisque
658 3134 801 3193 actuariis
824 3139 949 3211 excepta
965 3139 1057 3192 estet

94 3215 231 3277 abducta.
286 3216 362 3277 ltem
396 3216 489 3277 altera
522 3219 605 3277 naris
637 3219 742 3277 trieris
769 3234 805 3276 ex
834 3216 938 3277 eadem
961 3216 1092 3279 classee

90 3299 263 3361 errabunda
285 3320 319 3362 ac
342 3308 519 3380 tempestate
542 3300 638 3361 delata
660 3299 697 3360 ad
718 3301 913 3378 Aegimurum
928 3319 944 3361 a
959 3300 1054 3373 classe

94 3382 162 3443 Vari
184 3392 214 3443 et
235 3385 273 3445 M.
296 3386 399 3446 Octavi
426 3392 472 3446 est
499 3392 601 3464 capta,
631 3386 663 3445 in
691 3402 754 3462 qua
780 3385 893 3446 milites
918 3385 1055 3445 veterani

88 3485 161 3527 oum
184 3487 243 3528 uno
267 3472 445 3531 centurione
468 3476 498 3530 et
519 3469 660 3532 nonnulli
680 3471 802 3532 tirones
819 3469 971 3534 luerunt,
990 3482 1075 3541 quos

136 3580 155 3610 a.
170 3577 217 3609 tva
232 3581 326 3615 carone
353 3581 389 3622 m,
857 3570 878 3618 ἲ)
