<?xml version="1.0" encoding="UTF-8"?>
<!DOCTYPE html PUBLIC "-//W3C//DTD XHTML 1.0 Transitional//EN"
    "http://www.w3.org/TR/xhtml1/DTD/xhtml1-transitional.dtd">
<html xmlns="http://www.w3.org/1999/xhtml" xml:lang="en" lang="en">
 <head>
  <title>
</title>
<meta http-equiv="Content-Type" content="text/html;charset=utf-8" />
  <meta name='ocr-system' content='tesseract 3.04.00' />
  <meta name='ocr-capabilities' content='ocr_page ocr_carea ocr_par ocr_line ocrx_word'/>
</head>
<body>
  <div class='ocr_page' id='page_1' title='image "./commentariicuma00caesgoog_0279.png"; bbox 0 0 2356 3870; ppageno 0'>
   <div class='ocr_carea' id='block_1_1' title="bbox 160 214 797 289">
    <p class='ocr_par' dir='ltr' id='par_1_1' title="bbox 160 214 797 289">
     <span class='ocr_line' id='line_1_1' title="bbox 160 214 797 289; baseline -0.013 0"><span class='ocrx_word' id='word_1_1' title='bbox 160 223 202 289; x_wconf 85' lang='lat'><strong>68</strong></span> <span class='ocrx_word' id='word_1_2' title='bbox 297 214 300 219; x_wconf 80' lang='grc'><strong>’</strong></span> <span class='ocrx_word' id='word_1_3' title='bbox 481 228 529 282; x_wconf 84' lang='lat' dir='ltr'><strong>nu</strong></span> <span class='ocrx_word' id='word_1_4' title='bbox 551 226 665 282; x_wconf 76' lang='lat' dir='ltr'><strong>cnunc</strong></span> <span class='ocrx_word' id='word_1_5' title='bbox 689 225 797 282; x_wconf 81' lang='lat' dir='ltr'><strong>otuu</strong></span> 
     </span>
    </p>
   </div>
   <div class='ocr_carea' id='block_1_2' title="bbox 160 387 1123 593">
    <p class='ocr_par' dir='ltr' id='par_1_2' title="bbox 160 387 1123 593">
     <span class='ocr_line' id='line_1_2' title="bbox 160 387 1122 459; baseline -0.005 -15"><span class='ocrx_word' id='word_1_6' title='bbox 160 409 243 459; x_wconf 86' lang='lat' dir='ltr'><strong>reguo</strong></span> <span class='ocrx_word' id='word_1_7' title='bbox 266 394 464 444; x_wconf 78' lang='lat' dir='ltr'><strong>controversias</strong></span> <span class='ocrx_word' id='word_1_8' title='bbox 487 407 645 458; x_wconf 88' lang='lat' dir='ltr'><strong>componere</strong></span> <span class='ocrx_word' id='word_1_9' title='bbox 667 391 763 454; x_wconf 87' lang='lat' dir='ltr'><strong>vellet,</strong></span> <span class='ocrx_word' id='word_1_10' title='bbox 789 391 823 442; x_wconf 83' lang='lat' dir='ltr'><strong>ab</strong></span> <span class='ocrx_word' id='word_1_11' title='bbox 845 388 952 441; x_wconf 81' lang='lat' dir='ltr'><strong>Achille</strong></span> <span class='ocrx_word' id='word_1_12' title='bbox 976 387 1122 440; x_wconf 75' lang='lat' dir='ltr'><strong>lacessitus</strong></span> 
     </span>
     <span class='ocr_line' id='line_1_3' title="bbox 161 456 1123 527; baseline -0.005 -15"><span class='ocrx_word' id='word_1_13' title='bbox 161 460 264 527; x_wconf 89' lang='lat' dir='ltr'><strong>proelio</strong></span> <span class='ocrx_word' id='word_1_14' title='bbox 282 461 406 525; x_wconf 78' lang='lat' dir='ltr'>superior</span> <span class='ocrx_word' id='word_1_15' title='bbox 423 460 536 512; x_wconf 79' lang='lat' dir='ltr'><strong>discedit</strong></span> <span class='ocrx_word' id='word_1_16' title='bbox 556 461 714 526; x_wconf 81' lang='lat' dir='ltr'><strong>potiturque</strong></span> <span class='ocrx_word' id='word_1_17' title='bbox 730 459 883 510; x_wconf 79' lang='lat' dir='ltr'><strong>Ptolomaeo</strong></span> <span class='ocrx_word' id='word_1_18' title='bbox 899 473 961 522; x_wconf 88' lang='lat' dir='ltr'><strong>rege</strong></span> <span class='ocrx_word' id='word_1_19' title='bbox 977 456 1123 521; x_wconf 72' lang='lat' dir='ltr'><strong>Phsroque</strong></span> 
     </span>
     <span class='ocr_line' id='line_1_4' title="bbox 161 522 1122 593; baseline -0.006 -13"><span class='ocrx_word' id='word_1_20' title='bbox 161 528 251 580; x_wconf 83' lang='lat' dir='ltr'><strong>insule</strong></span> <span class='ocrx_word' id='word_1_21' title='bbox 262 532 289 578; x_wconf 86' lang='lat' dir='ltr'><strong>et</strong></span> <span class='ocrx_word' id='word_1_22' title='bbox 300 528 447 578; x_wconf 75' lang='lat' dir='ltr'><strong>Pothinum</strong></span> <span class='ocrx_word' id='word_1_23' title='bbox 462 532 660 593; x_wconf 83' lang='lat' dir='ltr'><strong>procuratorem</strong></span> <span class='ocrx_word' id='word_1_24' title='bbox 675 527 752 591; x_wconf 84' lang='lat' dir='ltr'><strong>regui</strong></span> <span class='ocrx_word' id='word_1_25' title='bbox 767 525 904 588; x_wconf 86' lang='lat' dir='ltr'><strong>interficit,</strong></span> <span class='ocrx_word' id='word_1_26' title='bbox 922 541 944 575; x_wconf 93' lang='lat' dir='ltr'><strong>c.</strong></span> <span class='ocrx_word' id='word_1_27' title='bbox 957 522 1122 576; x_wconf 79' lang='lat' dir='ltr'><strong>cv-dxn.</strong></span> 
     </span>
    </p>
   </div>
   <div class='ocr_carea' id='block_1_3' title="bbox 134 642 1134 3505">
    <p class='ocr_par' dir='ltr' id='par_1_3' title="bbox 134 642 1134 3505">
     <span class='ocr_line' id='line_1_5' title="bbox 136 642 1122 709; baseline -0.002 -3"><span class='ocrx_word' id='word_1_28' title='bbox 136 657 151 706; x_wconf 89' lang='lat' dir='ltr'><strong>t</strong></span> <span class='ocrx_word' id='word_1_29' title='bbox 226 648 248 707; x_wconf 94' lang='lat' dir='ltr'><strong>l.</strong></span> <span class='ocrx_word' id='word_1_30' title='bbox 272 646 421 708; x_wconf 83' lang='lat' dir='ltr'><strong>Dictatore</strong></span> <span class='ocrx_word' id='word_1_31' title='bbox 441 647 570 709; x_wconf 87' lang='lat' dir='ltr'><strong>habente</strong></span> <span class='ocrx_word' id='word_1_32' title='bbox 590 647 709 707; x_wconf 88' lang='lat' dir='ltr'><strong>comitia</strong></span> <span class='ocrx_word' id='word_1_33' title='bbox 725 642 850 707; x_wconf 83' lang='lat' dir='ltr'><strong>Caesare</strong></span> <span class='ocrx_word' id='word_1_34' title='bbox 866 644 1002 706; x_wconf 89' lang='lat' dir='ltr'><strong>consules</strong></span> <span class='ocrx_word' id='word_1_35' title='bbox 1017 661 1122 705; x_wconf 89' lang='lat' dir='ltr'><strong>crean-</strong></span> 
     </span>
     <span class='ocr_line' id='line_1_6' title="bbox 161 731 1123 809; baseline -0.004 -17"><span class='ocrx_word' id='word_1_36' title='bbox 161 739 211 792; x_wconf 91' lang='lat' dir='ltr'><strong>tur</strong></span> <span class='ocrx_word' id='word_1_37' title='bbox 226 732 319 793; x_wconf 91' lang='lat' dir='ltr'><strong>lulius</strong></span> <span class='ocrx_word' id='word_1_38' title='bbox 334 732 441 793; x_wconf 85' lang='lat' dir='ltr'><strong>Caesar</strong></span> <span class='ocrx_word' id='word_1_39' title='bbox 456 739 486 792; x_wconf 87' lang='lat' dir='ltr'><strong>et</strong></span> <span class='ocrx_word' id='word_1_40' title='bbox 500 732 532 792; x_wconf 92' lang='lat' dir='ltr'><strong>P.</strong></span> <span class='ocrx_word' id='word_1_41' title='bbox 550 731 707 791; x_wconf 83' lang='lat' dir='ltr'><strong>Servilius:</strong></span> <span class='ocrx_word' id='word_1_42' title='bbox 723 733 749 791; x_wconf 94' lang='lat' dir='ltr'><strong>is</strong></span> <span class='ocrx_word' id='word_1_43' title='bbox 765 732 844 791; x_wconf 88' lang='lat' dir='ltr'><strong>enim</strong></span> <span class='ocrx_word' id='word_1_44' title='bbox 861 738 927 790; x_wconf 90' lang='lat' dir='ltr'><strong>erat</strong></span> <span class='ocrx_word' id='word_1_45' title='bbox 943 747 1048 798; x_wconf 88' lang='lat' dir='ltr'><strong>annus,</strong></span> <span class='ocrx_word' id='word_1_46' title='bbox 1064 745 1123 809; x_wconf 91' lang='lat' dir='ltr'><strong>quo</strong></span> 
     </span>
     <span class='ocr_line' id='line_1_7' title="bbox 134 813 1122 895; baseline -0.002 -21"><span class='ocrx_word' id='word_1_47' title='bbox 134 825 150 874; x_wconf 80' lang='lat'>2</span> <span class='ocrx_word' id='word_1_48' title='bbox 162 834 217 895; x_wconf 90' lang='lat' dir='ltr'><strong>per</strong></span> <span class='ocrx_word' id='word_1_49' title='bbox 238 815 319 894; x_wconf 87' lang='lat' dir='ltr'><strong>leges</strong></span> <span class='ocrx_word' id='word_1_50' title='bbox 341 818 369 876; x_wconf 94' lang='lat' dir='ltr'><strong>ei</strong></span> <span class='ocrx_word' id='word_1_51' title='bbox 391 816 542 876; x_wconf 88' lang='lat' dir='ltr'><strong>consulem</strong></span> <span class='ocrx_word' id='word_1_52' title='bbox 564 816 631 876; x_wconf 88' lang='lat' dir='ltr'><strong>lieri</strong></span> <span class='ocrx_word' id='word_1_53' title='bbox 646 815 760 875; x_wconf 89' lang='lat' dir='ltr'><strong>liceret.</strong></span> <span class='ocrx_word' id='word_1_54' title='bbox 790 814 844 874; x_wconf 94' lang='lat' dir='ltr'><strong>His</strong></span> <span class='ocrx_word' id='word_1_55' title='bbox 859 813 951 874; x_wconf 88' lang='lat' dir='ltr'><strong>rebus</strong></span> <span class='ocrx_word' id='word_1_56' title='bbox 967 813 1122 881; x_wconf 86' lang='lat' dir='ltr'><strong>conlectis,</strong></span> 
     </span>
     <span class='ocr_line' id='line_1_8' title="bbox 163 888 1123 978; baseline -0.004 -18"><span class='ocrx_word' id='word_1_57' title='bbox 163 918 230 961; x_wconf 88' lang='lat' dir='ltr'><strong>cum</strong></span> <span class='ocrx_word' id='word_1_58' title='bbox 245 901 319 961; x_wconf 85' lang='lat' dir='ltr'><strong>fides</strong></span> <span class='ocrx_word' id='word_1_59' title='bbox 333 907 393 961; x_wconf 93' lang='lat' dir='ltr'><strong>tota</strong></span> <span class='ocrx_word' id='word_1_60' title='bbox 408 900 489 961; x_wconf 90' lang='lat' dir='ltr'><strong>ltalia</strong></span> <span class='ocrx_word' id='word_1_61' title='bbox 505 907 584 960; x_wconf 90' lang='lat' dir='ltr'><strong>esset</strong></span> <span class='ocrx_word' id='word_1_62' title='bbox 598 902 751 977; x_wconf 87' lang='lat' dir='ltr'><strong>angustior</strong></span> <span class='ocrx_word' id='word_1_63' title='bbox 772 916 870 978; x_wconf 90' lang='lat' dir='ltr'><strong>neque</strong></span> <span class='ocrx_word' id='word_1_64' title='bbox 885 888 1017 958; x_wconf 78' lang='lat' dir='ltr'><strong>creditae</strong></span> <span class='ocrx_word' id='word_1_65' title='bbox 1033 914 1123 976; x_wconf 92' lang='lat' dir='ltr'><strong>pecu·</strong></span> 
     </span>
     <span class='ocr_line' id='line_1_9' title="bbox 162 982 1124 1060; baseline -0.003 -16"><span class='ocrx_word' id='word_1_66' title='bbox 162 987 230 1044; x_wconf 89' lang='lat' dir='ltr'><strong>niae</strong></span> <span class='ocrx_word' id='word_1_67' title='bbox 245 985 444 1054; x_wconf 88' lang='lat' dir='ltr'><strong>solverentur,</strong></span> <span class='ocrx_word' id='word_1_68' title='bbox 461 986 628 1054; x_wconf 87' lang='lat' dir='ltr'><strong>constituit,</strong></span> <span class='ocrx_word' id='word_1_69' title='bbox 646 991 678 1044; x_wconf 93' lang='lat' dir='ltr'><strong>ut</strong></span> <span class='ocrx_word' id='word_1_70' title='bbox 692 982 798 1044; x_wconf 81' lang='lat' dir='ltr'><strong>arbitri</strong></span> <span class='ocrx_word' id='word_1_71' title='bbox 814 983 974 1052; x_wconf 85' lang='lat' dir='ltr'><strong>darentur;</strong></span> <span class='ocrx_word' id='word_1_72' title='bbox 1003 999 1058 1060; x_wconf 89' lang='lat' dir='ltr'><strong>per</strong></span> <span class='ocrx_word' id='word_1_73' title='bbox 1073 998 1124 1042; x_wconf 86' lang='lat' dir='ltr'><strong>eos</strong></span> 
     </span>
     <span class='ocr_line' id='line_1_10' title="bbox 162 1068 1124 1147; baseline -0.003 -19"><span class='ocrx_word' id='word_1_74' title='bbox 162 1069 269 1128; x_wconf 88' lang='lat' dir='ltr'><strong>fierent</strong></span> <span class='ocrx_word' id='word_1_75' title='bbox 281 1071 502 1129; x_wconf 87' lang='lat' dir='ltr'><strong>aestimationes</strong></span> <span class='ocrx_word' id='word_1_76' title='bbox 511 1070 733 1147; x_wconf 88' lang='lat' dir='ltr'><strong>posscssionum</strong></span> <span class='ocrx_word' id='word_1_77' title='bbox 746 1075 777 1128; x_wconf 90' lang='lat' dir='ltr'><strong>et</strong></span> <span class='ocrx_word' id='word_1_78' title='bbox 788 1086 899 1137; x_wconf 89' lang='lat' dir='ltr'><strong>rerum,</strong></span> <span class='ocrx_word' id='word_1_79' title='bbox 916 1068 1020 1145; x_wconf 90' lang='lat' dir='ltr'><strong>quanti</strong></span> <span class='ocrx_word' id='word_1_80' title='bbox 1033 1083 1124 1144; x_wconf 91' lang='lat' dir='ltr'><strong>quae-</strong></span> 
     </span>
     <span class='ocr_line' id='line_1_11' title="bbox 163 1149 1125 1232; baseline 0 -22"><span class='ocrx_word' id='word_1_81' title='bbox 163 1170 221 1231; x_wconf 90' lang='lat' dir='ltr'><strong>que</strong></span> <span class='ocrx_word' id='word_1_82' title='bbox 242 1169 344 1211; x_wconf 90' lang='lat' dir='ltr'><strong>earum</strong></span> <span class='ocrx_word' id='word_1_83' title='bbox 364 1160 432 1212; x_wconf 92' lang='lat' dir='ltr'><strong>ante</strong></span> <span class='ocrx_word' id='word_1_84' title='bbox 454 1152 565 1213; x_wconf 85' lang='lat' dir='ltr'><strong>bellum</strong></span> <span class='ocrx_word' id='word_1_85' title='bbox 585 1154 707 1221; x_wconf 90' lang='lat' dir='ltr'><strong>luisset,</strong></span> <span class='ocrx_word' id='word_1_86' title='bbox 735 1159 822 1232; x_wconf 90' lang='lat' dir='ltr'><strong>atque</strong></span> <span class='ocrx_word' id='word_1_87' title='bbox 845 1152 901 1212; x_wconf 92' lang='lat' dir='ltr'><strong>hae</strong></span> <span class='ocrx_word' id='word_1_88' title='bbox 923 1149 1125 1211; x_wconf 86' lang='lat' dir='ltr'><strong>creditoribus</strong></span> 
     </span>
     <span class='ocr_line' id='line_1_12' title="bbox 137 1234 1124 1297; baseline 0.001 -4"><span class='ocrx_word' id='word_1_89' title='bbox 137 1235 366 1296; x_wconf 80' lang='lat' dir='ltr'><strong>atraderentur.</strong></span> <span class='ocrx_word' id='word_1_90' title='bbox 401 1236 462 1296; x_wconf 90' lang='lat' dir='ltr'><strong>Hoc</strong></span> <span class='ocrx_word' id='word_1_91' title='bbox 478 1243 508 1296; x_wconf 91' lang='lat' dir='ltr'><strong>et</strong></span> <span class='ocrx_word' id='word_1_92' title='bbox 523 1238 559 1297; x_wconf 93' lang='lat' dir='ltr'><strong>ad</strong></span> <span class='ocrx_word' id='word_1_93' title='bbox 574 1238 712 1296; x_wconf 89' lang='lat' dir='ltr'><strong>timorem</strong></span> <span class='ocrx_word' id='word_1_94' title='bbox 727 1254 869 1296; x_wconf 86' lang='lat' dir='ltr'><strong>novarum</strong></span> <span class='ocrx_word' id='word_1_95' title='bbox 885 1234 1054 1296; x_wconf 88' lang='lat' dir='ltr'><strong>tabularum</strong></span> <span class='ocrx_word' id='word_1_96' title='bbox 1068 1234 1124 1295; x_wconf 81' lang='lat' dir='ltr'><strong>tol-</strong></span> 
     </span>
     <span class='ocr_line' id='line_1_13' title="bbox 163 1318 1124 1402; baseline 0 -23"><span class='ocrx_word' id='word_1_97' title='bbox 163 1319 285 1380; x_wconf 86' lang='lat' dir='ltr'><strong>lendum</strong></span> <span class='ocrx_word' id='word_1_98' title='bbox 305 1321 572 1400; x_wconf 88' lang='lat' dir='ltr'><strong>minuendumque,</strong></span> <span class='ocrx_word' id='word_1_99' title='bbox 595 1322 646 1402; x_wconf 91' lang='lat' dir='ltr'><strong>qui</strong></span> <span class='ocrx_word' id='word_1_100' title='bbox 668 1323 731 1381; x_wconf 88' lang='lat' dir='ltr'><strong>lere</strong></span> <span class='ocrx_word' id='word_1_101' title='bbox 753 1320 830 1380; x_wconf 88' lang='lat' dir='ltr'><strong>bella</strong></span> <span class='ocrx_word' id='word_1_102' title='bbox 846 1328 876 1380; x_wconf 93' lang='lat' dir='ltr'><strong>et</strong></span> <span class='ocrx_word' id='word_1_103' title='bbox 892 1319 994 1380; x_wconf 88' lang='lat' dir='ltr'><strong>civiles</strong></span> <span class='ocrx_word' id='word_1_104' title='bbox 1009 1318 1124 1379; x_wconf 87' lang='lat' dir='ltr'><strong>dissen-</strong></span> 
     </span>
     <span class='ocr_line' id='line_1_14' title="bbox 163 1404 1134 1482; baseline 0 -18"><span class='ocrx_word' id='word_1_105' title='bbox 163 1406 262 1464; x_wconf 88' lang='lat' dir='ltr'><strong>siones</strong></span> <span class='ocrx_word' id='word_1_106' title='bbox 282 1405 366 1482; x_wconf 88' lang='lat' dir='ltr'><strong>sequi</strong></span> <span class='ocrx_word' id='word_1_107' title='bbox 388 1407 555 1474; x_wconf 85' lang='lat' dir='ltr'><strong>consuevit,</strong></span> <span class='ocrx_word' id='word_1_108' title='bbox 578 1411 608 1464; x_wconf 92' lang='lat' dir='ltr'><strong>et</strong></span> <span class='ocrx_word' id='word_1_109' title='bbox 628 1404 664 1465; x_wconf 91' lang='lat' dir='ltr'><strong>ad</strong></span> <span class='ocrx_word' id='word_1_110' title='bbox 680 1405 848 1466; x_wconf 89' lang='lat' dir='ltr'><strong>debitorum</strong></span> <span class='ocrx_word' id='word_1_111' title='bbox 864 1404 1003 1465; x_wconf 85' lang='lat' dir='ltr'><strong>tuendam</strong></span> <span class='ocrx_word' id='word_1_112' title='bbox 1019 1405 1134 1464; x_wconf 85' lang='lat' dir='ltr'><strong>existi·-</strong></span> 
     </span>
     <span class='ocr_line' id='line_1_15' title="bbox 136 1488 1125 1568; baseline 0.005 -25"><span class='ocrx_word' id='word_1_113' title='bbox 136 1488 323 1548; x_wconf 78' lang='lat' dir='ltr'><strong>4mationem</strong></span> <span class='ocrx_word' id='word_1_114' title='bbox 339 1506 403 1548; x_wconf 86' lang='lat' dir='ltr'><strong>esse</strong></span> <span class='ocrx_word' id='word_1_115' title='bbox 420 1490 607 1568; x_wconf 86' lang='lat' dir='ltr'><strong>aptissimum</strong></span> <span class='ocrx_word' id='word_1_116' title='bbox 619 1490 808 1550; x_wconf 81' lang='lat' dir='ltr'><strong>existimavit.</strong></span> <span class='ocrx_word' id='word_1_117' title='bbox 831 1488 964 1568; x_wconf 88' lang='lat' dir='ltr'><strong>Itemque</strong></span> <span class='ocrx_word' id='word_1_118' title='bbox 977 1490 1125 1568; x_wconf 90' lang='lat' dir='ltr'><strong>praetori-</strong></span> 
     </span>
     <span class='ocr_line' id='line_1_16' title="bbox 163 1571 1126 1653; baseline -0.001 -21"><span class='ocrx_word' id='word_1_119' title='bbox 163 1571 220 1632; x_wconf 87' lang='lat' dir='ltr'><strong>bus</strong></span> <span class='ocrx_word' id='word_1_120' title='bbox 236 1571 424 1651; x_wconf 87' lang='lat' dir='ltr'><strong>tribunisque</strong></span> <span class='ocrx_word' id='word_1_121' title='bbox 445 1573 543 1652; x_wconf 87' lang='lat' dir='ltr'><strong>plebis</strong></span> <span class='ocrx_word' id='word_1_122' title='bbox 563 1575 733 1651; x_wconf 83' lang='lat' dir='ltr'><strong>rogationes</strong></span> <span class='ocrx_word' id='word_1_123' title='bbox 748 1574 784 1634; x_wconf 89' lang='lat' dir='ltr'><strong>ad</strong></span> <span class='ocrx_word' id='word_1_124' title='bbox 799 1574 941 1653; x_wconf 92' lang='lat' dir='ltr'><strong>populum</strong></span> <span class='ocrx_word' id='word_1_125' title='bbox 956 1571 1126 1633; x_wconf 81' lang='lat' dir='ltr'><strong>ferentibus</strong></span> 
     </span>
     <span class='ocr_line' id='line_1_17' title="bbox 163 1656 1124 1738; baseline 0 -22"><span class='ocrx_word' id='word_1_126' title='bbox 163 1656 320 1717; x_wconf 92' lang='lat' dir='ltr'><strong>nonnullos</strong></span> <span class='ocrx_word' id='word_1_127' title='bbox 335 1656 465 1717; x_wconf 87' lang='lat' dir='ltr'><strong>ambitus</strong></span> <span class='ocrx_word' id='word_1_128' title='bbox 480 1657 620 1738; x_wconf 90' lang='lat' dir='ltr'><strong>Pompeia</strong></span> <span class='ocrx_word' id='word_1_129' title='bbox 636 1659 703 1736; x_wconf 89' lang='lat' dir='ltr'><strong>lege</strong></span> <span class='ocrx_word' id='word_1_130' title='bbox 724 1658 877 1720; x_wconf 89' lang='lat' dir='ltr'><strong>damnatos</strong></span> <span class='ocrx_word' id='word_1_131' title='bbox 898 1657 960 1718; x_wconf 90' lang='lat' dir='ltr'><strong>illis</strong></span> <span class='ocrx_word' id='word_1_132' title='bbox 981 1659 1124 1736; x_wconf 90' lang='lat' dir='ltr'><strong>tempori·</strong></span> 
     </span>
     <span class='ocr_line' id='line_1_18' title="bbox 164 1739 1124 1822; baseline 0 -21"><span class='ocrx_word' id='word_1_133' title='bbox 164 1740 229 1811; x_wconf 90' lang='lat' dir='ltr'><strong>bus,</strong></span> <span class='ocrx_word' id='word_1_134' title='bbox 246 1739 356 1820; x_wconf 92' lang='lat' dir='ltr'><strong>quibus</strong></span> <span class='ocrx_word' id='word_1_135' title='bbox 371 1742 402 1802; x_wconf 92' lang='lat' dir='ltr'><strong>in</strong></span> <span class='ocrx_word' id='word_1_136' title='bbox 418 1742 492 1803; x_wconf 91' lang='lat' dir='ltr'><strong>urbe</strong></span> <span class='ocrx_word' id='word_1_137' title='bbox 508 1743 658 1822; x_wconf 89' lang='lat' dir='ltr'><strong>praesidia</strong></span> <span class='ocrx_word' id='word_1_138' title='bbox 672 1743 823 1819; x_wconf 86' lang='lat' dir='ltr'><strong>legionum</strong></span> <span class='ocrx_word' id='word_1_139' title='bbox 837 1742 997 1821; x_wconf 89' lang='lat' dir='ltr'><strong>Pompeius</strong></span> <span class='ocrx_word' id='word_1_140' title='bbox 1011 1740 1124 1801; x_wconf 85' lang='lat' dir='ltr'><strong>habue-</strong></span> 
     </span>
     <span class='ocr_line' id='line_1_19' title="bbox 163 1826 1125 1904; baseline 0.001 -19"><span class='ocrx_word' id='word_1_141' title='bbox 163 1832 220 1894; x_wconf 86' lang='lat' dir='ltr'><strong>rat,</strong></span> <span class='ocrx_word' id='word_1_142' title='bbox 236 1843 312 1904; x_wconf 85' lang='lat' dir='ltr'><strong>quae</strong></span> <span class='ocrx_word' id='word_1_143' title='bbox 327 1826 438 1888; x_wconf 92' lang='lat' dir='ltr'><strong>iudicia</strong></span> <span class='ocrx_word' id='word_1_144' title='bbox 453 1827 520 1887; x_wconf 91' lang='lat' dir='ltr'><strong>aliis</strong></span> <span class='ocrx_word' id='word_1_145' title='bbox 535 1827 726 1888; x_wconf 87' lang='lat' dir='ltr'><strong>audientibus</strong></span> <span class='ocrx_word' id='word_1_146' title='bbox 741 1826 905 1896; x_wconf 88' lang='lat' dir='ltr'><strong>iudicibus,</strong></span> <span class='ocrx_word' id='word_1_147' title='bbox 922 1826 989 1886; x_wconf 89' lang='lat' dir='ltr'><strong>aliis</strong></span> <span class='ocrx_word' id='word_1_148' title='bbox 1004 1832 1125 1886; x_wconf 86' lang='lat' dir='ltr'><strong>senten·</strong></span> 
     </span>
     <span class='ocr_line' id='line_1_20' title="bbox 164 1910 1126 1990; baseline 0.002 -22"><span class='ocrx_word' id='word_1_149' title='bbox 164 1912 236 1969; x_wconf 90' lang='lat' dir='ltr'><strong>tiam</strong></span> <span class='ocrx_word' id='word_1_150' title='bbox 247 1910 416 1971; x_wconf 79' lang='lat' dir='ltr'><strong>ferentibus</strong></span> <span class='ocrx_word' id='word_1_151' title='bbox 427 1911 552 1988; x_wconf 90' lang='lat' dir='ltr'><strong>singulis</strong></span> <span class='ocrx_word' id='word_1_152' title='bbox 564 1911 670 1972; x_wconf 85' lang='lat' dir='ltr'><strong>diebus</strong></span> <span class='ocrx_word' id='word_1_153' title='bbox 681 1919 766 1972; x_wconf 90' lang='lat' dir='ltr'><strong>erant</strong></span> <span class='ocrx_word' id='word_1_154' title='bbox 775 1912 919 1990; x_wconf 87' lang='lat' dir='ltr'><strong>perlecta,</strong></span> <span class='ocrx_word' id='word_1_155' title='bbox 931 1913 962 1971; x_wconf 92' lang='lat' dir='ltr'><strong>in</strong></span> <span class='ocrx_word' id='word_1_156' title='bbox 974 1911 1126 1988; x_wconf 85' lang='lat' dir='ltr'><strong>integrum</strong></span> 
     </span>
     <span class='ocr_line' id='line_1_21' title="bbox 164 1995 1125 2075; baseline 0 -22"><span class='ocrx_word' id='word_1_157' title='bbox 164 1996 312 2063; x_wconf 86' lang='lat' dir='ltr'><strong>restituit,</strong></span> <span class='ocrx_word' id='word_1_158' title='bbox 334 1997 386 2073; x_wconf 92' lang='lat' dir='ltr'><strong>qui</strong></span> <span class='ocrx_word' id='word_1_159' title='bbox 408 2012 439 2054; x_wconf 88' lang='lat' dir='ltr'><strong>se</strong></span> <span class='ocrx_word' id='word_1_160' title='bbox 459 1996 502 2055; x_wconf 92' lang='lat' dir='ltr'><strong>illi</strong></span> <span class='ocrx_word' id='word_1_161' title='bbox 524 1998 611 2055; x_wconf 91' lang='lat' dir='ltr'><strong>initio</strong></span> <span class='ocrx_word' id='word_1_162' title='bbox 627 1996 722 2057; x_wconf 89' lang='lat' dir='ltr'><strong>civilis</strong></span> <span class='ocrx_word' id='word_1_163' title='bbox 738 1996 808 2056; x_wconf 89' lang='lat' dir='ltr'><strong>belli</strong></span> <span class='ocrx_word' id='word_1_164' title='bbox 824 1995 1006 2075; x_wconf 89' lang='lat' dir='ltr'><strong>optulerant,</strong></span> <span class='ocrx_word' id='word_1_165' title='bbox 1031 1997 1057 2054; x_wconf 90' lang='lat' dir='ltr'><strong>si</strong></span> <span class='ocrx_word' id='word_1_166' title='bbox 1072 2012 1125 2054; x_wconf 90' lang='lat' dir='ltr'><strong>sua</strong></span> 
     </span>
     <span class='ocr_line' id='line_1_22' title="bbox 164 2077 1125 2158; baseline 0.001 -22"><span class='ocrx_word' id='word_1_167' title='bbox 164 2095 255 2156; x_wconf 91' lang='lat' dir='ltr'><strong>opera</strong></span> <span class='ocrx_word' id='word_1_168' title='bbox 274 2080 307 2137; x_wconf 93' lang='lat' dir='ltr'><strong>in</strong></span> <span class='ocrx_word' id='word_1_169' title='bbox 327 2078 405 2138; x_wconf 88' lang='lat' dir='ltr'><strong>bello</strong></span> <span class='ocrx_word' id='word_1_170' title='bbox 426 2083 469 2140; x_wconf 91' lang='lat' dir='ltr'><strong>uti</strong></span> <span class='ocrx_word' id='word_1_171' title='bbox 490 2079 590 2148; x_wconf 89' lang='lat' dir='ltr'><strong>vellet,</strong></span> <span class='ocrx_word' id='word_1_172' title='bbox 613 2081 739 2158; x_wconf 89' lang='lat' dir='ltr'><strong>proinde</strong></span> <span class='ocrx_word' id='word_1_173' title='bbox 761 2082 933 2149; x_wconf 89' lang='lat' dir='ltr'><strong>aestimans,</strong></span> <span class='ocrx_word' id='word_1_174' title='bbox 955 2097 989 2139; x_wconf 89' lang='lat' dir='ltr'><strong>ac</strong></span> <span class='ocrx_word' id='word_1_175' title='bbox 1009 2077 1125 2138; x_wconf 85' lang='lat' dir='ltr'><strong>sinsus</strong></span> 
     </span>
     <span class='ocr_line' id='line_1_23' title="bbox 137 2163 1124 2244; baseline 0.003 -25"><span class='ocrx_word' id='word_1_176' title='bbox 137 2168 260 2230; x_wconf 74' lang='lat' dir='ltr'><strong>desset,</strong></span> <span class='ocrx_word' id='word_1_177' title='bbox 278 2163 418 2240; x_wconf 90' lang='lat' dir='ltr'><strong>quoniam</strong></span> <span class='ocrx_word' id='word_1_178' title='bbox 434 2165 480 2222; x_wconf 91' lang='lat' dir='ltr'><strong>sui</strong></span> <span class='ocrx_word' id='word_1_179' title='bbox 495 2164 638 2224; x_wconf 85' lang='lat' dir='ltr'><strong>fecissent</strong></span> <span class='ocrx_word' id='word_1_180' title='bbox 651 2171 838 2244; x_wconf 87' lang='lat' dir='ltr'><strong>potestatem.</strong></span> <span class='ocrx_word' id='word_1_181' title='bbox 868 2163 1018 2224; x_wconf 89' lang='lat' dir='ltr'><strong>Statuerat</strong></span> <span class='ocrx_word' id='word_1_182' title='bbox 1033 2163 1124 2232; x_wconf 86' lang='lat' dir='ltr'><strong>enirn,</strong></span> 
     </span>
     <span class='ocr_line' id='line_1_24' title="bbox 164 2245 1125 2327; baseline 0.004 -23"><span class='ocrx_word' id='word_1_183' title='bbox 164 2247 250 2324; x_wconf 91' lang='lat' dir='ltr'><strong>prius</strong></span> <span class='ocrx_word' id='word_1_184' title='bbox 271 2245 325 2304; x_wconf 88' lang='lat' dir='ltr'><strong>hos</strong></span> <span class='ocrx_word' id='word_1_185' title='bbox 340 2247 452 2306; x_wconf 93' lang='lat' dir='ltr'><strong>iudicio</strong></span> <span class='ocrx_word' id='word_1_186' title='bbox 472 2248 575 2326; x_wconf 91' lang='lat' dir='ltr'><strong>populi</strong></span> <span class='ocrx_word' id='word_1_187' title='bbox 597 2248 708 2308; x_wconf 90' lang='lat' dir='ltr'><strong>debere</strong></span> <span class='ocrx_word' id='word_1_188' title='bbox 724 2250 844 2309; x_wconf 89' lang='lat' dir='ltr'><strong>restitui</strong></span> <span class='ocrx_word' id='word_1_189' title='bbox 859 2266 947 2327; x_wconf 91' lang='lat' dir='ltr'><strong>quam</strong></span> <span class='ocrx_word' id='word_1_190' title='bbox 963 2265 1016 2308; x_wconf 94' lang='lat' dir='ltr'><strong>suo</strong></span> <span class='ocrx_word' id='word_1_191' title='bbox 1033 2247 1125 2308; x_wconf 87' lang='lat' dir='ltr'><strong>bene·</strong></span> 
     </span>
     <span class='ocr_line' id='line_1_25' title="bbox 164 2329 1126 2409; baseline 0.003 -21"><span class='ocrx_word' id='word_1_192' title='bbox 164 2329 233 2389; x_wconf 90' lang='lat' dir='ltr'><strong>licio</strong></span> <span class='ocrx_word' id='word_1_193' title='bbox 248 2329 344 2389; x_wconf 91' lang='lat' dir='ltr'><strong>videri</strong></span> <span class='ocrx_word' id='word_1_194' title='bbox 359 2338 510 2409; x_wconf 90' lang='lat' dir='ltr'><strong>receptos,</strong></span> <span class='ocrx_word' id='word_1_195' title='bbox 531 2350 569 2392; x_wconf 89' lang='lat' dir='ltr'><strong>ne</strong></span> <span class='ocrx_word' id='word_1_196' title='bbox 591 2339 642 2392; x_wconf 90' lang='lat' dir='ltr'><strong>aut</strong></span> <span class='ocrx_word' id='word_1_197' title='bbox 658 2335 793 2409; x_wconf 90' lang='lat' dir='ltr'><strong>ingratus</strong></span> <span class='ocrx_word' id='word_1_198' title='bbox 808 2335 840 2392; x_wconf 91' lang='lat' dir='ltr'><strong>in</strong></span> <span class='ocrx_word' id='word_1_199' title='bbox 855 2331 1012 2392; x_wconf 79' lang='lat' dir='ltr'><strong>referenda</strong></span> <span class='ocrx_word' id='word_1_200' title='bbox 1028 2333 1126 2408; x_wconf 85' lang='lat' dir='ltr'><strong>gratia</strong></span> 
     </span>
     <span class='ocr_line' id='line_1_26' title="bbox 166 2415 1100 2496; baseline 0.001 -24"><span class='ocrx_word' id='word_1_201' title='bbox 166 2419 217 2473; x_wconf 94' lang='lat' dir='ltr'><strong>aut</strong></span> <span class='ocrx_word' id='word_1_202' title='bbox 232 2431 374 2491; x_wconf 83' lang='lat' dir='ltr'><strong>arrogans</strong></span> <span class='ocrx_word' id='word_1_203' title='bbox 388 2417 420 2475; x_wconf 92' lang='lat' dir='ltr'><strong>in</strong></span> <span class='ocrx_word' id='word_1_204' title='bbox 435 2418 645 2495; x_wconf 90' lang='lat' dir='ltr'><strong>praeripiendo</strong></span> <span class='ocrx_word' id='word_1_205' title='bbox 660 2417 761 2496; x_wconf 89' lang='lat' dir='ltr'><strong>populi</strong></span> <span class='ocrx_word' id='word_1_206' title='bbox 777 2416 922 2477; x_wconf 90' lang='lat' dir='ltr'><strong>beneticio</strong></span> <span class='ocrx_word' id='word_1_207' title='bbox 937 2415 1100 2476; x_wconf 88' lang='lat' dir='ltr'><strong>videretur.</strong></span> 
     </span>
     <span class='ocr_line' id='line_1_27' title="bbox 140 2496 1126 2579; baseline 0.005 -25"><span class='ocrx_word' id='word_1_208' title='bbox 140 2505 154 2554; x_wconf 86' lang='lat' dir='ltr'><strong>t</strong></span> <span class='ocrx_word' id='word_1_209' title='bbox 229 2496 267 2557; x_wconf 91' lang='lat' dir='ltr'><strong>ll.</strong></span> <span class='ocrx_word' id='word_1_210' title='bbox 295 2497 349 2558; x_wconf 92' lang='lat' dir='ltr'><strong>His</strong></span> <span class='ocrx_word' id='word_1_211' title='bbox 369 2498 460 2559; x_wconf 91' lang='lat' dir='ltr'><strong>rebus</strong></span> <span class='ocrx_word' id='word_1_212' title='bbox 481 2508 511 2560; x_wconf 92' lang='lat' dir='ltr'><strong>et</strong></span> <span class='ocrx_word' id='word_1_213' title='bbox 531 2501 616 2561; x_wconf 87' lang='lat' dir='ltr'><strong>leriis</strong></span> <span class='ocrx_word' id='word_1_214' title='bbox 636 2501 752 2562; x_wconf 81' lang='lat' dir='ltr'><strong>LatinIs</strong></span> <span class='ocrx_word' id='word_1_215' title='bbox 777 2502 965 2579; x_wconf 86' lang='lat' dir='ltr'><strong>comitiisque</strong></span> <span class='ocrx_word' id='word_1_216' title='bbox 985 2499 1126 2560; x_wconf 92' lang='lat' dir='ltr'><strong>omnibus</strong></span> 
     </span>
     <span class='ocr_line' id='line_1_28' title="bbox 164 2582 1124 2664; baseline 0.001 -22"><span class='ocrx_word' id='word_1_217' title='bbox 164 2582 357 2659; x_wconf 87' lang='lat' dir='ltr'><strong>perficiendis</strong></span> <span class='ocrx_word' id='word_1_218' title='bbox 372 2595 410 2642; x_wconf 78' lang='lat' dir='ltr'><strong>XI</strong></span> <span class='ocrx_word' id='word_1_219' title='bbox 425 2583 490 2643; x_wconf 90' lang='lat' dir='ltr'><strong>dies</strong></span> <span class='ocrx_word' id='word_1_220' title='bbox 509 2584 617 2645; x_wconf 90' lang='lat' dir='ltr'><strong>tribuit</strong></span> <span class='ocrx_word' id='word_1_221' title='bbox 637 2585 841 2664; x_wconf 88' lang='lat' dir='ltr'><strong>dictaturaque</strong></span> <span class='ocrx_word' id='word_1_222' title='bbox 862 2603 893 2644; x_wconf 91' lang='lat' dir='ltr'><strong>se</strong></span> <span class='ocrx_word' id='word_1_223' title='bbox 910 2584 1027 2644; x_wconf 88' lang='lat' dir='ltr'><strong>abdicat</strong></span> <span class='ocrx_word' id='word_1_224' title='bbox 1042 2592 1073 2644; x_wconf 90' lang='lat' dir='ltr'><strong>et</strong></span> <span class='ocrx_word' id='word_1_225' title='bbox 1087 2582 1124 2644; x_wconf 88' lang='lat' dir='ltr'><strong>ab</strong></span> 
     </span>
     <span class='ocr_line' id='line_1_29' title="bbox 138 2665 1126 2749; baseline 0.003 -25"><span class='ocrx_word' id='word_1_226' title='bbox 138 2665 240 2725; x_wconf 71' lang='lat' dir='ltr'><strong>turbe</strong></span> <span class='ocrx_word' id='word_1_227' title='bbox 258 2666 459 2744; x_wconf 87' lang='lat' dir='ltr'><strong>proficiscitur</strong></span> <span class='ocrx_word' id='word_1_228' title='bbox 480 2666 732 2749; x_wconf 88' lang='lat' dir='ltr'><strong>Brundisiumque</strong></span> <span class='ocrx_word' id='word_1_229' title='bbox 752 2671 898 2748; x_wconf 86' lang='lat' dir='ltr'><strong>pervenit.</strong></span> <span class='ocrx_word' id='word_1_230' title='bbox 929 2668 971 2728; x_wconf 84' lang='lat' dir='ltr'><strong>Eo</strong></span> <span class='ocrx_word' id='word_1_231' title='bbox 991 2668 1126 2746; x_wconf 85' lang='lat' dir='ltr'><strong>legiones</strong></span> 
     </span>
     <span class='ocr_line' id='line_1_30' title="bbox 164 2751 1124 2829; baseline 0.002 -20"><span class='ocrx_word' id='word_1_232' title='bbox 164 2763 232 2819; x_wconf 75' lang='grc' dir='ltr'><strong>ΧΗ,</strong></span> <span class='ocrx_word' id='word_1_233' title='bbox 256 2751 419 2829; x_wconf 90' lang='lat' dir='ltr'><strong>equitatum</strong></span> <span class='ocrx_word' id='word_1_234' title='bbox 440 2769 557 2812; x_wconf 88' lang='lat' dir='ltr'><strong>omnem</strong></span> <span class='ocrx_word' id='word_1_235' title='bbox 577 2755 681 2813; x_wconf 85' lang='lat' dir='ltr'><strong>venire</strong></span> <span class='ocrx_word' id='word_1_236' title='bbox 701 2756 838 2814; x_wconf 90' lang='lat' dir='ltr'><strong>iusserat.</strong></span> <span class='ocrx_word' id='word_1_237' title='bbox 870 2751 929 2812; x_wconf 87' lang='lat' dir='ltr'><strong>Sed</strong></span> <span class='ocrx_word' id='word_1_238' title='bbox 944 2757 1058 2812; x_wconf 87' lang='lat' dir='ltr'><strong>tanturn</strong></span> <span class='ocrx_word' id='word_1_239' title='bbox 1073 2770 1124 2812; x_wconf 90' lang='lat' dir='ltr'><strong>na·</strong></span> 
     </span>
     <span class='ocr_line' id='line_1_31' title="bbox 164 2836 1124 2915; baseline 0.003 -22"><span class='ocrx_word' id='word_1_240' title='bbox 164 2837 246 2895; x_wconf 86' lang='lat' dir='ltr'><strong>vium</strong></span> <span class='ocrx_word' id='word_1_241' title='bbox 261 2838 384 2914; x_wconf 88' lang='lat' dir='ltr'><strong>reperit,</strong></span> <span class='ocrx_word' id='word_1_242' title='bbox 401 2842 435 2895; x_wconf 89' lang='lat' dir='ltr'><strong>ut</strong></span> <span class='ocrx_word' id='word_1_243' title='bbox 449 2844 571 2913; x_wconf 88' lang='lat' dir='ltr'><strong>anguste</strong></span> <span class='ocrx_word' id='word_1_244' title='bbox 583 2850 632 2898; x_wconf 86' lang='lat' dir='ltr'><strong>xv</strong></span> <span class='ocrx_word' id='word_1_245' title='bbox 642 2836 724 2897; x_wconf 91' lang='lat' dir='ltr'><strong>milia</strong></span> <span class='ocrx_word' id='word_1_246' title='bbox 739 2838 971 2915; x_wconf 90' lang='lat' dir='ltr'><strong>legionariorum</strong></span> <span class='ocrx_word' id='word_1_247' title='bbox 986 2836 1124 2905; x_wconf 89' lang='lat' dir='ltr'><strong>militum,</strong></span> 
     </span>
     <span class='ocr_line' id='line_1_32' title="bbox 164 2919 1125 3000; baseline 0.003 -22"><span class='ocrx_word' id='word_1_248' title='bbox 164 2931 211 2979; x_wconf 85' lang='lat' dir='ltr'><strong>nc</strong></span> <span class='ocrx_word' id='word_1_249' title='bbox 226 2921 343 2999; x_wconf 90' lang='lat' dir='ltr'><strong>equites</strong></span> <span class='ocrx_word' id='word_1_250' title='bbox 362 2923 558 2999; x_wconf 89' lang='lat' dir='ltr'><strong>transportari</strong></span> <span class='ocrx_word' id='word_1_251' title='bbox 579 2928 710 3000; x_wconf 89' lang='lat' dir='ltr'><strong>possent.</strong></span> <span class='ocrx_word' id='word_1_252' title='bbox 739 2921 801 2981; x_wconf 89' lang='lat' dir='ltr'><strong>Hoc</strong></span> <span class='ocrx_word' id='word_1_253' title='bbox 822 2939 914 2982; x_wconf 89' lang='lat' dir='ltr'><strong>unum</strong></span> <span class='ocrx_word' id='word_1_254' title='bbox 937 2919 1053 3000; x_wconf 91' lang='lat' dir='ltr'><strong>[inopia</strong></span> <span class='ocrx_word' id='word_1_255' title='bbox 1072 2938 1125 2981; x_wconf 93' lang='lat' dir='ltr'><strong>na·</strong></span> 
     </span>
     <span class='ocr_line' id='line_1_33' title="bbox 165 3001 1125 3083; baseline 0.001 -20"><span class='ocrx_word' id='word_1_256' title='bbox 165 3001 261 3083; x_wconf 88' lang='lat' dir='ltr'><strong>vium]</strong></span> <span class='ocrx_word' id='word_1_257' title='bbox 294 3003 413 3064; x_wconf 84' lang='lat' dir='ltr'><strong>Caesari</strong></span> <span class='ocrx_word' id='word_1_258' title='bbox 443 3005 478 3065; x_wconf 93' lang='lat' dir='ltr'><strong>ad</strong></span> <span class='ocrx_word' id='word_1_259' title='bbox 509 3005 691 3065; x_wconf 87' lang='lat' dir='ltr'><strong>celeritatem</strong></span> <span class='ocrx_word' id='word_1_260' title='bbox 718 3006 892 3066; x_wconf 85' lang='lat' dir='ltr'><strong>conficiendi</strong></span> <span class='ocrx_word' id='word_1_261' title='bbox 922 3004 993 3064; x_wconf 92' lang='lat' dir='ltr'><strong>belli</strong></span> <span class='ocrx_word' id='word_1_262' title='bbox 1018 3005 1125 3065; x_wconf 85' lang='lat' dir='ltr'><strong>deluit.</strong></span> 
     </span>
     <span class='ocr_line' id='line_1_34' title="bbox 138 3088 1124 3169; baseline 0.007 -27"><span class='ocrx_word' id='word_1_263' title='bbox 138 3089 261 3166; x_wconf 79' lang='lat' dir='ltr'><strong>tAtque</strong></span> <span class='ocrx_word' id='word_1_264' title='bbox 281 3088 336 3148; x_wconf 91' lang='lat' dir='ltr'><strong>hae</strong></span> <span class='ocrx_word' id='word_1_265' title='bbox 357 3091 440 3167; x_wconf 88' lang='lat' dir='ltr'><strong>ipsae</strong></span> <span class='ocrx_word' id='word_1_266' title='bbox 460 3091 563 3168; x_wconf 89' lang='lat' dir='ltr'><strong>copiae</strong></span> <span class='ocrx_word' id='word_1_267' title='bbox 584 3089 640 3148; x_wconf 91' lang='lat' dir='ltr'><strong>hoc</strong></span> <span class='ocrx_word' id='word_1_268' title='bbox 654 3088 907 3169; x_wconf 85' lang='lat' dir='ltr'><strong>infrequentiores</strong></span> <span class='ocrx_word' id='word_1_269' title='bbox 920 3091 1124 3168; x_wconf 90' lang='lat' dir='ltr'><strong>imponuntur,</strong></span> 
     </span>
     <span class='ocr_line' id='line_1_35' title="bbox 165 3171 1126 3252; baseline 0.001 -21"><span class='ocrx_word' id='word_1_270' title='bbox 165 3172 243 3250; x_wconf 93' lang='lat' dir='ltr'><strong>quod</strong></span> <span class='ocrx_word' id='word_1_271' title='bbox 265 3171 351 3231; x_wconf 91' lang='lat' dir='ltr'><strong>multi</strong></span> <span class='ocrx_word' id='word_1_272' title='bbox 368 3172 490 3233; x_wconf 92' lang='lat' dir='ltr'><strong>Gallicis</strong></span> <span class='ocrx_word' id='word_1_273' title='bbox 504 3180 548 3233; x_wconf 90' lang='lat' dir='ltr'><strong>tot</strong></span> <span class='ocrx_word' id='word_1_274' title='bbox 563 3171 648 3232; x_wconf 90' lang='lat' dir='ltr'><strong>bellis</strong></span> <span class='ocrx_word' id='word_1_275' title='bbox 664 3173 849 3242; x_wconf 83' lang='lat' dir='ltr'><strong>deiecerant,</strong></span> <span class='ocrx_word' id='word_1_276' title='bbox 871 3173 1051 3252; x_wconf 88' lang='lat' dir='ltr'><strong>longumque</strong></span> <span class='ocrx_word' id='word_1_277' title='bbox 1067 3175 1126 3233; x_wconf 85' lang='lat' dir='ltr'><strong>iter</strong></span> 
     </span>
     <span class='ocr_line' id='line_1_36' title="bbox 166 3255 1126 3335; baseline 0.004 -21"><span class='ocrx_word' id='word_1_278' title='bbox 166 3272 202 3315; x_wconf 83' lang='lat' dir='ltr'><strong>ex</strong></span> <span class='ocrx_word' id='word_1_279' title='bbox 228 3255 369 3334; x_wconf 91' lang='lat' dir='ltr'><strong>Hispania</strong></span> <span class='ocrx_word' id='word_1_280' title='bbox 394 3275 533 3335; x_wconf 90' lang='lat' dir='ltr'><strong>magnum</strong></span> <span class='ocrx_word' id='word_1_281' title='bbox 558 3275 717 3317; x_wconf 88' lang='lat' dir='ltr'><strong>nnmerum</strong></span> <span class='ocrx_word' id='word_1_282' title='bbox 742 3258 942 3326; x_wconf 89' lang='lat' dir='ltr'><strong>deminuerat,</strong></span> <span class='ocrx_word' id='word_1_283' title='bbox 970 3265 1001 3317; x_wconf 94' lang='lat' dir='ltr'><strong>et</strong></span> <span class='ocrx_word' id='word_1_284' title='bbox 1026 3259 1126 3334; x_wconf 85' lang='lat' dir='ltr'><strong>gravis</strong></span> 
     </span>
     <span class='ocr_line' id='line_1_37' title="bbox 165 3341 1126 3421; baseline 0.003 -23"><span class='ocrx_word' id='word_1_285' title='bbox 165 3345 324 3399; x_wconf 90' lang='lat' dir='ltr'><strong>autumnus</strong></span> <span class='ocrx_word' id='word_1_286' title='bbox 339 3341 371 3399; x_wconf 93' lang='lat' dir='ltr'><strong>in</strong></span> <span class='ocrx_word' id='word_1_287' title='bbox 385 3341 491 3420; x_wconf 78' lang='lat' dir='ltr'><strong>Apulia</strong></span> <span class='ocrx_word' id='word_1_288' title='bbox 513 3344 685 3421; x_wconf 90' lang='lat' dir='ltr'><strong>circumque</strong></span> <span class='ocrx_word' id='word_1_289' title='bbox 700 3342 894 3403; x_wconf 91' lang='lat' dir='ltr'><strong>Brundisium</strong></span> <span class='ocrx_word' id='word_1_290' title='bbox 911 3360 948 3402; x_wconf 82' lang='lat' dir='ltr'><strong>ex</strong></span> <span class='ocrx_word' id='word_1_291' title='bbox 963 3341 1126 3403; x_wconf 90' lang='lat' dir='ltr'><strong>saluberri-</strong></span> 
     </span>
     <span class='ocr_line' id='line_1_38' title="bbox 165 3422 1127 3505; baseline 0.006 -23"><span class='ocrx_word' id='word_1_292' title='bbox 165 3425 222 3483; x_wconf 92' lang='lat' dir='ltr'><strong>mis</strong></span> <span class='ocrx_word' id='word_1_293' title='bbox 244 3422 354 3484; x_wconf 89' lang='lat' dir='ltr'><strong>Galliae</strong></span> <span class='ocrx_word' id='word_1_294' title='bbox 378 3432 407 3485; x_wconf 88' lang='lat' dir='ltr'><strong>et</strong></span> <span class='ocrx_word' id='word_1_295' title='bbox 429 3425 591 3504; x_wconf 89' lang='lat' dir='ltr'><strong>Hispaniae</strong></span> <span class='ocrx_word' id='word_1_296' title='bbox 616 3425 791 3505; x_wconf 85' lang='lat' dir='ltr'><strong>regionibus</strong></span> <span class='ocrx_word' id='word_1_297' title='bbox 817 3444 935 3489; x_wconf 90' lang='lat' dir='ltr'><strong>omnem</strong></span> <span class='ocrx_word' id='word_1_298' title='bbox 960 3429 1127 3488; x_wconf 83' lang='lat' dir='ltr'><strong>exercitum</strong></span> 
     </span>
    </p>
   </div>
   <div class='ocr_carea' id='block_1_4' title="bbox 160 3507 547 3595">
    <p class='ocr_par' dir='ltr' id='par_1_4' title="bbox 160 3507 547 3595">
     <span class='ocr_line' id='line_1_39' title="bbox 160 3507 547 3595; baseline 0.026 -30"><span class='ocrx_word' id='word_1_299' title='bbox 160 3507 323 3571; x_wconf 80' lang='lat' dir='ltr'><strong>ral1&#39;tud1&#39;ne</strong></span> <span class='ocrx_word' id='word_1_300' title='bbox 338 3515 547 3595; x_wconf 86' lang='lat' dir='ltr'><strong>temptaverat.</strong></span> 
     </span>
    </p>
   </div>
   <div class='ocr_carea' id='block_1_5' title="bbox 0 0 1188 3870">
    <p class='ocr_par' dir='ltr' id='par_1_5' title="bbox 0 0 1188 3870">
     <span class='ocr_line' id='line_1_40' title="bbox 0 0 1188 3870; baseline 0 0"><span class='ocrx_word' id='word_1_301' title='bbox 0 0 1188 3870; x_wconf 95' lang='lat' dir='ltr'><strong> </strong></span> 
     </span>
    </p>
   </div>
  </div>
 </body>
</html>
