2356 3870
679 107 691 149 l

120 222 164 286 50
258 241 262 245 ’
330 224 332 227 ’
439 227 487 282 DE
508 227 622 283 BELLO
646 227 755 283 01va

123 402 233 463 serant,
249 396 290 453 ila
305 395 433 472 proximi
450 393 509 454 diei
526 411 596 453 casu
611 394 753 454 admoniti
769 393 864 454 omnia
882 394 917 453 ad
929 393 1082 455 defensio·

122 495 190 538 nem
205 484 389 556 paraverant.
412 477 513 556 ltaque
528 476 627 537 multis
641 478 808 538 interiectis
822 477 954 555 reliquos
968 479 1083 538 iniecta

122 579 155 623 re
171 564 203 621 ia
218 561 360 640 oppidum
374 561 560 640 repulerunt.

97 696 112 747 1
187 687 248 748 XV.
277 685 446 747 Trebonius
461 706 510 757 ca,
533 694 692 765 quaesunt
712 689 832 756 amissa,
858 688 951 748 multo
967 689 1081 747 maiore
1102 688 1119 718 ⁶

123 771 248 854 militum
263 771 359 830 studio
375 771 582 832 administrare
598 771 759 830 etrellcere
776 773 914 832 instituit.
937 771 1011 832 Nam
1025 770 1080 831 ubi

122 863 219 927 tantos
238 873 308 916 suos
322 853 439 915 labores
455 861 485 915 et
500 860 658 933 apparatus
678 855 753 915 male
775 855 919 915 cecidisse
940 855 1080 914 vidcrunt

122 939 303 1017 indutiisque
325 956 380 1017 per
395 938 490 999 scelus
504 938 620 998 violatis
634 956 717 997 suam
732 940 872 998 virtutem
895 940 998 998 irrisui
1013 938 1079 997 lore

122 1022 350 1102 perdoluerunt,
366 1021 459 1102 quod,
482 1021 561 1081 unde
577 1038 667 1098 agger
682 1025 801 1082 omnino
817 1024 994 1102 comportari
1010 1041 1081 1100 pos·

95 1114 178 1175 aset,
195 1105 270 1166 nihil
286 1113 351 1166 erat
361 1106 520 1184 reliquum,
536 1105 674 1165 omnibus
689 1104 845 1166 arboribus
860 1107 946 1184 longe
961 1106 1080 1185 lateque

121 1192 153 1250 in
177 1187 287 1251 finibus
306 1187 535 1250 Massiliensium
562 1190 670 1249 excisis
694 1196 724 1249 et
744 1193 908 1260 convectis,
940 1207 1083 1268 aggerem

122 1275 189 1333 novi
210 1276 330 1350 generis
351 1279 437 1351 atque
454 1273 618 1333 inauditum
640 1291 676 1332 ex
691 1273 835 1340 latericiis
855 1273 970 1334 duobus
984 1275 1080 1333 muris

122 1375 226 1417 senum
244 1357 352 1435 pedum
368 1356 564 1417 crassitudine
585 1363 672 1434 atque
693 1374 796 1416 eorum
816 1375 969 1417 murorum
983 1359 1081 1417 conti·

121 1442 259 1518 gnatione
280 1441 378 1500 lacere
397 1441 606 1509 instituerunt,
629 1458 721 1520 aequa
735 1441 799 1501 lere
815 1441 968 1502 altitudine
989 1449 1080 1520 atque

94 1524 175 1585 aillc
195 1525 391 1601 congesticius
413 1543 448 1584 ex
469 1525 593 1585 materia
614 1524 712 1585 luerat
732 1541 831 1602 agger.
865 1525 924 1586 Ubi
946 1531 997 1585 aut
1011 1543 1078 1604 spa-

121 1611 194 1669 tium
216 1610 296 1668 inter
319 1627 420 1669 muros
441 1614 491 1668 aut
511 1606 690 1668 inbecillitas
712 1611 853 1669 materiae
868 1608 1018 1687 postulare
1034 1610 1080 1668 vi·

121 1693 252 1760 deretur,
267 1692 344 1768 pilae
360 1695 600 1770 interponuntur,
615 1695 793 1752 traversaria
808 1693 888 1770 tigna
904 1693 1078 1762 iniciuntur,

121 1794 195 1856 quae
217 1777 402 1837 firmamento
417 1793 482 1835 esse
497 1777 627 1855 possint,
652 1783 681 1835 et
695 1776 840 1856 quidquid
863 1783 908 1835 est
923 1779 1078 1854 contigna-

95 1867 200 1929 otum,
223 1858 354 1920 cratibus
368 1861 584 1929 consternitur,
607 1866 702 1919 crates
716 1859 778 1919 luto
793 1862 977 1937 integuntur.
1014 1859 1080 1921 Sub

121 1951 200 2004 tecto
215 1944 301 2004 miles
312 1944 414 2005 dextra
430 1962 464 2003 ac
476 1944 596 2004 sinistra
608 1961 693 2002 muro
704 1950 810 2011 tectus,
828 1944 968 2011 adversus
983 1944 1078 2023 plutei

120 2027 255 2096 obiectu,
272 2031 355 2106 operi
371 2044 574 2106 quaecumque
590 2033 660 2086 sunt
674 2029 756 2096 usui,
777 2029 841 2087 sine
856 2028 990 2106 periculo
1007 2027 1080 2088 sub·

93 2117 228 2189 aportat.
258 2110 404 2172 Celeriter
418 2129 467 2170 res
487 2110 727 2182 administratum
749 2111 881 2172 diuturni
896 2111 1009 2172 laboris
1025 2111 1080 2172 de·

1 2197 3 2202 ’
120 2197 294 2254 trimentum
309 2194 438 2254 sollertia
450 2200 479 2253 et
491 2195 599 2254 virtute
614 2194 740 2276 militum
756 2194 839 2255 brevi
855 2197 1078 2256 reconciliatur.

120 2278 242 2347 Portae,
263 2275 372 2355 quibus
392 2279 465 2338 locis
485 2278 617 2347 videtur,
642 2281 807 2358 eruptionis
828 2297 915 2339 causa
936 2280 967 2338 in
991 2297 1079 2340 muro

120 2361 340 2440 relinquuntur.

184 2485 260 2548 XVI.
290 2487 373 2558 Quod
390 2487 441 2549 ubi
456 2488 556 2548 hostes
571 2488 723 2558 viderunt,
745 2507 795 2556 ea,
817 2506 891 2568 quae
907 2487 958 2548 diu
973 2489 1062 2566 longo

119 2589 177 2652 que
193 2573 289 2650 spatio
304 2573 386 2631 refici
402 2588 459 2632 non
476 2591 561 2651 posse
577 2579 760 2650 sperassent,
780 2590 942 2650 paucorum
958 2573 1079 2634 dierum

120 2672 210 2733 opera
226 2661 257 2714 ct
270 2653 372 2714 labore
390 2657 430 2715 ita
442 2657 564 2724 relecta,
580 2663 614 2715 ut
629 2655 726 2716 nullus
737 2656 879 2736 perfidiae
895 2674 991 2735 neque
1007 2675 1079 2718 eru·

120 2740 215 2818 ptioni
240 2738 322 2799 locus
341 2747 420 2799 esset
445 2741 677 2819 necquicquam
704 2742 824 2800 omnino
843 2739 1078 2818 relinqueretur,

93 2832 109 2879 a
122 2841 177 2900 qua
200 2825 291 2883 autri
308 2822 453 2882 militibus
473 2831 523 2883 aut
537 2825 598 2900 igni
612 2822 756 2901 operibus
772 2826 873 2884 noceri
888 2831 1003 2902 posset,
1027 2842 1076 2885 oo·

120 2908 245 2985 demque
261 2907 394 2986 exemplo
410 2909 543 2967 sentiunt
558 2914 650 2967 totam
664 2906 784 2976 urbem,
801 2925 857 2986 qua
873 2909 912 2968 sit
927 2908 1024 2969 aditus
1039 2908 1080 2970 ab

119 2997 209 3059 terra,
224 3008 309 3050 muro
323 2990 515 3068 turribusque
531 2991 684 3050 circumiri
699 3009 795 3070 posse,
811 2994 855 3051 sic
870 2998 903 3051 ut
917 2993 991 3070 ipsis
1006 3011 1079 3052 con·

120 3074 244 3134 sistendi
260 3076 291 3132 in
307 3077 369 3134 suis
384 3073 600 3135 munitionibus
615 3074 696 3134 locus
710 3092 768 3134 non
784 3083 877 3144 esset,
898 3092 965 3135 cum
981 3095 1079 3155 paene

120 3158 304 3218 inaedificata
331 3161 362 3216 in
389 3160 484 3218 muris
509 3157 545 3219 ab
572 3159 705 3218 exercitu
731 3164 831 3218 nostro
852 3161 968 3219 moenia
996 3161 1079 3220 vide·

92 3247 225 3301 urentur
248 3259 280 3301 ac
304 3242 391 3302 telum
413 3261 501 3302 manu
522 3245 723 3310 coniceretur,
746 3260 923 3321 suorumque
944 3250 1077 3304 tormen·
1105 3305 1110 3312 ,

119 3333 216 3385 torum
243 3343 343 3394 usum,
383 3325 493 3404 quibus
519 3328 576 3404 ipsi
601 3342 705 3402 magna
732 3328 943 3404 speravissent,
980 3329 1077 3407 spatio

117 3412 349 3494 propinquitatis
369 3412 510 3477 interire,
539 3411 661 3488 parique
683 3410 858 3470 condicione
879 3429 914 3470 ex
935 3429 1021 3471 muro
1043 3430 1092 3472 ac-

108 3493 248 3551 turribus
271 3492 404 3554 bellandi
428 3493 494 3554 (lata
522 3511 552 3556 se
574 3495 683 3556 virtute
702 3496 813 3555 nostris
832 3494 996 3573 adaequare
1017 3513 1078 3558 nou
