2356 3870
165 212 204 272 18
482 208 523 267 uu
536 210 641 267 Bitho
657 210 796 269 thhlssi)

131 382 210 435 etus
230 391 267 434 ex
284 376 357 453 ipsis
378 374 511 451 quaesiit.
549 372 628 434 Nihil
648 373 777 451 Sequani
796 373 994 454 respondere,
1016 374 1120 438 sedin

163 457 266 518 eadem
279 460 398 519 tristitia
413 459 493 518 taciti
502 474 688 536 permanere.
706 457 780 518 Cum
791 458 828 519 ab
840 457 885 520 his
896 460 1014 538 saepius
1029 476 1120 537 quae·

162 549 244 601 reret
257 558 355 619 neque
368 541 458 602 ullam
474 542 593 602 omnino
607 557 712 602 vocem
727 544 894 622 exprimere
907 551 1025 622 posset,
1040 544 1121 605 idem

130 633 147 682 4
161 625 319 686 Divitiacus
330 625 449 687 heduus
464 625 631 704 respondit:
646 624 711 686 Hoc
725 643 791 686 csse
805 627 993 688 miseriorem
1009 634 1039 686 et
1052 643 1120 703 gra·

161 711 274 769 viorem
293 711 443 770 fortunam
463 709 670 785 Sequanorum
699 724 787 785 quam
812 709 1013 786 reliquorum,
1041 709 1121 787 quod

162 791 217 852 soli
231 810 269 852 ne
284 795 315 853 in
329 792 444 853 occulto
460 792 579 869 quidem
591 793 676 868 queri
689 809 788 869 neque
802 793 945 854 auxilium
958 791 1120 872 implorare

162 874 305 936 auderent
325 875 514 953 absentisque
528 876 665 936 Ariovisti
685 874 906 946 crudelitatem,
927 874 1009 936 velut
1028 877 1053 936 si
1068 895 1119 936 cc·

131 962 224 1019 tram
244 959 376 1028 adesset,
397 959 570 1027 horrerent,
596 966 757 1038 propterea
776 959 855 1036 quod
874 959 999 1036 reliquis
1020 966 1121 1020 umen

160 1043 247 1120 fugae
262 1043 386 1103 facultas
400 1042 531 1112 daretur,
544 1042 690 1118 Sequanis
706 1057 785 1111 vero,
803 1044 854 1119 qui
866 1044 945 1103 intra
960 1043 1035 1104 fines
1049 1060 1120 1103 suos

160 1127 338 1187 Ariovistum
349 1126 541 1204 recepissent,
554 1141 682 1202 quorum
696 1125 804 1204 oppida
814 1127 913 1186 omnia
926 1126 958 1186 in
971 1131 1120 1204 potestate

161 1210 224 1269 eius
240 1216 353 1279 essent,
370 1226 473 1269 omnes
488 1210 636 1269 cruciatus
651 1216 751 1268 essent
765 1208 944 1287 perferendi

128 1297 143 1348 1
222 1292 350 1353 XXXIII.
374 1292 427 1352 His
447 1291 538 1352 rebus
558 1293 682 1368 cognitis
702 1291 808 1353 Caesar
830 1290 983 1352 Gallorum
1004 1293 1120 1352 animos

159 1374 257 1435 verbis
278 1376 461 1435 confirmavit
480 1375 688 1453 pollicitusque
703 1381 764 1443 est,
787 1373 844 1436 sihi
865 1393 930 1435 eam
949 1392 1015 1436 rem
1030 1392 1120 1436 curae

159 1459 305 1519 futuram:
334 1475 471 1535 magnam
491 1477 525 1518 se
545 1458 657 1517 hahere
675 1475 774 1536 spem,
797 1465 827 1517 ct
847 1457 992 1519 beneficio
1013 1476 1068 1519 suo
1090 1466 1120 1518 et

159 1543 334 1602 auctoritate
354 1541 514 1603 adductum
527 1542 707 1602 Ariovistum
726 1542 815 1601 tlnem
829 1543 945 1602 iniuriis
960 1543 1118 1602 iacturum.

127 1624 219 1686 illac
234 1626 368 1685 oratlone
389 1625 488 1686 hahita
508 1623 665 1684 concilium
685 1623 804 1684 dimisit.
842 1625 880 1685 Et
900 1625 1064 1685 secundum
1086 1642 1120 1685 ea

158 1709 269 1768 multae
283 1726 333 1768 res
348 1725 416 1768 eum
427 1707 631 1776 hortabantur,
649 1723 741 1784 quare
755 1706 812 1767 sihi
827 1725 892 1768 eam
906 1725 972 1768 rem
987 1710 1118 1786 cogitan-

160 1791 227 1852 dam
243 1797 272 1851 et
286 1792 504 1870 suscipiendam
518 1799 644 1872 putaret,
659 1791 804 1868 inprimis.
821 1790 901 1866 quod
915 1789 1042 1860 Aeduos,
1058 1792 1118 1852 lra-

158 1881 221 1936 trcs
242 1877 537 1952 consanguineosque
558 1891 772 1952 saepenumero
794 1881 931 1933 asenatu
946 1873 1118 1952 appellatos,

157 1960 189 2019 ln
204 1959 347 2018 servitute
361 1965 450 2034 atque
468 1960 500 2018 in
514 1957 630 2017 dicione
645 1956 761 2017 videbat
775 1956 992 2017 Germanorum
1013 1960 1118 2026 teneri,

159 2057 323 2117 eorumque
337 2040 456 2101 obsides
476 2059 542 2101 esse
563 2040 641 2118 apud
654 2041 834 2101 Ariovistum
855 2057 890 2100 ac
905 2040 1059 2116 Sequanos
1073 2043 1119 2102 in·

158 2123 330 2200 relegebat:
354 2123 433 2201 quod
447 2126 478 2184 in
493 2131 574 2185 tanto
588 2124 714 2202 imperio
730 2122 833 2202 populi
844 2123 969 2184 Romani
983 2126 1120 2203 turpissi-

128 2214 145 2265 t
158 2225 240 2267 mum
256 2205 313 2268 sibi
328 2214 358 2267 et
370 2207 552 2286 reipublicae
568 2224 635 2268 esse
655 2206 863 2268 arbitrabatur.
902 2207 1046 2268 Paulatim
1067 2227 1119 2268 au·

157 2298 220 2351 tem
234 2290 397 2351 Germanos
418 2308 615 2352 consuescere
629 2289 767 2351 Rhenum
788 2291 930 2359 transire,
953 2298 984 2350 et
1003 2293 1035 2351 in
1051 2290 1119 2352 Gal·

157 2374 227 2434 liam
241 2390 378 2450 magnam
394 2392 498 2437 eorum
508 2374 728 2436 multitudinem
739 2375 850 2443 venire,
864 2372 975 2452 populo
985 2373 1120 2436 Romano

128 2467 143 2515 s
156 2457 358 2537 periculosum
375 2457 505 2527 videbat,
526 2475 625 2536 neque
646 2456 702 2518 sihi
716 2457 853 2517 homines
867 2457 948 2518 ieros
963 2476 998 2518 ac
1012 2458 1119 2519 barba·

157 2560 207 2602 ros
222 2548 441 2620 temperaturos
457 2541 659 2611 existimabat,
675 2543 762 2618 quin,
779 2556 847 2602 cum
862 2558 981 2601 omnem
996 2541 1120 2603 Galliam

158 2626 397 2703 occupavissent,
425 2633 459 2686 ut
479 2634 548 2687 ante
568 2625 679 2687 (Ilmhri
699 2625 888 2701 Teutonique
908 2625 1065 2696 iecissent,
1088 2627 1120 2685 ln

156 2709 337 2788 provinciam
359 2710 475 2769 exirent
500 2720 589 2785 atque
612 2708 683 2770 inde
702 2710 734 2769 in
754 2707 868 2769 ltaliam
894 2708 1119 2778 contenderent,
1157 2748 1159 2753 -

156 2793 335 2871 praesertim
356 2810 424 2853 cum
444 2793 598 2871 Sequanos
625 2811 642 2853 a
662 2793 812 2871 provincia
836 2799 939 2852 nostra
958 2791 1120 2853 Rhodanus

157 2875 317 2944 dividerem
347 2875 456 2952 quibus
475 2877 567 2938 rebus
587 2894 675 2953 quam
701 2877 877 2936 maturrime
902 2875 1121 2937 occurrendum

125 2959 286 3038 bputabat
324 2959 392 3038 lpse
412 2968 512 3022 autem
526 2962 689 3023 Ariovistus
703 2965 802 3020 tantos
824 2957 881 3019 sibi
895 2960 1034 3038 spiritus,
1055 2967 1120 3021 tan·

70 3055 77 3062 ’
155 3049 217 3103 tam
232 3046 431 3119 arrogantiam
446 3053 628 3125 sumpserat,
645 3050 680 3104 ut
693 3042 835 3103 ferendus
849 3061 910 3103 non
925 3043 1086 3105 videretur.

125 3133 138 3183 t
216 3124 360 3187 XXXIIII.
385 3127 584 3198 Quamobrem
599 3128 710 3208 placuit
724 3127 766 3195 ei,
782 3134 817 3187 ut
831 3126 867 3187 ad
882 3127 1062 3189 Ariovistum
1076 3127 1120 3187 le·

156 3216 239 3288 gatos
253 3210 402 3280 mitteret,
425 3214 475 3288 qui
491 3213 527 3273 ab
543 3231 578 3273 eo
594 3211 795 3292 postularent,
818 3212 863 3271 uti
878 3209 1006 3288 ahquem
1021 3211 1121 3272 locum

156 3292 286 3353 medium
308 3295 465 3372 utriusque
485 3297 642 3374 conloquio
663 3293 821 3371 deligeret:
844 3294 921 3355 velle
942 3313 1009 3356 sese
1030 3295 1067 3355 de
1086 3313 1121 3355 re

126 3375 275 3455 apublica
291 3383 321 3437 et
335 3381 459 3440 summis
473 3382 629 3458 utriusque
644 3379 737 3440 rebus
758 3397 826 3440 cum
842 3397 877 3439 eo
892 3396 991 3456 agere.
1029 3379 1064 3440 Ei
1078 3378 1120 3438 le·

155 3462 267 3536 sationi
280 3462 447 3524 Ariovistus
461 3465 630 3546 respondit:
655 3464 687 3524 Si
702 3462 775 3540 quid
794 3465 852 3543 ipsi
872 3480 889 3523 a
904 3464 1030 3524 Caesare
1045 3479 1121 3542 opus
