2354 3864
450 186 713 244 canuit-viu.
1016 184 1058 249 47

93 345 208 417 quanto
231 335 349 414 longius
371 335 409 397 ab
432 336 540 416 oppido
563 336 783 408 discedebatum
807 346 889 400 tanto
911 339 1058 401 tardiores

94 422 132 483 ad
155 418 374 500 insequendum
397 431 481 481 erant
496 420 647 482 Numidae.
693 421 817 484 Interim
839 425 872 483 in
892 424 1000 484 itinere*
1022 431 1097 484 ex?

95 505 216 584 oppidis
239 512 268 565 et
291 505 420 565 castellis
443 505 607 584 legationes
634 508 739 567 venire
767 513 797 567 et
824 506 964 585 polliceri
994 510 1058 568 iru-

95 597 247 658 mentum,
279 597 457 668 paratosque
490 606 570 659 esse,
611 607 686 669 quae
721 593 913 669 imperasset,
947 594 1058 653 lacere.

95 674 199 754 ltaque
222 691 258 735 eo
281 672 330 734 die
352 684 449 733 castra
471 676 571 752 posuit
585 674 623 735 ad
638 675 782 753 oppidum
795 675 969 758 Ruspinam,
992 675 1057 736 llal.

94 758 255 821 Ianuariis

160 841 221 902 vti.
264 841 337 901 lnde
366 843 455 901 morit
483 849 514 902 et
540 844 676 920 pervenit
704 843 742 902 ad
770 844 911 922 oppidum
940 845 1093 923 Leptimt

95 926 226 989 liberam
250 928 402 986 civitatem
426 932 457 984 et
477 928 643 986 inmunem.
687 927 791 1004 Legati
813 946 849 987 ex
872 928 982 1005 oppido
1005 927 1058 987 ob·

98 1014 177 1072 viam
200 1012 335 1078 veniunt,
359 1007 490 1069 libenter
513 1029 545 1072 se
566 1013 665 1071 omnia
688 1012 835 1080 tacturos,
859 1031 935 1090 quae
957 1011 1057 1081 vellet,

96 1094 289 1175 pollicentur.
340 1093 445 1171 ltaque
473 1094 701 1155 centurionibus
723 1094 759 1155 ad
781 1103 882 1173 portas
904 1096 1006 1174 oppidi
1030 1103 1098 1156 etz

98 1178 245 1241 custodiis
267 1180 426 1255 impositis
450 1195 487 1239 ne
510 1179 577 1257 quis
599 1178 687 1238 miles
709 1181 741 1239 iu
764 1179 907 1259 oppidum
919 1182 1061 1240 introiret

97 1270 149 1326 aut
178 1264 320 1322 iniuriam
347 1264 460 1323 laceret
488 1265 617 1339 cuipiam
646 1264 776 1333 incolae,
809 1282 869 1324 non
901 1264 988 1342 longe
1021 1263 1059 1323 ab

98 1346 210 1426 oppido
229 1345 397 1406 secundum
419 1344 491 1405 litus
518 1347 590 1406 lacit
617 1354 724 1407 castra.
773 1347 943 1427 Eodemque
971 1356 1097 1408 navesa

99 1431 305 1493 onerariaeet
320 1428 426 1506 longae
439 1429 600 1501 nonnullae
612 1448 681 1490 casu
694 1431 891 1500 advenerunt;
914 1430 1059 1511 reliquae,
1145 1459 1149 1466 ·

99 1523 133 1577 ut
157 1522 203 1575 est
232 1515 260 1574 ei
283 1515 468 1580 nuntiatum,
491 1515 624 1575 incertae
653 1514 790 1574 locorum
810 1514 927 1576 Uticam
955 1534 1060 1577 versus

100 1606 203 1679 petere
224 1600 304 1657 visae
328 1606 407 1658 sunt.
452 1598 576 1658 lnterim
591 1598 700 1658 Caesar
721 1617 738 1658 a
759 1600 839 1659 mari
860 1617 921 1659 non
943 1600 1061 1677 digredi
1081 1608 1099 1655 4

99 1701 198 1763 neque
230 1681 448 1742 mediterranea
479 1689 582 1760 petere
610 1688 735 1760 propter
761 1683 881 1744 navium
916 1700 1060 1751 errorem,

101 1770 323 1846 equitatumque
347 1767 378 1825 in
400 1765 526 1825 navibus
549 1784 667 1825 omnem
684 1767 850 1842 cantinere,
874 1774 908 1826 ut
919 1765 1060 1837 arbitror,

100 1870 138 1912 ne
162 1852 227 1928 agri
248 1857 450 1917 vastarentur:
474 1867 580 1928 aquam
602 1850 635 1909 in
656 1867 746 1910 naves
768 1848 853 1910 iubet
867 1854 1061 1928 comportari.

100 1935 242 2012 Remiges
276 1935 416 2002 interim,
450 1936 502 2010 qui
535 1942 675 2014 aquatum
707 1952 724 1992 e
757 1933 883 1995 navibus
916 1937 1100 2004 exierant,5

102 2018 204 2081 subito
238 2019 354 2096 equites
387 2017 484 2077 Mauri
517 2036 615 2096 neque
649 2017 845 2096 opinantibus
877 2018 1062 2080 Caesarianis

102 2103 201 2164 adorti
223 2102 333 2162 multos
354 2101 462 2161 iaculis
485 2102 756 2170 convulneratum,
785 2102 946 2163 nonnullos
969 2105 1062 2164 inter·

102 2191 250 2249 iecerunt.
294 2184 401 2246 latent
423 2187 503 2244 enim
525 2187 558 2246 in
580 2186 701 2247 insidiis
717 2204 784 2246 cum
800 2187 883 2265 equis
896 2189 976 2248 inter
991 2205 1062 2249 con·
1082 2197 1101 2246 6

102 2271 194 2332 valles
216 2279 246 2330 et
267 2269 367 2330 subito
389 2271 535 2338 existunt,
564 2287 627 2330 non
657 2277 691 2329 ut
713 2272 745 2329 iu
769 2288 873 2348 campo
896 2273 1063 2332 comminus

102 2357 275 2436 depugnent
277 2397 370 2414 ......

165 2438 241 2498 Vlll.
287 2438 396 2498 Caesar
423 2439 548 2498 interim
576 2439 609 2498 in
636 2432 823 2498 Sardiniam
840 2439 961 2497 numios
996 2449 1099 2499 cumt

102 2525 215 2584 litteris
237 2529 267 2582 et
289 2524 320 2582 in
343 2522 473 2600 reliquas
496 2520 666 2599 provincias
694 2521 835 2581 finitimas
869 2521 998 2591 dimisit,
1031 2530 1065 2583 ut

66 2679 68 2682 y
102 2607 164 2668 sibi
186 2606 314 2675 auxilia,
339 2612 537 2675 commeatus,
561 2607 760 2674 trumentum,
779 2605 961 2684 simulatque
983 2605 1064 2668 litte·

91 2710 154 2751 ¹ras
175 2691 334 2768 legissent,
357 2690 502 2751 mittenda
526 2698 679 2758 curarent,
703 2691 932 2768 exoneratisque
954 2692 1064 2769 partim
1100 2721 1104 2728 ·

103 2774 231 2835 navibus
252 2775 350 2852 longis
371 2774 530 2834 Rabirium
552 2774 724 2834 Postumum
747 2775 779 2832 in
801 2772 935 2833 Siciliam
958 2773 994 2832 ad
1017 2791 1064 2833 se·
1089 2804 1102 2823 ·

104 2858 234 2920 cundum
247 2866 445 2920 commeatum
457 2857 672 2919 accersendum
694 2857 796 2916 mittit.
834 2855 965 2916 iuterim
988 2898 1063 2916 .....
1084 2871 1102 2919 2

104 2961 171 3004 cum
194 2955 219 3001 x
241 2943 365 3003 navibus
388 2942 487 3019 longis
509 2941 546 3001 ad
569 2940 702 3020 reliquas
720 2957 810 2999 naves
826 2942 978 3000 onerarias
993 2958 1064 3001 con·

104 3026 281 3103 quirendas,
310 3045 386 3105 quae
414 3027 618 3094 deerrassent,
647 3031 677 3085 et
702 3022 792 3083 simul
818 3040 901 3084 mare
922 3024 1066 3084 tuendum

99 3110 142 3170 ab
165 3111 304 3171 hostibus
326 3111 411 3171 iubet
433 3110 595 3188 proticisci.
639 3107 714 3168 ltem
736 3107 767 3169 C.
790 3105 964 3168 Sallustium
985 3108 1103 3171 Cris-3

104 3212 175 3273 pum
198 3197 368 3273 praetorem
392 3194 429 3254 ad
445 3194 602 3255 Cercinam
624 3191 753 3253 insulam
775 3208 889 3261 versus,
911 3200 999 3270 quam
1015 3190 1066 3252 ad·

103 3282 231 3341 versarii
254 3278 416 3348 tenebant,
444 3296 512 3338 cum
541 3284 626 3355 parte
648 3277 768 3336 navium
790 3277 837 3336 ire
858 3273 957 3346 iubat,
987 3275 1067 3354 quod

105 3362 150 3423 ibi
172 3381 312 3440 magnum
335 3380 493 3423 numerum
522 3362 666 3422 frumenti
693 3377 759 3420 esse
785 3358 936 3421 audiebat.
986 3359 1104 3421 llaect

104 3449 145 3508 ita
169 3445 336 3527 imperabat
355 3447 532 3527 unicuique,
554 3446 598 3507 ita
619 3442 834 3523 praecipiebat,
857 3445 903 3503 uti
926 3443 993 3503 lieri
1006 3459 1067 3503 nou
