<?xml version="1.0" encoding="UTF-8"?>
<!DOCTYPE html PUBLIC "-//W3C//DTD XHTML 1.0 Transitional//EN"
    "http://www.w3.org/TR/xhtml1/DTD/xhtml1-transitional.dtd">
<html xmlns="http://www.w3.org/1999/xhtml" xml:lang="en" lang="en">
 <head>
  <title>
</title>
<meta http-equiv="Content-Type" content="text/html;charset=utf-8" />
  <meta name='ocr-system' content='tesseract 3.04.00' />
  <meta name='ocr-capabilities' content='ocr_page ocr_carea ocr_par ocr_line ocrx_word'/>
</head>
<body>
  <div class='ocr_page' id='page_1' title='image "./commentariicuma00caesgoog_0252.png"; bbox 0 0 2356 3870; ppageno 0'>
   <div class='ocr_carea' id='block_1_1' title="bbox 58 205 1041 287">
    <p class='ocr_par' dir='ltr' id='par_1_1' title="bbox 58 205 1041 287">
     <span class='ocr_line' id='line_1_1' title="bbox 58 205 1041 287; baseline 0.014 -31"><span class='ocrx_word' id='word_1_1' title='bbox 58 251 60 256; x_wconf 85' lang='lat'><em>.</em></span> <span class='ocrx_word' id='word_1_2' title='bbox 260 206 373 264; x_wconf 77' lang='lat' dir='ltr'><strong>COMM.</strong></span> <span class='ocrx_word' id='word_1_3' title='bbox 388 209 408 262; x_wconf 92' lang='lat'><strong>1.</strong></span> <span class='ocrx_word' id='word_1_4' title='bbox 430 207 874 287; x_wconf 68' lang='lat' dir='ltr'><strong>connituntur-LXXXVII.</strong></span> <span class='ocrx_word' id='word_1_5' title='bbox 1002 205 1041 270; x_wconf 89' lang='grc'><strong>41</strong></span> 
     </span>
    </p>
   </div>
   <div class='ocr_carea' id='block_1_2' title="bbox 12 374 1173 3560">
    <p class='ocr_par' dir='ltr' id='par_1_2' title="bbox 12 374 1173 3560">
     <span class='ocr_line' id='line_1_2' title="bbox 83 374 1046 454; baseline 0.005 -22"><span class='ocrx_word' id='word_1_6' title='bbox 83 388 168 441; x_wconf 88' lang='lat' dir='ltr'><strong>sum,</strong></span> <span class='ocrx_word' id='word_1_7' title='bbox 191 390 267 450; x_wconf 90' lang='lat' dir='ltr'><strong>quae</strong></span> <span class='ocrx_word' id='word_1_8' title='bbox 288 380 412 452; x_wconf 88' lang='lat' dir='ltr'><strong>propter</strong></span> <span class='ocrx_word' id='word_1_9' title='bbox 432 374 657 436; x_wconf 77' lang='lat' dir='ltr'><strong>diuturnitatem</strong></span> <span class='ocrx_word' id='word_1_10' title='bbox 678 377 760 454; x_wconf 87' lang='lat' dir='ltr'><strong>pacis</strong></span> <span class='ocrx_word' id='word_1_11' title='bbox 774 376 887 438; x_wconf 89' lang='lat' dir='ltr'><strong>nullum</strong></span> <span class='ocrx_word' id='word_1_12' title='bbox 904 376 1046 437; x_wconf 83' lang='lat' dir='ltr'><strong>auxilium</strong></span> 
     </span>
     <span class='ocr_line' id='line_1_3' title="bbox 85 455 1075 540; baseline 0.004 -25"><span class='ocrx_word' id='word_1_13' title='bbox 85 455 281 529; x_wconf 79' lang='lat' dir='ltr'><strong>desiderarit·</strong></span> <span class='ocrx_word' id='word_1_14' title='bbox 312 455 418 518; x_wconf 85' lang='lat' dir='ltr'><strong>Omnia</strong></span> <span class='ocrx_word' id='word_1_15' title='bbox 438 457 512 518; x_wconf 88' lang='lat' dir='ltr'><strong>baec</strong></span> <span class='ocrx_word' id='word_1_16' title='bbox 532 459 593 532; x_wconf 88' lang='lat' dir='ltr'><strong>iam</strong></span> <span class='ocrx_word' id='word_1_17' title='bbox 617 460 734 538; x_wconf 82' lang='lat' dir='ltr'>pridem</span> <span class='ocrx_word' id='word_1_18' title='bbox 754 468 856 520; x_wconf 87' lang='lat' dir='ltr'><strong>contra</strong></span> <span class='ocrx_word' id='word_1_19' title='bbox 877 475 909 521; x_wconf 89' lang='lat' dir='ltr'><strong>se</strong></span> <span class='ocrx_word' id='word_1_20' title='bbox 928 463 1075 540; x_wconf 76' lang='lat' dir='ltr'><strong>pararizc</strong></span> 
     </span>
     <span class='ocr_line' id='line_1_4' title="bbox 85 541 1046 623; baseline 0.006 -23"><span class='ocrx_word' id='word_1_21' title='bbox 85 541 167 601; x_wconf 91' lang='lat' dir='ltr'><strong>inse</strong></span> <span class='ocrx_word' id='word_1_22' title='bbox 183 542 252 600; x_wconf 89' lang='lat' dir='ltr'><strong>novi</strong></span> <span class='ocrx_word' id='word_1_23' title='bbox 273 543 391 618; x_wconf 88' lang='lat' dir='ltr'><strong>generis</strong></span> <span class='ocrx_word' id='word_1_24' title='bbox 412 543 538 621; x_wconf 90' lang='lat' dir='ltr'><strong>imperia</strong></span> <span class='ocrx_word' id='word_1_25' title='bbox 553 546 709 613; x_wconf 90' lang='lat' dir='ltr'><strong>constitui,</strong></span> <span class='ocrx_word' id='word_1_26' title='bbox 734 551 767 603; x_wconf 93' lang='lat' dir='ltr'><strong>ut</strong></span> <span class='ocrx_word' id='word_1_27' title='bbox 787 544 868 604; x_wconf 91' lang='lat' dir='ltr'><strong>idem</strong></span> <span class='ocrx_word' id='word_1_28' title='bbox 889 544 925 605; x_wconf 95' lang='lat' dir='ltr'><strong>ad</strong></span> <span class='ocrx_word' id='word_1_29' title='bbox 944 552 1046 623; x_wconf 90' lang='lat' dir='ltr'><strong>portas</strong></span> 
     </span>
     <span class='ocr_line' id='line_1_5' title="bbox 84 622 1045 706; baseline 0.005 -23"><span class='ocrx_word' id='word_1_30' title='bbox 84 622 213 684; x_wconf 86' lang='lat' dir='ltr'><strong>urbanis</strong></span> <span class='ocrx_word' id='word_1_31' title='bbox 226 625 396 703; x_wconf 81' lang='lat' dir='ltr'><strong>praesideat</strong></span> <span class='ocrx_word' id='word_1_32' title='bbox 415 625 507 686; x_wconf 87' lang='lat' dir='ltr'><strong>rebus</strong></span> <span class='ocrx_word' id='word_1_33' title='bbox 521 634 551 686; x_wconf 85' lang='lat' dir='ltr'><strong>et</strong></span> <span class='ocrx_word' id='word_1_34' title='bbox 572 627 645 688; x_wconf 83' lang='lat' dir='ltr'><strong>duas</strong></span> <span class='ocrx_word' id='word_1_35' title='bbox 665 626 907 689; x_wconf 88' lang='lat' dir='ltr'><strong>bellicosissimas</strong></span> <span class='ocrx_word' id='word_1_36' title='bbox 926 631 1045 706; x_wconf 86' lang='lat' dir='ltr'><strong>provin·</strong></span> 
     </span>
     <span class='ocr_line' id='line_1_6' title="bbox 55 704 1072 788; baseline 0.002 -21"><span class='ocrx_word' id='word_1_37' title='bbox 55 725 57 728; x_wconf 69' lang='grc'>’</span> <span class='ocrx_word' id='word_1_38' title='bbox 85 709 150 768; x_wconf 82' lang='lat' dir='ltr'><strong>cias</strong></span> <span class='ocrx_word' id='word_1_39' title='bbox 169 704 277 768; x_wconf 84' lang='lat' dir='ltr'><strong>dbsens</strong></span> <span class='ocrx_word' id='word_1_40' title='bbox 296 714 341 769; x_wconf 95' lang='lat' dir='ltr'><strong>tot</strong></span> <span class='ocrx_word' id='word_1_41' title='bbox 361 711 447 770; x_wconf 89' lang='lat' dir='ltr'><strong>annis</strong></span> <span class='ocrx_word' id='word_1_42' title='bbox 461 709 609 782; x_wconf 90' lang='lat' dir='ltr'><strong>obtineat;</strong></span> <span class='ocrx_word' id='word_1_43' title='bbox 631 714 663 771; x_wconf 95' lang='lat' dir='ltr'><strong>in</strong></span> <span class='ocrx_word' id='word_1_44' title='bbox 679 729 710 772; x_wconf 91' lang='lat' dir='ltr'><strong>se</strong></span> <span class='ocrx_word' id='word_1_45' title='bbox 730 713 797 772; x_wconf 92' lang='lat' dir='ltr'><strong>iura</strong></span> <span class='ocrx_word' id='word_1_46' title='bbox 816 714 1072 788; x_wconf 71' lang='lat' dir='ltr'><strong>magistratuum</strong></span> 
     </span>
     <span class='ocr_line' id='line_1_7' title="bbox 86 793 1044 873; baseline 0.004 -21"><span class='ocrx_word' id='word_1_47' title='bbox 86 793 279 862; x_wconf 86' lang='lat' dir='ltr'><strong>commutari,</strong></span> <span class='ocrx_word' id='word_1_48' title='bbox 300 810 338 854; x_wconf 90' lang='lat' dir='ltr'><strong>ne</strong></span> <span class='ocrx_word' id='word_1_49' title='bbox 354 811 390 853; x_wconf 88' lang='lat' dir='ltr'><strong>ex</strong></span> <span class='ocrx_word' id='word_1_50' title='bbox 404 800 544 872; x_wconf 85' lang='lat' dir='ltr'><strong>praetura</strong></span> <span class='ocrx_word' id='word_1_51' title='bbox 559 801 590 855; x_wconf 92' lang='lat' dir='ltr'><strong>et</strong></span> <span class='ocrx_word' id='word_1_52' title='bbox 610 795 773 864; x_wconf 83' lang='lat' dir='ltr'><strong>consulatu,</strong></span> <span class='ocrx_word' id='word_1_53' title='bbox 794 802 828 855; x_wconf 90' lang='lat' dir='ltr'><strong>ut</strong></span> <span class='ocrx_word' id='word_1_54' title='bbox 845 813 970 873; x_wconf 88' lang='lat' dir='ltr'><strong>semper,</strong></span> <span class='ocrx_word' id='word_1_55' title='bbox 993 796 1044 856; x_wconf 89' lang='lat' dir='ltr'><strong>sed</strong></span> 
     </span>
     <span class='ocr_line' id='line_1_8' title="bbox 21 875 1044 958; baseline 0.004 -23"><span class='ocrx_word' id='word_1_56' title='bbox 21 903 28 913; x_wconf 96' lang='lat'><em>·</em></span> <span class='ocrx_word' id='word_1_57' title='bbox 86 893 273 954; x_wconf 88' lang='lat' dir='ltr'><strong>perpaucos</strong></span> <span class='ocrx_word' id='word_1_58' title='bbox 294 875 412 954; x_wconf 92' lang='lat' dir='ltr'><strong>probati</strong></span> <span class='ocrx_word' id='word_1_59' title='bbox 427 883 458 937; x_wconf 89' lang='lat' dir='ltr'><strong>et</strong></span> <span class='ocrx_word' id='word_1_60' title='bbox 478 879 564 938; x_wconf 89' lang='lat' dir='ltr'><strong>electi</strong></span> <span class='ocrx_word' id='word_1_61' title='bbox 586 881 617 939; x_wconf 91' lang='lat' dir='ltr'><strong>iu</strong></span> <span class='ocrx_word' id='word_1_62' title='bbox 639 881 807 958; x_wconf 85' lang='lat' dir='ltr'><strong>provincias</strong></span> <span class='ocrx_word' id='word_1_63' title='bbox 822 880 991 950; x_wconf 88' lang='lat' dir='ltr'><strong>mittantur;</strong></span> <span class='ocrx_word' id='word_1_64' title='bbox 1013 882 1044 939; x_wconf 91' lang='lat' dir='ltr'><strong>in</strong></span> 
     </span>
     <span class='ocr_line' id='line_1_9' title="bbox 87 961 1043 1042; baseline 0.003 -22"><span class='ocrx_word' id='word_1_65' title='bbox 87 976 120 1020; x_wconf 87' lang='lat' dir='ltr'><strong>se</strong></span> <span class='ocrx_word' id='word_1_66' title='bbox 136 961 226 1021; x_wconf 87' lang='lat' dir='ltr'><strong>ctiam</strong></span> <span class='ocrx_word' id='word_1_67' title='bbox 242 963 348 1020; x_wconf 87' lang='lat' dir='ltr'><strong>aetatis</strong></span> <span class='ocrx_word' id='word_1_68' title='bbox 363 964 583 1022; x_wconf 82' lang='lat' dir='ltr'><strong>excusationem</strong></span> <span class='ocrx_word' id='word_1_69' title='bbox 598 963 673 1023; x_wconf 92' lang='lat' dir='ltr'><strong>nibil</strong></span> <span class='ocrx_word' id='word_1_70' title='bbox 688 963 795 1034; x_wconf 88' lang='lat' dir='ltr'><strong>valere,</strong></span> <span class='ocrx_word' id='word_1_71' title='bbox 817 963 895 1042; x_wconf 88' lang='lat' dir='ltr'><strong>quod</strong></span> <span class='ocrx_word' id='word_1_72' title='bbox 910 964 1043 1042; x_wconf 88' lang='lat' dir='ltr'><strong>superio·</strong></span> 
     </span>
     <span class='ocr_line' id='line_1_10' title="bbox 86 1041 1090 1124; baseline -0.002 -20"><span class='ocrx_word' id='word_1_73' title='bbox 86 1041 173 1104; x_wconf 86' lang='lat' dir='ltr'><strong>ribus</strong></span> <span class='ocrx_word' id='word_1_74' title='bbox 187 1042 274 1105; x_wconf 92' lang='lat' dir='ltr'><strong>bellis</strong></span> <span class='ocrx_word' id='word_1_75' title='bbox 288 1044 405 1123; x_wconf 90' lang='lat' dir='ltr'><strong>probati</strong></span> <span class='ocrx_word' id='word_1_76' title='bbox 420 1045 455 1105; x_wconf 92' lang='lat' dir='ltr'><strong>ad</strong></span> <span class='ocrx_word' id='word_1_77' title='bbox 471 1047 647 1124; x_wconf 89' lang='lat' dir='ltr'><strong>optinendos</strong></span> <span class='ocrx_word' id='word_1_78' title='bbox 657 1049 806 1108; x_wconf 82' lang='lat' dir='ltr'><strong>exercitus</strong></span> <span class='ocrx_word' id='word_1_79' title='bbox 821 1054 994 1117; x_wconf 89' lang='lat' dir='ltr'><strong>evocentur;</strong></span> <span class='ocrx_word' id='word_1_80' title='bbox 1012 1049 1043 1106; x_wconf 93' lang='lat' dir='ltr'><strong>in</strong></span> <span class='ocrx_word' id='word_1_81' title='bbox 1056 1053 1090 1103; x_wconf 81' lang='lat' dir='ltr'><strong>1&#39;c</strong></span> 
     </span>
     <span class='ocr_line' id='line_1_11' title="bbox 87 1130 1044 1211; baseline 0.002 -23"><span class='ocrx_word' id='word_1_82' title='bbox 87 1138 120 1188; x_wconf 78' lang='lat' dir='ltr'><strong>s&#39;e</strong></span> <span class='ocrx_word' id='word_1_83' title='bbox 137 1146 196 1188; x_wconf 92' lang='lat' dir='ltr'><strong>uno</strong></span> <span class='ocrx_word' id='word_1_84' title='bbox 211 1147 270 1189; x_wconf 95' lang='lat' dir='ltr'><strong>non</strong></span> <span class='ocrx_word' id='word_1_85' title='bbox 285 1131 412 1198; x_wconf 86' lang='lat' dir='ltr'><strong>servari,</strong></span> <span class='ocrx_word' id='word_1_86' title='bbox 434 1130 512 1209; x_wconf 87' lang='lat' dir='ltr'><strong>quod</strong></span> <span class='ocrx_word' id='word_1_87' title='bbox 533 1132 571 1190; x_wconf 90' lang='lat' dir='ltr'><strong>sit</strong></span> <span class='ocrx_word' id='word_1_88' title='bbox 588 1130 725 1191; x_wconf 90' lang='lat' dir='ltr'><strong>omnibus</strong></span> <span class='ocrx_word' id='word_1_89' title='bbox 740 1132 840 1192; x_wconf 90' lang='lat' dir='ltr'><strong>datum</strong></span> <span class='ocrx_word' id='word_1_90' title='bbox 856 1149 974 1211; x_wconf 83' lang='lat' dir='ltr'><strong>semper</strong></span> <span class='ocrx_word' id='word_1_91' title='bbox 988 1133 1044 1190; x_wconf 91' lang='lat' dir='ltr'><strong>im-</strong></span> 
     </span>
     <span class='ocr_line' id='line_1_12' title="bbox 86 1211 1045 1292; baseline 0.002 -21"><span class='ocrx_word' id='word_1_92' title='bbox 86 1211 292 1292; x_wconf 89' lang='lat' dir='ltr'><strong>peratoribus,</strong></span> <span class='ocrx_word' id='word_1_93' title='bbox 323 1220 357 1273; x_wconf 94' lang='lat' dir='ltr'><strong>ut</strong></span> <span class='ocrx_word' id='word_1_94' title='bbox 385 1212 476 1274; x_wconf 89' lang='lat' dir='ltr'><strong>rebus</strong></span> <span class='ocrx_word' id='word_1_95' title='bbox 500 1213 630 1275; x_wconf 80' lang='lat' dir='ltr'><strong>feliciter</strong></span> <span class='ocrx_word' id='word_1_96' title='bbox 652 1217 744 1292; x_wconf 89' lang='lat' dir='ltr'><strong>gestis</strong></span> <span class='ocrx_word' id='word_1_97' title='bbox 766 1222 818 1276; x_wconf 94' lang='lat' dir='ltr'><strong>aut</strong></span> <span class='ocrx_word' id='word_1_98' title='bbox 842 1233 909 1275; x_wconf 93' lang='lat' dir='ltr'><strong>cum</strong></span> <span class='ocrx_word' id='word_1_99' title='bbox 933 1215 1045 1275; x_wconf 91' lang='lat' dir='ltr'><strong>bonore</strong></span> 
     </span>
     <span class='ocr_line' id='line_1_13' title="bbox 87 1296 1045 1375; baseline 0.002 -19"><span class='ocrx_word' id='word_1_100' title='bbox 87 1296 188 1375; x_wconf 91' lang='lat' dir='ltr'><strong>aliquo</strong></span> <span class='ocrx_word' id='word_1_101' title='bbox 203 1305 253 1356; x_wconf 92' lang='lat' dir='ltr'><strong>aut</strong></span> <span class='ocrx_word' id='word_1_102' title='bbox 268 1304 348 1357; x_wconf 91' lang='lat' dir='ltr'><strong>certe</strong></span> <span class='ocrx_word' id='word_1_103' title='bbox 364 1299 429 1357; x_wconf 91' lang='lat' dir='ltr'><strong>sine</strong></span> <span class='ocrx_word' id='word_1_104' title='bbox 444 1299 607 1374; x_wconf 83' lang='lat' dir='ltr'><strong>ignominia</strong></span> <span class='ocrx_word' id='word_1_105' title='bbox 623 1299 742 1360; x_wconf 90' lang='lat' dir='ltr'><strong>domum</strong></span> <span class='ocrx_word' id='word_1_106' title='bbox 756 1306 945 1359; x_wconf 90' lang='lat' dir='ltr'><strong>revertantur</strong></span> <span class='ocrx_word' id='word_1_107' title='bbox 961 1317 1045 1359; x_wconf 82' lang='lat' dir='ltr'><strong>exer·</strong></span> 
     </span>
     <span class='ocr_line' id='line_1_14' title="bbox 87 1379 1084 1460; baseline -0.001 -21"><span class='ocrx_word' id='word_1_108' title='bbox 87 1383 240 1458; x_wconf 85' lang='lat' dir='ltr'><strong>citumque</strong></span> <span class='ocrx_word' id='word_1_109' title='bbox 256 1380 415 1441; x_wconf 88' lang='lat' dir='ltr'><strong>dimittant.</strong></span> <span class='ocrx_word' id='word_1_110' title='bbox 446 1379 526 1451; x_wconf 87' lang='lat' dir='ltr'><strong>Quae</strong></span> <span class='ocrx_word' id='word_1_111' title='bbox 547 1389 645 1443; x_wconf 87' lang='lat' dir='ltr'><strong>tamen</strong></span> <span class='ocrx_word' id='word_1_112' title='bbox 661 1386 758 1444; x_wconf 91' lang='lat' dir='ltr'><strong>omnia</strong></span> <span class='ocrx_word' id='word_1_113' title='bbox 774 1390 803 1443; x_wconf 92' lang='lat' dir='ltr'><strong>et</strong></span> <span class='ocrx_word' id='word_1_114' title='bbox 822 1402 853 1443; x_wconf 89' lang='lat' dir='ltr'><strong>se</strong></span> <span class='ocrx_word' id='word_1_115' title='bbox 877 1383 977 1443; x_wconf 91' lang='lat' dir='ltr'><strong>tulisse</strong></span> <span class='ocrx_word' id='word_1_116' title='bbox 992 1400 1043 1460; x_wconf 91' lang='lat' dir='ltr'><strong>pa·</strong></span> <span class='ocrx_word' id='word_1_117' title='bbox 1055 1391 1084 1438; x_wconf 82' lang='lat' dir='ltr'><strong>lt</strong></span> 
     </span>
     <span class='ocr_line' id='line_1_15' title="bbox 86 1464 1046 1544; baseline 0.001 -20"><span class='ocrx_word' id='word_1_118' title='bbox 86 1466 200 1524; x_wconf 90' lang='lat' dir='ltr'><strong>tientcr</strong></span> <span class='ocrx_word' id='word_1_119' title='bbox 215 1470 245 1524; x_wconf 92' lang='lat' dir='ltr'><strong>et</strong></span> <span class='ocrx_word' id='word_1_120' title='bbox 259 1483 324 1524; x_wconf 90' lang='lat' dir='ltr'><strong>csse</strong></span> <span class='ocrx_word' id='word_1_121' title='bbox 339 1464 483 1535; x_wconf 89' lang='lat' dir='ltr'><strong>laturum;</strong></span> <span class='ocrx_word' id='word_1_122' title='bbox 505 1484 601 1544; x_wconf 90' lang='lat' dir='ltr'><strong>neque</strong></span> <span class='ocrx_word' id='word_1_123' title='bbox 623 1485 701 1528; x_wconf 93' lang='lat' dir='ltr'><strong>nunc</strong></span> <span class='ocrx_word' id='word_1_124' title='bbox 720 1467 751 1527; x_wconf 95' lang='lat' dir='ltr'><strong>id</strong></span> <span class='ocrx_word' id='word_1_125' title='bbox 773 1484 871 1544; x_wconf 87' lang='lat' dir='ltr'><strong>agere,</strong></span> <span class='ocrx_word' id='word_1_126' title='bbox 887 1473 920 1527; x_wconf 91' lang='lat' dir='ltr'><strong>ut</strong></span> <span class='ocrx_word' id='word_1_127' title='bbox 935 1466 971 1527; x_wconf 93' lang='lat' dir='ltr'><strong>ab</strong></span> <span class='ocrx_word' id='word_1_128' title='bbox 986 1466 1046 1525; x_wconf 90' lang='lat' dir='ltr'><strong>illis</strong></span> 
     </span>
     <span class='ocr_line' id='line_1_16' title="bbox 88 1547 1045 1629; baseline 0.001 -22"><span class='ocrx_word' id='word_1_129' title='bbox 88 1547 251 1608; x_wconf 87' lang='lat' dir='ltr'><strong>abductum</strong></span> <span class='ocrx_word' id='word_1_130' title='bbox 266 1551 429 1609; x_wconf 84' lang='lat' dir='ltr'><strong>exercitum</strong></span> <span class='ocrx_word' id='word_1_131' title='bbox 443 1556 541 1610; x_wconf 89' lang='lat' dir='ltr'><strong>teneat</strong></span> <span class='ocrx_word' id='word_1_132' title='bbox 558 1552 632 1629; x_wconf 91' lang='lat' dir='ltr'><strong>ipse,</strong></span> <span class='ocrx_word' id='word_1_133' title='bbox 648 1551 726 1629; x_wconf 87' lang='lat' dir='ltr'><strong>quod</strong></span> <span class='ocrx_word' id='word_1_134' title='bbox 742 1558 840 1611; x_wconf 91' lang='lat' dir='ltr'><strong>tamen</strong></span> <span class='ocrx_word' id='word_1_135' title='bbox 851 1550 910 1610; x_wconf 89' lang='lat' dir='ltr'><strong>&#39;sibi</strong></span> <span class='ocrx_word' id='word_1_136' title='bbox 926 1550 1045 1611; x_wconf 89' lang='lat' dir='ltr'><strong>diiticile</strong></span> 
     </span>
     <span class='ocr_line' id='line_1_17' title="bbox 87 1632 1045 1713; baseline 0 -21"><span class='ocrx_word' id='word_1_137' title='bbox 87 1650 149 1698; x_wconf 88' lang='lat' dir='ltr'><strong>non</strong></span> <span class='ocrx_word' id='word_1_138' title='bbox 170 1632 225 1702; x_wconf 90' lang='lat' dir='ltr'><strong>sit,</strong></span> <span class='ocrx_word' id='word_1_139' title='bbox 246 1632 299 1692; x_wconf 90' lang='lat' dir='ltr'><strong>scd</strong></span> <span class='ocrx_word' id='word_1_140' title='bbox 318 1651 356 1693; x_wconf 91' lang='lat' dir='ltr'><strong>ne</strong></span> <span class='ocrx_word' id='word_1_141' title='bbox 371 1633 415 1692; x_wconf 94' lang='lat' dir='ltr'><strong>illi</strong></span> <span class='ocrx_word' id='word_1_142' title='bbox 436 1632 580 1704; x_wconf 83' lang='lat' dir='ltr'><strong>habeant,</strong></span> <span class='ocrx_word' id='word_1_143' title='bbox 603 1653 661 1713; x_wconf 88' lang='lat' dir='ltr'><strong>quo</strong></span> <span class='ocrx_word' id='word_1_144' title='bbox 682 1641 784 1694; x_wconf 88' lang='lat' dir='ltr'><strong>contra</strong></span> <span class='ocrx_word' id='word_1_145' title='bbox 805 1652 836 1693; x_wconf 88' lang='lat' dir='ltr'><strong>sc</strong></span> <span class='ocrx_word' id='word_1_146' title='bbox 858 1635 902 1694; x_wconf 91' lang='lat' dir='ltr'><strong>uti</strong></span> <span class='ocrx_word' id='word_1_147' title='bbox 923 1635 1045 1713; x_wconf 89' lang='lat' dir='ltr'><strong>possint.</strong></span> 
     </span>
     <span class='ocr_line' id='line_1_18' title="bbox 87 1713 1087 1794; baseline -0.002 -17"><span class='ocrx_word' id='word_1_148' title='bbox 87 1716 233 1786; x_wconf 89' lang='lat' dir='ltr'><strong>Proinde,</strong></span> <span class='ocrx_word' id='word_1_149' title='bbox 255 1722 288 1776; x_wconf 93' lang='lat' dir='ltr'><strong>ut</strong></span> <span class='ocrx_word' id='word_1_150' title='bbox 308 1723 386 1776; x_wconf 90' lang='lat' dir='ltr'><strong>esset</strong></span> <span class='ocrx_word' id='word_1_151' title='bbox 407 1713 537 1786; x_wconf 80' lang='lat' dir='ltr'><strong>dictum,</strong></span> <span class='ocrx_word' id='word_1_152' title='bbox 554 1719 717 1794; x_wconf 86' lang='lat' dir='ltr'><strong>provinciis</strong></span> <span class='ocrx_word' id='word_1_153' title='bbox 737 1718 915 1777; x_wconf 85' lang='lat' dir='ltr'><strong>excederent</strong></span> <span class='ocrx_word' id='word_1_154' title='bbox 929 1719 1087 1777; x_wconf 77' lang='lat' dir='ltr'><strong>exerui-12</strong></span> 
     </span>
     <span class='ocr_line' id='line_1_19' title="bbox 88 1800 1045 1880; baseline 0 -20"><span class='ocrx_word' id='word_1_155' title='bbox 88 1809 212 1880; x_wconf 88' lang='lat' dir='ltr'><strong>tumque</strong></span> <span class='ocrx_word' id='word_1_156' title='bbox 233 1800 435 1870; x_wconf 78' lang='lat' dir='ltr'><strong>dimitterent:</strong></span> <span class='ocrx_word' id='word_1_157' title='bbox 457 1804 483 1860; x_wconf 89' lang='lat' dir='ltr'><strong>si</strong></span> <span class='ocrx_word' id='word_1_158' title='bbox 504 1801 535 1860; x_wconf 92' lang='lat' dir='ltr'><strong>id</strong></span> <span class='ocrx_word' id='word_1_159' title='bbox 557 1803 596 1860; x_wconf 90' lang='lat' dir='ltr'><strong>sit</strong></span> <span class='ocrx_word' id='word_1_160' title='bbox 609 1802 734 1872; x_wconf 87' lang='lat' dir='ltr'><strong>tactum,</strong></span> <span class='ocrx_word' id='word_1_161' title='bbox 756 1819 788 1861; x_wconf 91' lang='lat' dir='ltr'><strong>se</strong></span> <span class='ocrx_word' id='word_1_162' title='bbox 808 1802 977 1862; x_wconf 91' lang='lat' dir='ltr'><strong>nociturum</strong></span> <span class='ocrx_word' id='word_1_163' title='bbox 993 1817 1045 1860; x_wconf 91' lang='lat' dir='ltr'><strong>ne·</strong></span> 
     </span>
     <span class='ocr_line' id='line_1_20' title="bbox 88 1883 1046 1964; baseline -0.002 -19"><span class='ocrx_word' id='word_1_164' title='bbox 88 1886 176 1945; x_wconf 89' lang='lat' dir='ltr'><strong>mini.</strong></span> <span class='ocrx_word' id='word_1_165' title='bbox 198 1883 281 1945; x_wconf 88' lang='lat' dir='ltr'><strong>Hanc</strong></span> <span class='ocrx_word' id='word_1_166' title='bbox 290 1903 379 1945; x_wconf 91' lang='lat' dir='ltr'><strong>unam</strong></span> <span class='ocrx_word' id='word_1_167' title='bbox 391 1891 477 1963; x_wconf 89' lang='lat' dir='ltr'><strong>atque</strong></span> <span class='ocrx_word' id='word_1_168' title='bbox 490 1891 653 1945; x_wconf 85' lang='lat' dir='ltr'><strong>extremam</strong></span> <span class='ocrx_word' id='word_1_169' title='bbox 661 1903 726 1946; x_wconf 89' lang='lat' dir='ltr'><strong>esse</strong></span> <span class='ocrx_word' id='word_1_170' title='bbox 738 1887 819 1964; x_wconf 88' lang='lat' dir='ltr'><strong>pacis</strong></span> <span class='ocrx_word' id='word_1_171' title='bbox 830 1884 1046 1945; x_wconf 88' lang='lat' dir='ltr'><strong>condicionem.</strong></span> 
     </span>
     <span class='ocr_line' id='line_1_21' title="bbox 154 1967 1173 2048; baseline -0.005 -19"><span class='ocrx_word' id='word_1_172' title='bbox 154 1967 308 2030; x_wconf 73' lang='lat' dir='ltr'><strong>cxxxvi.</strong></span> <span class='ocrx_word' id='word_1_173' title='bbox 339 1968 373 2028; x_wconf 95' lang='lat' dir='ltr'><strong>ld</strong></span> <span class='ocrx_word' id='word_1_174' title='bbox 389 1986 458 2028; x_wconf 88' lang='lat' dir='ltr'><strong>vero</strong></span> <span class='ocrx_word' id='word_1_175' title='bbox 473 1968 617 2030; x_wconf 86' lang='lat' dir='ltr'><strong>militibus</strong></span> <span class='ocrx_word' id='word_1_176' title='bbox 633 1970 691 2030; x_wconf 86' lang='lat' dir='ltr'><strong>tuit</strong></span> <span class='ocrx_word' id='word_1_177' title='bbox 709 1976 882 2048; x_wconf 89' lang='lat' dir='ltr'><strong>pergratum</strong></span> <span class='ocrx_word' id='word_1_178' title='bbox 897 1979 927 2028; x_wconf 87' lang='lat' dir='ltr'><strong>et</strong></span> <span class='ocrx_word' id='word_1_179' title='bbox 940 1970 1074 2027; x_wconf 82' lang='lat' dir='ltr'><strong>locun-t</strong></span> <span class='ocrx_word' id='word_1_180' title='bbox 1171 2006 1173 2011; x_wconf 52' lang='lat'>&gt;</span> 
     </span>
     <span class='ocr_line' id='line_1_22' title="bbox 90 2052 1047 2132; baseline -0.001 -20"><span class='ocrx_word' id='word_1_181' title='bbox 90 2052 177 2120; x_wconf 90' lang='lat' dir='ltr'><strong>dum,</strong></span> <span class='ocrx_word' id='word_1_182' title='bbox 199 2057 232 2112; x_wconf 92' lang='lat' dir='ltr'><strong>ut</strong></span> <span class='ocrx_word' id='word_1_183' title='bbox 250 2070 287 2111; x_wconf 84' lang='lat' dir='ltr'><strong>ex</strong></span> <span class='ocrx_word' id='word_1_184' title='bbox 307 2054 371 2131; x_wconf 91' lang='lat' dir='ltr'><strong>ipsa</strong></span> <span class='ocrx_word' id='word_1_185' title='bbox 391 2053 607 2129; x_wconf 87' lang='lat' dir='ltr'><strong>significatione</strong></span> <span class='ocrx_word' id='word_1_186' title='bbox 627 2055 766 2131; x_wconf 83' lang='lat' dir='ltr'><strong>cognosci</strong></span> <span class='ocrx_word' id='word_1_187' title='bbox 788 2055 898 2132; x_wconf 91' lang='lat' dir='ltr'><strong>potuit,</strong></span> <span class='ocrx_word' id='word_1_188' title='bbox 925 2059 972 2122; x_wconf 92' lang='lat' dir='ltr'><strong>ut,</strong></span> <span class='ocrx_word' id='word_1_189' title='bbox 995 2052 1047 2131; x_wconf 91' lang='lat' dir='ltr'><strong>qui</strong></span> 
     </span>
     <span class='ocr_line' id='line_1_23' title="bbox 89 2135 1048 2216; baseline -0.003 -18"><span class='ocrx_word' id='word_1_190' title='bbox 89 2135 204 2214; x_wconf 77' lang='lat' dir='ltr'><strong>aliquid</strong></span> <span class='ocrx_word' id='word_1_191' title='bbox 227 2137 299 2195; x_wconf 90' lang='lat' dir='ltr'><strong>iusti</strong></span> <span class='ocrx_word' id='word_1_192' title='bbox 319 2136 498 2197; x_wconf 87' lang='lat' dir='ltr'><strong>incommodi</strong></span> <span class='ocrx_word' id='word_1_193' title='bbox 519 2140 769 2216; x_wconf 82' lang='lat' dir='ltr'><strong>expectavissent,</strong></span> <span class='ocrx_word' id='word_1_194' title='bbox 791 2138 869 2198; x_wconf 93' lang='lat' dir='ltr'><strong>ultro</strong></span> <span class='ocrx_word' id='word_1_195' title='bbox 883 2138 1048 2216; x_wconf 84' lang='lat' dir='ltr'><strong>praemium</strong></span> 
     </span>
     <span class='ocr_line' id='line_1_24' title="bbox 89 2219 1075 2300; baseline -0.003 -20"><span class='ocrx_word' id='word_1_196' title='bbox 89 2220 244 2280; x_wconf 90' lang='lat' dir='ltr'><strong>missionis</strong></span> <span class='ocrx_word' id='word_1_197' title='bbox 257 2220 381 2280; x_wconf 85' lang='lat' dir='ltr'><strong>terrent.</strong></span> <span class='ocrx_word' id='word_1_198' title='bbox 418 2219 492 2280; x_wconf 90' lang='lat' dir='ltr'><strong>Nam</strong></span> <span class='ocrx_word' id='word_1_199' title='bbox 508 2238 574 2281; x_wconf 90' lang='lat' dir='ltr'><strong>cum</strong></span> <span class='ocrx_word' id='word_1_200' title='bbox 591 2222 627 2281; x_wconf 92' lang='lat' dir='ltr'><strong>de</strong></span> <span class='ocrx_word' id='word_1_201' title='bbox 648 2220 713 2282; x_wconf 94' lang='lat' dir='ltr'><strong>loco</strong></span> <span class='ocrx_word' id='word_1_202' title='bbox 727 2231 759 2282; x_wconf 90' lang='lat' dir='ltr'><strong>ct</strong></span> <span class='ocrx_word' id='word_1_203' title='bbox 773 2228 907 2300; x_wconf 86' lang='lat' dir='ltr'><strong>tempore</strong></span> <span class='ocrx_word' id='word_1_204' title='bbox 922 2223 987 2281; x_wconf 85' lang='lat' dir='ltr'><strong>eius</strong></span> <span class='ocrx_word' id='word_1_205' title='bbox 1001 2220 1075 2279; x_wconf 79' lang='lat' dir='ltr'><strong>rein</strong></span> 
     </span>
     <span class='ocr_line' id='line_1_25' title="bbox 89 2304 1047 2373; baseline -0.002 -8"><span class='ocrx_word' id='word_1_206' title='bbox 89 2306 293 2365; x_wconf 84' lang='lat' dir='ltr'><strong>controversia</strong></span> <span class='ocrx_word' id='word_1_207' title='bbox 313 2305 489 2373; x_wconf 79' lang='lat' dir='ltr'><strong>inferretur,</strong></span> <span class='ocrx_word' id='word_1_208' title='bbox 514 2311 543 2365; x_wconf 92' lang='lat' dir='ltr'><strong>et</strong></span> <span class='ocrx_word' id='word_1_209' title='bbox 563 2323 634 2366; x_wconf 92' lang='lat' dir='ltr'><strong>voce</strong></span> <span class='ocrx_word' id='word_1_210' title='bbox 656 2313 686 2366; x_wconf 89' lang='lat' dir='ltr'><strong>et</strong></span> <span class='ocrx_word' id='word_1_211' title='bbox 707 2304 843 2366; x_wconf 83' lang='lat' dir='ltr'><strong>manibus</strong></span> <span class='ocrx_word' id='word_1_212' title='bbox 858 2307 989 2365; x_wconf 91' lang='lat' dir='ltr'><strong>universi</strong></span> <span class='ocrx_word' id='word_1_213' title='bbox 1011 2322 1047 2363; x_wconf 81' lang='lat' dir='ltr'><strong>ex</strong></span> 
     </span>
     <span class='ocr_line' id='line_1_26' title="bbox 89 2386 1048 2467; baseline -0.002 -20"><span class='ocrx_word' id='word_1_214' title='bbox 89 2386 183 2456; x_wconf 84' lang='lat' dir='ltr'><strong>vallo,</strong></span> <span class='ocrx_word' id='word_1_215' title='bbox 204 2386 265 2447; x_wconf 84' lang='lat' dir='ltr'><strong>ubi.</strong></span> <span class='ocrx_word' id='word_1_216' title='bbox 278 2390 486 2458; x_wconf 86' lang='lat' dir='ltr'><strong>constiterant,</strong></span> <span class='ocrx_word' id='word_1_217' title='bbox 508 2390 676 2466; x_wconf 82' lang='lat' dir='ltr'><strong>significare</strong></span> <span class='ocrx_word' id='word_1_218' title='bbox 697 2395 873 2467; x_wconf 89' lang='lat' dir='ltr'><strong>coeperunt,</strong></span> <span class='ocrx_word' id='word_1_219' title='bbox 895 2389 1048 2448; x_wconf 91' lang='lat' dir='ltr'><strong>utstatim</strong></span> 
     </span>
     <span class='ocr_line' id='line_1_27' title="bbox 91 2472 1048 2552; baseline -0.003 -19"><span class='ocrx_word' id='word_1_220' title='bbox 91 2473 328 2540; x_wconf 87' lang='lat' dir='ltr'><strong>dimitterentur,</strong></span> <span class='ocrx_word' id='word_1_221' title='bbox 351 2489 448 2550; x_wconf 90' lang='lat' dir='ltr'><strong>neque</strong></span> <span class='ocrx_word' id='word_1_222' title='bbox 469 2474 549 2532; x_wconf 94' lang='lat' dir='ltr'><strong>omni</strong></span> <span class='ocrx_word' id='word_1_223' title='bbox 570 2474 745 2552; x_wconf 90' lang='lat' dir='ltr'><strong>interposita</strong></span> <span class='ocrx_word' id='word_1_224' title='bbox 767 2472 825 2533; x_wconf 86' lang='lat' dir='ltr'><strong>lide</strong></span> <span class='ocrx_word' id='word_1_225' title='bbox 845 2473 963 2532; x_wconf 89' lang='lat' dir='ltr'><strong>firmum</strong></span> <span class='ocrx_word' id='word_1_226' title='bbox 983 2488 1048 2530; x_wconf 91' lang='lat' dir='ltr'><strong>csse</strong></span> 
     </span>
     <span class='ocr_line' id='line_1_28' title="bbox 90 2555 1075 2637; baseline -0.003 -21"><span class='ocrx_word' id='word_1_227' title='bbox 90 2573 194 2637; x_wconf 88' lang='lat' dir='ltr'><strong>posse,</strong></span> <span class='ocrx_word' id='word_1_228' title='bbox 216 2557 242 2615; x_wconf 89' lang='lat' dir='ltr'><strong>si</strong></span> <span class='ocrx_word' id='word_1_229' title='bbox 262 2557 294 2615; x_wconf 92' lang='lat' dir='ltr'><strong>iu</strong></span> <span class='ocrx_word' id='word_1_230' title='bbox 309 2555 388 2615; x_wconf 93' lang='lat' dir='ltr'><strong>aliud</strong></span> <span class='ocrx_word' id='word_1_231' title='bbox 409 2562 526 2634; x_wconf 87' lang='lat' dir='ltr'><strong>tempus</strong></span> <span class='ocrx_word' id='word_1_232' title='bbox 540 2556 721 2618; x_wconf 88' lang='lat' dir='ltr'><strong>ditlcrretur.</strong></span> <span class='ocrx_word' id='word_1_233' title='bbox 756 2557 862 2616; x_wconf 81' lang='lat' dir='ltr'><strong>Paucis</strong></span> <span class='ocrx_word' id='word_1_234' title='bbox 882 2573 949 2615; x_wconf 91' lang='lat' dir='ltr'><strong>cum</strong></span> <span class='ocrx_word' id='word_1_235' title='bbox 970 2561 1075 2615; x_wconf 82' lang='lat' dir='ltr'><strong>esset3</strong></span> 
     </span>
     <span class='ocr_line' id='line_1_29' title="bbox 90 2638 1048 2719; baseline -0.002 -19"><span class='ocrx_word' id='word_1_236' title='bbox 90 2642 126 2700; x_wconf 91' lang='lat' dir='ltr'><strong>in</strong></span> <span class='ocrx_word' id='word_1_237' title='bbox 141 2646 296 2718; x_wconf 89' lang='lat' dir='ltr'><strong>utramque</strong></span> <span class='ocrx_word' id='word_1_238' title='bbox 311 2646 428 2718; x_wconf 90' lang='lat' dir='ltr'><strong>partem</strong></span> <span class='ocrx_word' id='word_1_239' title='bbox 442 2639 542 2701; x_wconf 91' lang='lat' dir='ltr'><strong>verbis</strong></span> <span class='ocrx_word' id='word_1_240' title='bbox 558 2641 756 2719; x_wconf 83' lang='lat' dir='ltr'><strong>disputatum,</strong></span> <span class='ocrx_word' id='word_1_241' title='bbox 777 2657 827 2700; x_wconf 89' lang='lat' dir='ltr'><strong>res</strong></span> <span class='ocrx_word' id='word_1_242' title='bbox 846 2638 906 2699; x_wconf 92' lang='lat' dir='ltr'><strong>buc</strong></span> <span class='ocrx_word' id='word_1_243' title='bbox 927 2639 1048 2699; x_wconf 90' lang='lat' dir='ltr'><strong>deduci·</strong></span> 
     </span>
     <span class='ocr_line' id='line_1_30' title="bbox 92 2722 1048 2803; baseline -0.003 -19"><span class='ocrx_word' id='word_1_244' title='bbox 92 2731 151 2791; x_wconf 89' lang='lat' dir='ltr'><strong>tur,</strong></span> <span class='ocrx_word' id='word_1_245' title='bbox 166 2729 201 2782; x_wconf 90' lang='lat' dir='ltr'><strong>ut</strong></span> <span class='ocrx_word' id='word_1_246' title='bbox 211 2724 248 2792; x_wconf 91' lang='lat' dir='ltr'><strong>ei,</strong></span> <span class='ocrx_word' id='word_1_247' title='bbox 261 2724 312 2801; x_wconf 92' lang='lat' dir='ltr'><strong>qui</strong></span> <span class='ocrx_word' id='word_1_248' title='bbox 327 2722 457 2784; x_wconf 91' lang='lat' dir='ltr'><strong>habeant</strong></span> <span class='ocrx_word' id='word_1_249' title='bbox 469 2722 649 2785; x_wconf 89' lang='lat' dir='ltr'><strong>domicilium</strong></span> <span class='ocrx_word' id='word_1_250' title='bbox 662 2731 713 2784; x_wconf 92' lang='lat' dir='ltr'><strong>aut</strong></span> <span class='ocrx_word' id='word_1_251' title='bbox 727 2725 944 2803; x_wconf 88' lang='lat' dir='ltr'><strong>possessionem</strong></span> <span class='ocrx_word' id='word_1_252' title='bbox 958 2722 1048 2782; x_wconf 87' lang='lat' dir='ltr'><strong>inlli-</strong></span> 
     </span>
     <span class='ocr_line' id='line_1_31' title="bbox 91 2806 1076 2886; baseline -0.004 -19"><span class='ocrx_word' id='word_1_253' title='bbox 91 2806 208 2886; x_wconf 89' lang='lat' dir='ltr'><strong>spania,</strong></span> <span class='ocrx_word' id='word_1_254' title='bbox 225 2808 340 2876; x_wconf 91' lang='lat' dir='ltr'><strong>statim,</strong></span> <span class='ocrx_word' id='word_1_255' title='bbox 363 2806 471 2884; x_wconf 84' lang='lat' dir='ltr'><strong>reliqui</strong></span> <span class='ocrx_word' id='word_1_256' title='bbox 487 2807 523 2868; x_wconf 92' lang='lat' dir='ltr'><strong>ad</strong></span> <span class='ocrx_word' id='word_1_257' title='bbox 538 2808 647 2868; x_wconf 92' lang='lat' dir='ltr'><strong>Varum</strong></span> <span class='ocrx_word' id='word_1_258' title='bbox 661 2808 771 2868; x_wconf 87' lang='lat' dir='ltr'><strong>flumen</strong></span> <span class='ocrx_word' id='word_1_259' title='bbox 786 2807 987 2875; x_wconf 82' lang='lat' dir='ltr'><strong>dimittantur3</strong></span> <span class='ocrx_word' id='word_1_260' title='bbox 1008 2814 1076 2865; x_wconf 77' lang='lat' dir='ltr'><strong>net</strong></span> 
     </span>
     <span class='ocr_line' id='line_1_32' title="bbox 91 2888 1048 2972; baseline -0.003 -21"><span class='ocrx_word' id='word_1_261' title='bbox 91 2890 165 2970; x_wconf 85' lang='lat' dir='ltr'><strong>quid</strong></span> <span class='ocrx_word' id='word_1_262' title='bbox 186 2892 230 2950; x_wconf 89' lang='lat' dir='ltr'><strong>eis</strong></span> <span class='ocrx_word' id='word_1_263' title='bbox 245 2898 401 2961; x_wconf 91' lang='lat' dir='ltr'><strong>noceatur,</strong></span> <span class='ocrx_word' id='word_1_264' title='bbox 423 2910 482 2953; x_wconf 90' lang='lat' dir='ltr'><strong>neu</strong></span> <span class='ocrx_word' id='word_1_265' title='bbox 497 2894 565 2972; x_wconf 89' lang='lat' dir='ltr'><strong>quis</strong></span> <span class='ocrx_word' id='word_1_266' title='bbox 586 2893 697 2952; x_wconf 89' lang='lat' dir='ltr'><strong>invitus</strong></span> <span class='ocrx_word' id='word_1_267' title='bbox 711 2895 929 2952; x_wconf 87' lang='lat' dir='ltr'><strong>sacramentum</strong></span> <span class='ocrx_word' id='word_1_268' title='bbox 950 2888 1048 2949; x_wconf 89' lang='lat' dir='ltr'><strong>dicere</strong></span> 
     </span>
     <span class='ocr_line' id='line_1_33' title="bbox 90 2975 552 3052; baseline 0.002 -17"><span class='ocrx_word' id='word_1_269' title='bbox 90 2981 231 3052; x_wconf 84' lang='lat' dir='ltr'><strong>cogatur,</strong></span> <span class='ocrx_word' id='word_1_270' title='bbox 248 2993 264 3036; x_wconf 95' lang='lat' dir='ltr'><strong>a</strong></span> <span class='ocrx_word' id='word_1_271' title='bbox 280 2975 406 3036; x_wconf 79' lang='lat' dir='ltr'><strong>Caesare</strong></span> <span class='ocrx_word' id='word_1_272' title='bbox 421 2984 552 3036; x_wconf 89' lang='lat' dir='ltr'><strong>cavetur.</strong></span> 
     </span>
     <span class='ocr_line' id='line_1_34' title="bbox 12 3057 1073 3138; baseline -0.004 -19"><span class='ocrx_word' id='word_1_273' title='bbox 12 3058 18 3069; x_wconf 89' lang='grc'><strong>’</strong></span> <span class='ocrx_word' id='word_1_274' title='bbox 154 3057 322 3120; x_wconf 84' lang='lat' dir='ltr'>LXXXVII.</span> <span class='ocrx_word' id='word_1_275' title='bbox 362 3059 470 3120; x_wconf 87' lang='lat' dir='ltr'><strong>Caesar</strong></span> <span class='ocrx_word' id='word_1_276' title='bbox 490 3078 525 3120; x_wconf 81' lang='lat' dir='ltr'><strong>ex</strong></span> <span class='ocrx_word' id='word_1_277' title='bbox 546 3077 581 3119; x_wconf 91' lang='lat' dir='ltr'><strong>eo</strong></span> <span class='ocrx_word' id='word_1_278' title='bbox 606 3067 754 3138; x_wconf 87' lang='lat' dir='ltr'><strong>tempore,</strong></span> <span class='ocrx_word' id='word_1_279' title='bbox 781 3059 852 3120; x_wconf 88' lang='lat' dir='ltr'><strong>dum</strong></span> <span class='ocrx_word' id='word_1_280' title='bbox 876 3058 913 3118; x_wconf 94' lang='lat' dir='ltr'><strong>ad</strong></span> <span class='ocrx_word' id='word_1_281' title='bbox 937 3058 1073 3118; x_wconf 89' lang='lat' dir='ltr'><strong>llument</strong></span> 
     </span>
     <span class='ocr_line' id='line_1_35' title="bbox 90 3141 1050 3223; baseline 0 -21"><span class='ocrx_word' id='word_1_282' title='bbox 90 3141 203 3204; x_wconf 85' lang='lat' dir='ltr'><strong>Varum</strong></span> <span class='ocrx_word' id='word_1_283' title='bbox 219 3144 365 3214; x_wconf 89' lang='lat' dir='ltr'><strong>veniatur,</strong></span> <span class='ocrx_word' id='word_1_284' title='bbox 379 3162 412 3205; x_wconf 88' lang='lat' dir='ltr'><strong>se</strong></span> <span class='ocrx_word' id='word_1_285' title='bbox 423 3145 605 3205; x_wconf 85' lang='lat' dir='ltr'><strong>trumentum</strong></span> <span class='ocrx_word' id='word_1_286' title='bbox 620 3144 757 3204; x_wconf 90' lang='lat' dir='ltr'><strong>daturum</strong></span> <span class='ocrx_word' id='word_1_287' title='bbox 771 3142 938 3223; x_wconf 91' lang='lat' dir='ltr'><strong>pollicetur.</strong></span> <span class='ocrx_word' id='word_1_288' title='bbox 961 3141 1050 3203; x_wconf 78' lang='lat' dir='ltr'><strong>Addit</strong></span> 
     </span>
     <span class='ocr_line' id='line_1_36' title="bbox 91 3227 1050 3308; baseline -0.003 -20"><span class='ocrx_word' id='word_1_289' title='bbox 91 3229 192 3297; x_wconf 87' lang='lat' dir='ltr'><strong>ctiam,</strong></span> <span class='ocrx_word' id='word_1_290' title='bbox 208 3233 250 3296; x_wconf 89' lang='lat' dir='ltr'><strong>ut,</strong></span> <span class='ocrx_word' id='word_1_291' title='bbox 267 3228 345 3304; x_wconf 88' lang='lat' dir='ltr'><strong>quod</strong></span> <span class='ocrx_word' id='word_1_292' title='bbox 360 3229 486 3308; x_wconf 88' lang='lat' dir='ltr'><strong>quisque</strong></span> <span class='ocrx_word' id='word_1_293' title='bbox 498 3245 601 3288; x_wconf 91' lang='lat' dir='ltr'><strong>eorum</strong></span> <span class='ocrx_word' id='word_1_294' title='bbox 615 3231 647 3289; x_wconf 94' lang='lat' dir='ltr'><strong>in</strong></span> <span class='ocrx_word' id='word_1_295' title='bbox 662 3227 739 3288; x_wconf 92' lang='lat' dir='ltr'><strong>bello</strong></span> <span class='ocrx_word' id='word_1_296' title='bbox 749 3229 892 3297; x_wconf 90' lang='lat' dir='ltr'><strong>amiserit,</strong></span> <span class='ocrx_word' id='word_1_297' title='bbox 903 3244 979 3306; x_wconf 91' lang='lat' dir='ltr'><strong>quae</strong></span> <span class='ocrx_word' id='word_1_298' title='bbox 990 3228 1050 3287; x_wconf 89' lang='lat' dir='ltr'><strong>sint</strong></span> 
     </span>
     <span class='ocr_line' id='line_1_37' title="bbox 91 3309 1049 3390; baseline -0.003 -18"><span class='ocrx_word' id='word_1_299' title='bbox 91 3329 186 3390; x_wconf 87' lang='lat' dir='ltr'><strong>penes</strong></span> <span class='ocrx_word' id='word_1_300' title='bbox 200 3311 312 3373; x_wconf 92' lang='lat' dir='ltr'><strong>milites</strong></span> <span class='ocrx_word' id='word_1_301' title='bbox 327 3330 405 3383; x_wconf 89' lang='lat' dir='ltr'><strong>suos,</strong></span> <span class='ocrx_word' id='word_1_302' title='bbox 420 3313 468 3381; x_wconf 92' lang='lat' dir='ltr'><strong>iis,</strong></span> <span class='ocrx_word' id='word_1_303' title='bbox 484 3314 536 3389; x_wconf 91' lang='lat' dir='ltr'><strong>qui</strong></span> <span class='ocrx_word' id='word_1_304' title='bbox 551 3313 721 3381; x_wconf 89' lang='lat' dir='ltr'><strong>amiserant,</strong></span> <span class='ocrx_word' id='word_1_305' title='bbox 737 3313 927 3381; x_wconf 89' lang='lat' dir='ltr'><strong>restituatur;</strong></span> <span class='ocrx_word' id='word_1_306' title='bbox 947 3309 1049 3370; x_wconf 88' lang='lat' dir='ltr'><strong>militi-</strong></span> 
     </span>
     <span class='ocr_line' id='line_1_38' title="bbox 92 3393 1050 3476; baseline -0.004 -21"><span class='ocrx_word' id='word_1_307' title='bbox 92 3394 150 3456; x_wconf 89' lang='lat' dir='ltr'><strong>bus</strong></span> <span class='ocrx_word' id='word_1_308' title='bbox 167 3414 261 3476; x_wconf 87' lang='lat' dir='ltr'><strong>aequa</strong></span> <span class='ocrx_word' id='word_1_309' title='bbox 276 3397 353 3457; x_wconf 85' lang='lat' dir='ltr'><strong>lacta</strong></span> <span class='ocrx_word' id='word_1_310' title='bbox 368 3398 572 3457; x_wconf 91' lang='lat' dir='ltr'><strong>aestimatione</strong></span> <span class='ocrx_word' id='word_1_311' title='bbox 587 3397 743 3473; x_wconf 90' lang='lat' dir='ltr'><strong>pecuniam</strong></span> <span class='ocrx_word' id='word_1_312' title='bbox 757 3413 811 3473; x_wconf 94' lang='lat' dir='ltr'><strong>pro</strong></span> <span class='ocrx_word' id='word_1_313' title='bbox 825 3394 873 3455; x_wconf 91' lang='lat' dir='ltr'><strong>his</strong></span> <span class='ocrx_word' id='word_1_314' title='bbox 887 3393 978 3455; x_wconf 90' lang='lat' dir='ltr'><strong>rebus</strong></span> <span class='ocrx_word' id='word_1_315' title='bbox 992 3393 1050 3452; x_wconf 90' lang='lat' dir='ltr'><strong>dis·</strong></span> 
     </span>
     <span class='ocr_line' id='line_1_39' title="bbox 91 3476 1097 3560; baseline -0.009 -20"><span class='ocrx_word' id='word_1_316' title='bbox 91 3479 191 3541; x_wconf 85' lang='lat' dir='ltr'><strong>solvit.</strong></span> <span class='ocrx_word' id='word_1_317' title='bbox 222 3478 427 3560; x_wconf 83' lang='lat' dir='ltr'><strong>Quascumque</strong></span> <span class='ocrx_word' id='word_1_318' title='bbox 440 3487 544 3560; x_wconf 89' lang='lat' dir='ltr'><strong>postea</strong></span> <span class='ocrx_word' id='word_1_319' title='bbox 561 3480 784 3542; x_wconf 84' lang='lat' dir='ltr'><strong>controuersias</strong></span> <span class='ocrx_word' id='word_1_320' title='bbox 799 3481 883 3540; x_wconf 80' lang='lat' dir='ltr'><strong>inter</strong></span> <span class='ocrx_word' id='word_1_321' title='bbox 900 3497 937 3538; x_wconf 85' lang='lat' dir='ltr'><strong>so</strong></span> <span class='ocrx_word' id='word_1_322' title='bbox 948 3476 1097 3536; x_wconf 58' lang='lat' dir='ltr'><strong>triduom</strong></span> 
     </span>
    </p>
   </div>
   <div class='ocr_carea' id='block_1_3' title="bbox 0 0 1191 3870">
    <p class='ocr_par' dir='ltr' id='par_1_3' title="bbox 0 0 1191 3870">
     <span class='ocr_line' id='line_1_40' title="bbox 0 0 1191 3870; baseline 0 0"><span class='ocrx_word' id='word_1_323' title='bbox 0 0 1191 3870; x_wconf 95' lang='lat' dir='ltr'><strong> </strong></span> 
     </span>
    </p>
   </div>
  </div>
 </body>
</html>
