2356 3870
286 231 399 289 COMM.
410 232 459 289 111.
481 231 870 291 oAP.nxxxxv1111-cu.
997 228 1056 292 ll'l
1095 243 1096 247 ’

96 399 347 479 opportunissime
373 400 484 462 nuntiis
511 400 616 462 adlatis
641 402 784 481 oppidum
814 409 859 461 est
885 400 1056 471 deleusum;

96 483 276 562 Cassiusque
301 484 338 544 ad
364 483 563 563 Sulpicianam
587 484 658 546 inde
684 485 807 546 classem
836 486 988 564 proiectus
1004 492 1058 546 -est

95 567 250 638 Vibonem,
268 568 479 648 adplicatisque
494 571 605 631 nostris
619 569 655 630 ad
670 576 783 630 terram
797 569 922 630 navibus
936 570 1057 629 circiter

96 665 144 711 xo
165 660 288 731 propter
308 653 436 713 eundem
460 656 600 715 timorem
625 656 802 733 pariatque
829 660 915 715 antea
941 656 1057 714 ratione

100 733 256 816 [egerunt]
274 736 437 797 secundum
452 747 554 799 nactus
565 746 686 799 ventum
701 737 852 799 onerarias
866 755 956 798 naves
970 756 1057 817 prae·

95 828 216 900 paratas
227 821 263 881 ad
278 821 451 881 incendium
466 823 587 892 inmisit,
600 829 631 884 et
645 823 762 883 llamma
774 821 811 882 ab
826 826 951 900 utroque
962 839 1056 882 cornu

97 922 274 984 comprensa
285 921 374 965 naves
389 913 458 966 sunt
472 906 641 968 combustae
657 909 798 986 quinque.
828 905 960 984 Cumque
975 907 1083 982 ignis4

96 989 301 1066 magnitudine
309 991 389 1049 venti
403 989 492 1051 latius
502 998 647 1070 serperet,
659 991 778 1059 milites,
790 990 842 1069 qui
857 1008 893 1051 ex
904 990 1056 1050 veteribus

95 1072 265 1150 legionibus
280 1079 365 1134 erant
384 1075 483 1135 relicti
498 1075 649 1154 praesidio
669 1073 794 1135 navibus
814 1092 990 1135 annumero
1005 1091 1055 1134 ae·

95 1175 229 1235 grorum,
251 1157 443 1234 ignominiam
462 1177 522 1220 non
541 1160 684 1230 tulerunt,
704 1157 757 1220 sed
777 1176 830 1219 sua
847 1165 951 1238 sponte
966 1176 1056 1219 nares

95 1241 334 1302 conscenderunt
357 1249 386 1302 et
412 1249 528 1304 eterra
554 1244 704 1306 solverunt
728 1245 900 1323 impetuque
920 1245 999 1304 lacto
1024 1245 1055 1303 in

97 1325 266 1387 Cassianam
286 1325 409 1386 classem
429 1327 651 1408 quinqueremis
664 1328 752 1398 duas,
774 1329 806 1387 in
822 1345 946 1407 quarum
963 1327 1056 1387 altera

96 1418 163 1469 erat
178 1409 312 1478 Cassius,
335 1419 494 1489 ceperunt,
516 1413 568 1473 sed
583 1413 703 1474 Cassius
723 1419 864 1489 exceptus
883 1411 992 1490 scapha
1007 1429 1055 1471 re·

96 1495 188 1570 lugit;
215 1501 370 1572 praeterea
391 1495 465 1556 dnae
485 1505 554 1558 sunt
579 1497 736 1575 depressae
762 1498 911 1556 triremes.
951 1495 1082 1574 Nequeo

94 1577 190 1637 multo
206 1583 273 1656 post
288 1577 324 1638 de
340 1579 453 1657 proelio
468 1581 547 1640 iacto
562 1584 594 1640 in
608 1580 760 1641 Thessalia
777 1582 928 1657 cognitum
945 1586 1002 1658 est,
1022 1586 1057 1640 ut

95 1664 171 1740 ipsis
185 1661 374 1740 Pompeianis
389 1664 461 1723 fides
475 1665 575 1724 lieret:
598 1683 665 1724 nam
681 1672 748 1724 ante
764 1663 795 1723 id
817 1671 934 1740 tempus
952 1665 1023 1739 tingi
1039 1682 1056 1724 a

95 1746 201 1823 legatis
222 1748 385 1831 amicisque
405 1746 540 1809 Caesaris
561 1746 793 1808 arbitrabantur.
829 1745 943 1818 Quibus
963 1745 1056 1808 rebus

96 1831 227 1907 cognitis
242 1848 277 1890 ex
292 1829 340 1890 bis
354 1830 428 1891 locis
443 1832 561 1893 Cassius
575 1851 642 1893 cum
658 1832 752 1892 classe
767 1831 911 1892 discessit.

160 1913 220 1974 Cll.
261 1912 370 1975 Caesar
395 1915 533 1977 omnibus
554 1916 645 1977 rebus
673 1915 788 1990 relictis
816 1915 1081 1994 persequenduml

97 1997 153 2058 sibi
175 1997 350 2077 Pompeium
369 2001 562 2071 existimavit,
586 2017 785 2080 quascumque
805 2002 837 2061 in
857 2007 958 2079 partes
972 2018 1003 2060 se
1019 2018 1056 2061 ex

96 2083 166 2159 luga
180 2085 353 2161 recepisset,
368 2102 406 2143 ne
421 2101 525 2145 rursus
539 2087 640 2164 copias
655 2102 827 2163 comparare
848 2085 919 2146 alias
941 2091 971 2144 et
992 2083 1056 2144 bel·

95 2165 159 2225 lum
175 2183 318 2226 renovare
335 2175 444 2243 posset,
460 2177 490 2229 et
504 2178 774 2249 quantumcumque
789 2171 907 2229 itineris
922 2170 1056 2249 equitatu

96 2250 217 2311 ellicere
232 2257 356 2329 poterat,
369 2251 477 2312 cotidie
489 2252 737 2332 progrediebatur
747 2253 952 2332 legionemque
965 2271 1058 2313 unam·

95 2333 262 2394 minoribus
277 2334 434 2396 itineribus
449 2337 590 2417 subsequi
606 2335 701 2398 iussit.
737 2337 808 2398 Erat
824 2337 951 2397 edictum
965 2336 1081 2397 Pom-2

95 2420 146 2497 pei
168 2420 288 2478 nomine
304 2419 469 2498 Amphipoli
491 2423 692 2501 propositum,
714 2423 758 2481 uti
778 2439 880 2481 omnes
902 2423 967 2480 eius
985 2436 1055 2496 pro·

96 2503 213 2562 vlnciae
228 2501 369 2572 iuniores,
392 2503 496 2564 Graeci
519 2508 656 2584 civesque
672 2504 805 2574 Romani,
826 2504 946 2565 iurandi
967 2521 1076 2565 causa·

95 2588 298 2646 convenirent.
343 2586 401 2647 Sed
431 2594 529 2649 utrum
555 2588 731 2650 avertendae
757 2591 935 2668 suspicionis
954 2597 1081 2649 causat

95 2669 256 2747 Pompeius
270 2674 487 2750 proposuisset,
508 2681 541 2733 ut
559 2691 647 2752 quam
662 2673 828 2752 diutissime
850 2673 994 2750 longioris
1007 2672 1054 2732 lu·

95 2771 150 2831 gae
172 2754 326 2814 consilium
348 2755 522 2826 occultaret,
551 2776 587 2818 an
607 2759 692 2818 novis
714 2757 893 2825 delectibus,
920 2758 1054 2816 sinemo

94 2845 259 2914 premeret,
281 2838 483 2901 Macedoniarn
503 2848 606 2901 tenere
622 2848 790 2909 conaretur,
814 2839 979 2899 existimari
994 2856 1054 2898 non

95 2930 221 2999 poterat.
252 2922 318 3000 lpse
338 2923 375 2983 ad
395 2942 533 2984 ancoram
553 2942 612 2984 una
631 2931 719 2984 nocte
740 2924 872 2983 constitit
892 2929 922 2982 et
942 2925 1081 2983 vocatist

94 3005 132 3066 ad
159 3023 190 3064 se
216 3006 383 3085 Amphipoli
408 3005 575 3086 hospitibus
601 3015 632 3068 et
656 3009 783 3086 pecunia
809 3007 845 3067 ad
868 3008 1054 3067 necessarios

94 3097 230 3167 sumptus
250 3098 405 3166 conrogata
425 3091 541 3169 cognito
561 3091 697 3153 Caesaris
724 3091 851 3151 adventu
871 3109 907 3151 ex
929 3108 964 3150 eo
988 3087 1053 3149 loco

94 3173 234 3234 discessit
248 3180 278 3233 et
291 3173 446 3253 Mytilenas
460 3179 563 3254 paucis
581 3174 687 3236 dicbus
701 3176 791 3236 venit.
827 3174 956 3235 Biduum
976 3180 1079 3234 tem-5

94 3263 208 3335 pestate
224 3265 358 3318 retentus
373 3257 557 3336 navibusque
573 3260 639 3320 aliis
654 3259 765 3319 additis
779 3260 920 3321 actuariis
934 3260 967 3318 in
983 3257 1052 3318 Cili·

94 3342 171 3400 ciam
184 3349 270 3420 atque
285 3340 354 3402 inde
366 3342 494 3422 Cyprum
504 3345 651 3423 pervenit.
675 3343 720 3404 lbi
733 3345 893 3420 cognoscit,
906 3359 1053 3402 consensu

94 3424 226 3485 omnium
241 3426 485 3487 Antiochensium
501 3428 668 3506 civiumque
682 3426 897 3496 Romanorum,
919 3427 973 3504 qui
991 3425 1053 3482 illic

93 3510 328 3583 negotiarentur,
352 3528 452 3572 arcem
473 3520 593 3594 captam
613 3528 682 3577 esse
703 3511 892 3578 excludendi
910 3510 965 3571 stix
981 3521 1081 3566 cansa
