2356 3870
146 210 208 275 184
467 208 507 265 ut
521 208 624 264 unito
640 208 779 264 cantico

142 391 231 446 posse
246 390 301 432 nec
316 375 374 432 iarn
394 371 488 432 libere
509 371 631 449 vagandi
652 371 934 447 latrociniorumque
950 374 1098 434 faciendo·

142 475 208 516 rum
224 457 391 516 facultatem
412 455 570 524 haberent,
592 458 622 515 in
643 455 750 514 linibus
771 455 941 516 consistunt
952 458 1099 518 Cadurco-

112 547 126 595 t
141 558 217 600 rum.
239 539 281 599 lbi
298 558 364 600 cum
376 540 530 599 Lucterius
545 539 622 617 apud
637 556 707 599 suos
723 541 800 599 cives
816 539 962 614 quondam
976 542 1100 618 integris

142 623 233 684 rebus
248 623 372 683 multum
387 625 534 701 potuisset
548 639 725 701 semperque
746 630 848 684 auctor
869 640 1014 684 novorum
1029 643 1099 684 eon·

142 706 274 767 sifiorum
305 724 439 784 magnam
461 706 537 784 apud
564 705 706 766 barbaros
737 708 941 766 auctoritatem
967 707 1099 777 liaberet,

143 791 283 868 oppidum
296 789 520 857 Uxellodunum,
538 789 616 866 quod
627 791 658 848 in
670 789 804 850 clientela
813 790 911 850 luerat
926 792 998 859 eius,
1015 808 1099 868 egre-

40 885 46 895 ’
141 876 189 951 gie
203 884 307 934 natura
323 873 381 933 loci
396 876 552 940 munitum,
570 881 694 952 occupat
708 875 770 934 suis
791 882 821 932 et
835 874 992 951 Drappetis
1008 877 1100 953 copiis

143 958 364 1036 oppidanosque
378 956 434 1016 sihi
449 958 610 1034 coniungit.

111 1044 124 1095 1
203 1041 333 1101 xxxin.
365 1041 429 1111 Quo
450 1058 517 1100 cum
539 1041 693 1100 confestim
709 1038 798 1099 Caius
815 1039 952 1101 Caninius
973 1042 1102 1101 venisset

142 1125 460 1201 animadverteretque,
483 1142 585 1184 omnes
606 1123 706 1202 oppidi
724 1132 824 1201 partes
849 1125 1101 1203 praeruptissimis

142 1211 219 1269 saxis
240 1225 305 1267 esse
327 1209 469 1275 munitas,
492 1224 551 1283 <pro
571 1207 747 1269 defendente
767 1206 847 1267 nullo
868 1217 967 1267 tamen
982 1209 1100 1267 armatis

142 1291 302 1353 ascendere
318 1299 397 1351 esset
411 1290 543 1359 difficile,
560 1308 663 1368 magna
679 1298 777 1350 autem
791 1290 1001 1368 impedimenta
1018 1293 1098 1368 oppi-

142 1375 286 1436 danorum
301 1375 428 1442 videret,
451 1377 565 1451 quaesi
581 1373 762 1434 clandestina
776 1375 844 1450 fuga
859 1373 1035 1434 subtrahere
1050 1393 1100 1433 co·

142 1468 299 1526 narentur,
316 1460 446 1535 effugere
466 1475 525 1518 non
545 1457 636 1518 modo
655 1459 832 1533 equitatum,
850 1457 902 1517 sed
918 1476 956 1517 ne
971 1457 1101 1534 legiones

143 1541 262 1618 quidem
276 1549 407 1620 possent,
423 1543 571 1620 tripertito
592 1539 765 1601 cohortibus
786 1541 885 1601 divisis
905 1542 983 1600 trina
1004 1540 1100 1600 excel·

111 1626 258 1686 asissimo
284 1624 348 1685 loco
374 1633 469 1684 eastra
494 1625 579 1692 lecit:
593 1644 622 1685 >a
648 1624 754 1700 quibus
779 1624 934 1702 paulatim,
958 1631 1101 1700 <plantum

143 1711 244 1786 copiae
259 1707 456 1786 patiebantur,
472 1707 580 1768 vallum
595 1710 626 1768 in
639 1708 739 1786 oppidi
761 1710 916 1769 circuitum
931 1708 1041 1768 ducere
1056 1708 1101 1766 in·

141 1794 245 1852 stituit.

112 1875 142 1933 1'
204 1875 345 1935 xxxilss.
374 1875 458 1946 Quod
473 1893 540 1935 eum
558 1873 824 1934 animadverterent
839 1875 976 1953 oppidani
996 1876 1100 1934 miser·

141 1958 395 2034 rimaquedlesiae
410 1959 552 2018 memoria
564 1956 681 2017 solliciti
696 1959 823 2018 similem
837 1976 937 2018 casum
953 1957 1100 2018 obsessio·

141 2044 188 2102 nis
208 2051 398 2108 vererentur,
426 2042 612 2117 maximeque
638 2060 674 2100 ex
699 2041 838 2102 omnibus
853 2041 1022 2107 lucterius,
1051 2043 1126 2116 qui.

141 2125 278 2185 fortunae
289 2123 367 2184 illius
382 2123 547 2202 periculum
558 2124 678 2193 fecerat,
695 2134 839 2193 moneret,
856 2126 997 2185 frumenti
1011 2127 1100 2184 ratio·

142 2226 211 2268 nem
223 2225 288 2268 esse
302 2207 483 2276 hahendam,
506 2209 689 2269 constituunt
709 2211 841 2269 omnium
856 2226 1003 2268 consensu
1018 2217 1103 2285 parte

141 2291 183 2351 ibi
201 2290 303 2351 relicta
323 2293 474 2369 copiarum
496 2293 553 2370 ipsi
574 2309 641 2353 cum
657 2293 800 2370 expeditis
826 2292 861 2352 ad
882 2291 1103 2369 importandum

110 2382 127 2430 2
141 2376 324 2436 frumentum
339 2377 494 2453 proficisci.
521 2376 563 2436 Eo
576 2375 697 2436 consilio
712 2376 846 2454 probato,
863 2392 1007 2453 proxuma
1015 2383 1103 2435 noete

142 2457 257 2518 duobus
278 2458 398 2520 milibus
426 2468 608 2521 armatorum
639 2459 751 2520 relictis
773 2458 903 2535 reliquos
929 2475 965 2518 ex
994 2457 1104 2536 oppido

111 2547 127 2598 t
141 2542 274 2619 Drappes
295 2550 324 2601 et
338 2543 494 2604 Lucterius
516 2543 654 2606 educunt.
691 2543 727 2603 Hi
741 2561 851 2622 paucos
867 2542 929 2602 dies
944 2543 1050 2601 morati
1066 2558 1103 2600 ex

142 2623 249 2685 finibus
265 2623 475 2696 Cadurcorum,
498 2630 548 2704 qui
568 2629 675 2706 partim
691 2635 724 2687 r'e
738 2626 932 2687 frumentaria
947 2624 1103 2684 sublevare

142 2725 194 2768 eos
215 2707 386 2785 cupiebant,
412 2713 520 2787 partim
535 2710 709 2788 prohibere,
739 2711 917 2786 quominus
938 2716 1102 2776 sumerent,

141 2809 201 2852 non
227 2800 380 2869 poterant,
412 2811 550 2872 magnum
577 2810 734 2854 numerum
759 2794 900 2853 frumenti
929 2801 1102 2870 conparant,

142 2891 363 2953 nonnumquam
379 2887 477 2937 autem
493 2876 731 2955 expeditionibus
745 2877 899 2937 nocturnis
914 2874 1033 2935 castella
1049 2893 1102 2933 no·

110 2965 271 3019 tetrorum
298 2960 481 3021 adoriuntur.
524 2960 616 3032 Quam
642 2960 680 3020 ob
706 2978 823 3020 causam
849 2958 938 3019 Caius
964 2958 1104 3018 Caninius

143 3048 205 3101 toto
221 3043 329 3120 oppido
345 3045 523 3104 munitiones
538 3044 723 3105 circumdare
738 3053 884 3110 moratur,
908 3059 946 3102 ne
961 3048 1012 3101 aut
1027 3057 1102 3117 opus

144 3126 280 3185 eflectum
295 3128 374 3185 tueri
384 3145 444 3185 non
460 3129 553 3204 possit
567 3136 618 3188 aut
631 3128 766 3206 plurimis
780 3128 811 3186 in
825 3127 897 3186 locis
911 3125 1027 3184 infirma
1042 3122 1101 3181 dis-

30 3280 31 3287 *
142 3216 233 3286 ponat
247 3208 402 3286 praesidia.

113 3298 126 3347 1
205 3290 317 3352 XXXV.
353 3292 457 3370 Magna
478 3295 561 3371 copia
587 3295 726 3355 frumenti
752 3301 919 3370 comparata
945 3289 1102 3350 considunt

143 3374 474 3453 DrappesetLucterius
484 3395 544 3437 non
558 3377 674 3456 longius
681 3377 717 3437 ab
726 3376 833 3456 oppido
845 3398 864 3437 x
879 3373 1007 3441 milibus,
1024 3373 1102 3435 unde

109 3466 127 3514 2
135 3458 281 3536 paulatim
296 3462 478 3521 frmuentum
493 3462 523 3521 in
540 3462 680 3542 oppidum
695 3460 914 3541 subportarent.
951 3457 1010 3536 lpsi
1025 3459 1102 3518 inter
