2356 3870
371 230 471 288 corni.
485 230 505 287 1.
521 230 591 288 cnr.
607 230 777 287 xro-xm.
1035 199 1061 294 e

97 401 216 474 perunt.
248 395 355 455 Caesar
369 413 439 456 suos
454 413 471 456 a
484 394 599 473 proelio
616 393 784 454 continebat
798 411 833 454 ac
847 394 917 454 satis
931 391 1059 455 babebat
1072 401 1104 448 o

96 480 308 556 inpraesentia
324 476 439 539 hostem
455 478 581 557 rapinis,
602 475 839 555 pabulationibus
859 476 1055 556 populationi-

97 560 212 638 busque
226 560 394 640 prohihere.
433 561 474 622 lta
496 561 559 622 dics
579 562 700 620 circiter
720 560 888 638 quindecim
907 561 965 621 iter
979 561 1088 620 lece-5

96 653 175 714 rrrnt,
192 646 236 706 uti
247 646 325 705 inter
338 646 529 706 novissimum
540 645 669 706 hostium
681 661 786 722 agmen
802 652 831 704 et
845 652 981 705 nostrum
996 645 1055 721 pri·

96 746 179 788 mum
199 746 260 789 non
280 728 406 808 amplius
427 731 525 806 quinis
546 734 598 790 aut
618 729 698 788 senis
719 726 839 788 milibus
854 745 995 806 passuum
1010 727 1055 786 in·

97 819 234 872 teresset

159 895 234 956 xvi.
258 895 379 956 Interim
396 896 503 957 cotidie
515 894 621 956 Caesar
636 893 753 955 Aeduos
768 894 961 962 frumentum,
978 892 1087 969 quodl

97 986 199 1038 essent
219 977 338 1057 publice
356 978 492 1057 polliciti,
515 979 656 1055 flagitare.
697 977 771 1039 Nam
793 983 917 1056 propter
937 977 1089 1055 frigora,2

95 1061 178 1138 quod
193 1060 286 1122 Gallia
300 1060 357 1122 sub
371 1061 638 1141 septentrionibus,
660 1067 694 1120 ut
707 1067 776 1122 ante
791 1061 903 1121 dictum
917 1066 978 1130 estc
1002 1078 1055 1138 po·

96 1147 152 1205 sita
168 1150 229 1213 est,
250 1162 311 1205 non
331 1144 419 1205 modo
433 1146 582 1207 frumenta
602 1145 634 1204 in
653 1145 731 1221 agris
745 1152 861 1205 matura
881 1161 941 1204 nou
962 1149 1055 1212 erant,

95 1227 203 1288 sedne
223 1226 325 1305 pabuli
345 1227 463 1303 quidem
484 1229 554 1288 satis
574 1245 679 1304 magna
700 1229 784 1306 copia
804 1226 994 1306 subpetebat:
1023 1228 1090 1286 eos

94 1318 196 1371 autem
211 1310 386 1379 frumento,
395 1309 474 1386 quod
489 1310 610 1370 flumine
624 1311 717 1370 Arare
731 1309 854 1371 navibus
869 1309 1055 1377 subvexerat,

94 1400 256 1472 propterea
270 1395 369 1454 minus
381 1395 428 1453 uti
441 1399 572 1472 poterat,
595 1392 675 1469 quod
695 1394 753 1452 iter
768 1393 805 1453 ab
825 1395 917 1454 Arare
932 1392 1058 1453 Helvetii

94 1483 280 1545 averterant,
303 1495 320 1537 a
335 1475 442 1554 quibus
457 1475 610 1536 discedere
625 1474 753 1536 nolebat.
790 1476 873 1537 Diem
888 1494 924 1536 ex
939 1476 987 1536 die
1002 1476 1055 1536 du·
1072 1483 1089 1531 4

94 1578 166 1620 cere
181 1559 289 1620 Aedui:
313 1560 452 1627 conferri,
468 1560 653 1637 conportari,
675 1557 779 1618 adesse
799 1558 908 1619 dicere.
945 1558 1002 1620 Ubi
1022 1564 1086 1619 seo
1161 1617 1164 1624 ,

94 1644 208 1704 diutius
223 1642 292 1703 duci
305 1640 451 1706 intellexit
465 1649 495 1702 et
509 1641 588 1700 diem
602 1643 721 1709 instare,
738 1657 797 1717 quo
813 1642 860 1702 die
874 1642 1057 1702 frumentum

94 1725 239 1785 militibus
254 1725 352 1784 metiri
367 1731 532 1802 oporteret,
555 1724 722 1783 convocatis
743 1741 846 1783 eorum
861 1722 1055 1802 principibus,

95 1825 226 1884 quorum
240 1823 376 1883 magnam
391 1808 506 1884 copiam
526 1808 557 1865 in
577 1808 682 1876 castris
702 1804 844 1876 habebat,
866 1808 896 1867 in
917 1805 963 1867 his
978 1807 1055 1868 llivi·

95 1893 172 1949 tiaco
186 1895 215 1949 et
228 1887 323 1958 Lisco,
340 1891 391 1965 qui
405 1908 520 1950 summo
533 1890 716 1967 magistratui
727 1896 873 1971 praeerat,
890 1907 978 1966 quem
988 1907 1054 1950 rer·

94 1972 254 2050 gobretum
275 1971 425 2050 appellant
443 1972 552 2042 Aedui,
579 1973 630 2048 qui
650 1979 768 2034 creatur
793 1990 910 2034 annuus
932 1980 961 2033 et
981 1975 1056 2034 vitae

93 2058 239 2132 necisque
253 2057 284 2115 in
299 2073 369 2115 suos
383 2054 472 2116 habet
491 2062 684 2135 potestatem,
705 2059 833 2133 graviter
854 2075 905 2118 eos
924 2050 1054 2127 accusat,

94 2139 192 2216 quod,
214 2157 282 2199 cum
302 2155 400 2215 neque
421 2141 479 2199 emi
499 2157 605 2216 oeque·
618 2157 654 2198 ex
674 2141 752 2216 agris
767 2141 844 2200 sumi
859 2146 974 2219 posset,
996 2145 1087 2201 tamo

93 2223 265 2284 necessario
280 2230 429 2300 tempore,
451 2228 511 2283 tam
525 2223 701 2301 propinquis
715 2220 865 2294 hostibus,
887 2223 924 2284 ab
944 2224 980 2283 iis
995 2241 1055 2284 non

92 2306 278 2376 sublevetur,
294 2307 470 2384 praesertim
485 2323 553 2366 cum
568 2322 672 2382 magna
688 2324 724 2366 ex
738 2314 822 2385 parte
837 2324 942 2368 eorum
957 2308 1053 2384 preci·

93 2390 152 2451 bus
179 2388 323 2450 adductus
349 2388 459 2450 bellum
484 2391 663 2467 susceperim
693 2389 785 2450 multo
813 2391 900 2451 etiam
927 2391 1053 2466 gravius,

94 2473 177 2551 quod
192 2475 232 2533 sit
245 2472 419 2541 destitutus,
436 2473 580 2549 queritur.

158 2555 246 2617 xvss.
264 2555 340 2615 Tum
355 2555 475 2616 demum
486 2555 589 2616 Liscus
604 2557 737 2616 oratione
753 2556 885 2617 Caesaris
900 2555 1054 2625 adductus,
1071 2562 1084 2614 1

94 2639 177 2717 quod
191 2646 277 2699 antea
292 2645 439 2708 tacuerat,
461 2640 617 2717 proponit:
640 2639 712 2700 Esse
731 2637 904 2707 nonnullos,
926 2657 1053 2717 quorum

93 2724 256 2784 auctoritas
276 2722 354 2800 apud
379 2721 498 2801 plebem
522 2721 685 2800 plurimum
710 2721 817 2791 valeat,
844 2724 895 2799 qui
919 2725 1054 2802 privatim
1132 2784 1134 2789 ,

93 2805 162 2884 plus
183 2806 299 2883 possint
319 2822 407 2881 quam
428 2806 485 2884 ipsi
504 2808 709 2884 magistratus:
732 2804 787 2867 hos
808 2805 946 2867 seditiosa
967 2815 1086 2883 atque2

94 2887 232 2968 improba
247 2890 380 2949 oratione
394 2889 614 2959 multitudinem
629 2890 797 2957 deterrere,
818 2907 857 2949 ne
871 2890 1053 2951 frumentum

94 2973 266 3034 conferant:
292 2969 400 3051 [quod]
421 2980 573 3051 praestare
590 2970 761 3052 [debeant],
783 2974 808 3033 si
828 2974 887 3032 iam
906 2975 1085 3054 principa-n

92 3063 159 3117 tum
176 3054 286 3116 Galliae
301 3056 437 3133 optinere
451 3073 511 3117 non
531 3058 660 3135 possint,
677 3055 828 3117 Gallorum
843 3073 931 3133 quam
946 3057 1052 3119 Roma-

93 3157 204 3200 norum
218 3139 342 3216 imperia
356 3139 501 3217 perferre,
519 3157 617 3217 neque
631 3139 767 3200 dubitare
784 3138 955 3220 [debeant],
973 3142 1053 3218 quin,
1069 3150 1085 3199 4

93 3224 120 3285 si
134 3222 285 3284 llclvetios
299 3224 505 3301 superaverint
517 3222 655 3294 Romani,
678 3241 737 3284 una
752 3242 820 3284 cum
834 3223 948 3301 reliqua
963 3224 1054 3286 Gallia

92 3307 205 3368 Aeduis
220 3305 387 3366 libertatem
402 3307 461 3367 sint
477 3308 619 3384 erepturi.
654 3307 699 3369 Ab
715 3307 826 3368 eisdem
841 3316 942 3369 nostra
957 3309 1053 3369 consi·
1068 3315 1085 3366 o

91 3390 141 3461 lia,
159 3406 295 3467 quaeque
309 3391 339 3450 in
355 3391 459 3451 castris
474 3397 625 3469 gerantur,
641 3390 776 3452 hostibus
792 3392 952 3453 enuntiari:
967 3390 1023 3452 hos
1037 3409 1067 3452 a
1096 3411 1099 3414 ·

91 3491 127 3536 ce
140 3475 278 3536 coerceri
292 3490 351 3534 non
360 3491 459 3552 posse.
485 3474 560 3548 Quin
576 3477 673 3549 etiam,
687 3474 768 3558 quod
779 3477 986 3543 necessariam
996 3479 1099 3539 rems
