2356 3870
315 220 412 276 duint.
424 220 469 276 -vt
486 220 554 276 etr.
570 221 806 277 XXXVI-XXXX.
981 222 1040 286 123

84 394 145 448 stes
166 393 254 459 etque
274 384 304 442 in
326 401 441 444 summo
463 402 528 444 esse
548 403 611 445 rem
627 385 811 446 discrimine:
835 386 913 463 cepit
927 401 1040 445 ermae

84 469 325 549 prosimisetque
336 469 368 526 in
377 474 463 545 porta
472 470 614 530 consistit.
640 469 868 545 consequuntur
882 468 961 528 hunc
973 486 1040 528 ceu·
1056 475 1073 528 t

84 555 219 612 turinnes
240 553 303 610 eius
325 549 467 619 cohortis,
490 554 616 628 quaein
637 554 763 613 statione
784 559 862 620 eret;
890 552 1040 630 paulisper

83 653 143 697 una
158 633 304 712 proelium
319 635 473 694 sustinent.
503 634 654 713 Relinquit
669 638 783 696 animus
798 635 931 695 Sextium
946 637 1040 713 grevi-
1056 643 1073 690 t

83 720 140 779 bus
152 719 280 796 acceptis
291 716 475 786 vulneribus;
492 735 579 795 aegre
590 737 645 798 per
656 737 760 780 manus
771 727 883 779 tractus
895 727 1037 780 servatur.

83 802 148 863 Hoc
162 802 258 880 spatio
273 802 448 879 interposito
463 801 571 879 reliqui
586 821 651 864 sese
666 804 841 864 confirmant
860 810 990 870 tantum,
1007 810 1069 863 uto

83 889 114 945 in
128 883 343 946 munitionibus
364 887 526 946 consistere
547 887 674 948 audeant
692 888 881 965 speciemque
901 886 1037 946 defenso·

81 988 151 1048 rum
166 968 337 1047 praebeant.

147 1052 312 1133 xxxviiii.
343 1053 464 1113 interim
477 1056 609 1114 coniecta
622 1056 848 1115 frumentatione
863 1052 970 1114 milites
985 1071 1037 1114 no·
1055 1058 1069 1110 t

82 1140 137 1198 stri
153 1136 311 1197 clamorem
323 1136 495 1204 exaudiunt;
511 1148 709 1216 praecurrunt
721 1140 849 1214 equites:
866 1145 975 1214 quanto
990 1154 1039 1199 res

82 1222 166 1280 sitin
187 1218 334 1298 periculo,
357 1230 548 1297 cognoscunt.
584 1221 638 1281 Hic
658 1239 728 1281 vero
748 1220 829 1280 nulle
844 1222 969 1281 munitio
985 1226 1071 1288 este

83 1321 160 1382 quae
185 1305 362 1381 perterritos
388 1305 525 1383 recipiet:
554 1305 640 1364 modo
667 1307 826 1382 conscripti
851 1312 939 1380 etque
966 1322 1037 1364 usus

83 1388 217 1449 mineris
231 1389 361 1465 imperiti
372 1386 408 1447 ad
419 1384 571 1448 tribunum
585 1388 711 1449 militum
724 1390 972 1464 centurionesque
987 1407 1039 1448 ore

23 1536 27 1541 ,
83 1477 276 1544 convertunt:
298 1470 368 1546 quid
388 1470 425 1531 ab
446 1470 491 1531 bis
510 1473 722 1551 praecipiatur,
744 1479 908 1550 expectant.
945 1471 1069 1532 Nemott

84 1563 129 1615 est
143 1563 203 1614 tem
218 1555 312 1623 fortis,
330 1555 402 1631 quin
416 1556 460 1614 rei
480 1557 608 1614 novitate
623 1555 823 1633 perturbetur.
855 1554 979 1615 Barbari
999 1557 1037 1614 si·
1054 1561 1069 1609 4

82 1637 805 1716 gnrproculconspicatioppugnetionedesistunt;
818 1638 930 1698 redisse
943 1640 1038 1715 primo

83 1721 216 1798 legiones
230 1721 370 1789 credunt,
398 1738 472 1797 ques
484 1721 599 1800 longius
614 1722 784 1782 discessisse
800 1740 835 1780 cx
851 1722 972 1798 captivis
987 1740 1036 1779 co-

82 1812 259 1882 gnoverant;
275 1811 378 1883 postea
393 1805 530 1882 despecte
544 1807 689 1883 paucitate
706 1823 740 1864 ex
754 1804 890 1865 omnibus
905 1804 1037 1882 pertibus
1115 1812 1122 1821 ‘

77 1890 227 1967 *impetum
241 1889 362 1949 iaciunt.

146 1971 260 2032 XXXX.
299 1971 421 2033 Calones
445 1975 475 2032 in
500 1975 666 2051 proximum
688 1971 833 2031 tumulum
847 1979 1037 2049 procurrunt
1055 1977 1067 2027 1

83 2056 158 2117 lli'nc
172 2055 311 2116 celeriter
317 2054 422 2116 deiecti
428 2054 815 2134 seinslgnemenipulosque
821 2057 985 2122 coniciunt:
1002 2072 1037 2114 eo

82 2141 176 2216 magis
190 2139 308 2199 timidos
322 2148 493 2218 perterrent
506 2139 623 2200 milites.
654 2139 723 2207 Alii,
740 2157 834 2198 cuneo
849 2140 928 2200 iacto
941 2144 974 2199 ut
989 2156 1036 2198 ce·
1052 2145 1068 2194 2

82 2223 185 2284 leriter
200 2231 407 2302 perrumpant,
421 2231 558 2291 censent,
573 2225 711 2300 quoniam
725 2229 786 2281 tem
800 2225 965 2300 propinque
980 2223 1038 2282 sint

83 2313 190 2375 cestre,
206 2308 275 2367 etsi
289 2323 358 2384 pers
373 2306 469 2384 alique
484 2310 682 2367 circumventa
698 2306 846 2373 ceciderit,
863 2312 892 2365 at
906 2305 1037 2381 reliquos

81 2393 196 2450 serrari
209 2408 297 2469 posse
313 2390 477 2458 conlidunt3
500 2391 561 2458 atii,
578 2397 612 2449 ut
630 2392 660 2449 in
681 2391 751 2465 iugo
772 2391 934 2449 consistent
949 2394 1069 2465 etquet

83 2474 212 2533 eundem
233 2467 335 2534 omnes
356 2474 452 2534 lerant
467 2492 575 2534 cesum.
614 2473 677 2533 Hoc
698 2479 813 2532 veteres
831 2488 892 2534 neu
911 2470 1069 2549 probantu

81 2555 201 2625 milites,
218 2572 292 2633 quos
306 2556 362 2616 sub
377 2556 483 2617 vexillo
498 2576 556 2618 una
571 2557 722 2635 proiectos
737 2555 899 2615 docuimus.
936 2555 1038 2630 ltaque

82 2641 161 2700 iuter
176 2658 208 2700 se
219 2639 363 2700 coborteti
375 2640 450 2700 duce
462 2640 533 2701 Gaio
545 2640 703 2708 Trebonio,
717 2641 816 2716 equite
828 2639 969 2704 Romano,
987 2640 1038 2713 qui

81 2725 125 2783 eis
141 2730 205 2783 eret
218 2725 413 2801 praepositus,
429 2741 484 2802 per
498 2724 610 2784 medios
625 2723 725 2783 hostes
743 2730 942 2801 perrumpunt
956 2725 1036 2781 inco·

81 2804 238 2882 lumesque
253 2806 289 2866 ed
304 2824 396 2867 unum
412 2825 515 2867 omnes
528 2810 559 2867 in
570 2815 665 2868 cestra
677 2808 862 2883 perveniunt.
890 2804 951 2864 Hos
966 2804 1036 2864 sub·
1053 2811 1069 2860 5

81 2891 175 2950 monti
197 2889 314 2950 calones
335 2891 508 2966 equitesque
529 2891 631 2950 codem
653 2891 764 2965 impetu
785 2887 909 2948 militum
930 2890 1038 2947 virtute

80 2980 246 3033 servantur.
267 2974 304 3034 At
318 2975 347 3041 ii,
364 2975 414 3049 qui
428 2975 458 3033 in
472 2976 541 3051 iugo
553 2975 753 3039 constiterant,
767 2971 850 3031 nullo
863 2974 949 3031 etiam
960 2989 1038 3032 nunc
1052 2977 1069 3027 o

81 3074 139 3118 usu
152 3058 198 3116 rei
209 3055 343 3117 militaris
355 3063 506 3135 percepto,
522 3074 620 3134 neque
635 3058 665 3115 in
681 3073 726 3123 eo,
743 3055 821 3132 quod
831 3054 1036 3134 probaverant,

80 3137 205 3200 consilio
219 3157 405 3218 permanere,
421 3148 455 3200 ut
469 3158 501 3202 se
516 3141 581 3201 loco
596 3140 751 3218 superiore
766 3139 967 3208 defenderent,
984 3157 1035 3199 ne·

80 3239 141 3300 que
155 3240 230 3292 eum,
246 3239 335 3300 quem
348 3224 491 3302 prodesse
502 3224 565 3285 aliis
576 3225 633 3284 rim
642 3221 881 3300 celeritatemque
896 3222 1037 3290 riderent,

23 3305 25 3308 ’
77 3307 181 3367 imitari
203 3314 374 3386 potuerunt,
391 3307 443 3368 sed
454 3326 486 3368 se
497 3309 528 3368 in
540 3313 635 3368 cestre
646 3307 781 3384 recipere
793 3308 889 3366 conati
904 3307 1038 3381 iniquum

80 3389 230 3451 inlocum
252 3389 443 3452 demulserunt
474 3391 684 3458 Centuriones,
706 3405 833 3466 quorum
853 3388 990 3449 nonnulii
1003 3394 1068 3448 ert

79 3473 272 3556 interioribus
286 3473 440 3534 ordinibus
451 3474 636 3553 reliquarum
658 3473 815 3554 legionum
828 3475 952 3537 virtutis
965 3489 1061 3535 coust
