2356 3870
158 206 220 267 174
480 198 519 256 ee
534 197 639 255 BELLO
656 198 793 255 Gallico

125 375 139 425 1
218 366 305 426 vllll.
338 365 410 426 Cum
425 371 548 441 repente
555 361 800 423 instructasvelut
814 363 845 422 in
860 363 922 423 acie
938 363 1121 442 certogrado

155 451 287 527 legiones
295 445 518 510 accedereGalli
529 445 671 515 viderent,
688 452 907 522 quorumerant
922 446 1121 509 adeaesarem

156 534 243 612 plena
257 533 381 593 fiduciae
394 530 514 592 consilia
528 528 651 609 perlata,
668 531 1044 608 sivecertaminispericulo
1060 533 1122 594 sivo

157 616 254 678 subito
269 616 396 677 adventu
407 616 468 675 sive
493 615 696 692 expectatione
710 615 806 675 nostri
831 614 945 675 consilii
963 617 1062 694 copias
1076 618 1119 676 in·

124 709 141 758 2
156 708 336 778 struuntpro
344 700 447 758 castris
454 715 510 758 nec
520 696 586 757 loco
593 698 748 776 superiore
755 696 910 759 decedunt
935 698 1050 767 Cacsar,
1067 701 1122 760 etsi

156 784 296 844 dimicare
311 789 471 861 optaverat,
489 787 587 840 tamen
602 780 762 841 admiratus
778 788 888 841 tautam
903 781 1122 843 multitudinem

166 867 295 928 bostium
314 865 389 927 valle
406 866 573 925 intermissa
598 866 691 941 magis
714 865 745 924 in
776 864 960 926 altitudinem
982 865 1122 946 depressa

126 959 247 1027 equam
267 949 326 1010 late
345 957 465 1028 patente
487 957 582 1009 eastra
598 949 708 1008 castris
728 946 859 1009 hostium
881 950 1005 1010 confert.
1041 949 1121 1011 llaec

155 1037 283 1112 imperat
295 1032 369 1094 vallo
384 1032 494 1112 pedum
510 1030 666 1092 duodecim
680 1033 804 1102 muniri,
827 1032 981 1093 loriculam
995 1052 1051 1112 pro
1066 1032 1121 1092 bac

156 1119 270 1179 ratione
282 1119 345 1177 eins
351 1115 513 1177 altitudinis
527 1115 717 1185 inaedificari,
733 1116 843 1176 fossam
849 1115 998 1194 duplicem
1012 1115 1120 1195 pedum

156 1201 267 1261 denum
281 1202 404 1276 quinum
418 1198 561 1260 lateribus
583 1198 709 1278 deprimi
728 1199 863 1269 directis,
886 1202 977 1261 turris
1000 1201 1120 1260 excitari

157 1283 278 1345 crebras
292 1286 324 1344 in
331 1283 516 1344 altitudinem
522 1284 613 1343 trium
621 1281 827 1352 tabulatorum,
843 1283 984 1362 pontibus
992 1284 1120 1344 traiectis

157 1369 374 1444 constratisque
395 1367 548 1443 coniungi,
570 1383 697 1442 quorum
717 1367 831 1427 frontes
852 1369 978 1428 viminea
996 1365 1120 1428 loricula

124 1461 141 1508 4
156 1453 353 1520 munirentur,
361 1457 394 1511 ut
400 1450 437 1511 ab
444 1449 578 1510 hostibus
586 1448 789 1535 duplicilossa,
804 1449 913 1529 duplici
919 1459 1119 1530 propugnato-

158 1552 226 1595 rum
241 1533 346 1594 ordine
361 1533 602 1603 defenderentur,
620 1550 747 1610 quorum
755 1532 830 1594 alter
846 1551 881 1594 ex
895 1533 1044 1613 pontibus,
1062 1551 1120 1610 quo

157 1620 248 1678 tutior
256 1616 409 1678 altitudine
416 1617 577 1688 esset,.hoc
592 1617 732 1678 audacius
743 1617 919 1694 longiusque
933 1619 1121 1698 permitteret

157 1701 223 1771 tela,
246 1699 335 1769 alter,
359 1703 409 1777 qui
430 1703 553 1779 propior
571 1699 690 1778 ¹bostem
710 1703 741 1761 in
761 1702 825 1778 ipso
848 1700 924 1762 vallo
950 1699 1120 1777 conlocatus

158 1792 244 1854 esset,
260 1792 351 1864 ponte
366 1784 403 1844 ab
423 1783 622 1846 incidentibus
644 1783 709 1844 telis
730 1792 890 1862 tegeretur.
927 1784 1024 1845 Portis
1039 1785 1119 1845 loros

156 1869 335 1945 altioresque
351 1877 448 1929 turres
462 1870 611 1947 imposuit.

126 1961 138 2010 1
215 1952 253 2012 il.
286 1952 380 2013 liuius
394 1953 566 2012 munitionis
587 1949 695 2028 duplex
712 1957 776 2011 erat
791 1949 954 2012 consilium.
985 1952 1120 2030 Namque

157 2044 187 2095 et
201 2053 325 2113 operum
341 2034 573 2112 magnitudinem
589 2041 619 2094 et
633 2035 771 2094 timorem
785 2053 872 2095 suum
892 2035 1030 2113 sperabat
1043 2037 1118 2096 lidu-

156 2121 231 2177 ciam
243 2117 377 2178 barbaris
392 2117 566 2186 adlaturum,
584 2125 692 2177 etcum
706 2116 878 2196 pabulatum
892 2119 1118 2181 frumentatum-

157 2218 215 2278 que
229 2199 346 2278 longius
362 2209 441 2261 esset
451 2200 708 2279 proficiscendum,
724 2203 822 2279 parvis
834 2203 927 2280 copiis
942 2211 1038 2264 castra
1053 2222 1132 2263 mu-.

126 2299 142 2346 2
156 2287 268 2345 uitione
283 2287 346 2363 ipsa
361 2282 478 2344 ridebat
491 2302 580 2362 posse
595 2284 723 2344 delendi.
757 2284 879 2345 Interim
896 2285 1002 2347 crebro
1016 2289 1118 2366 paucis

157 2370 305 2445 utrimque
312 2367 646 2445 procurrentibusinter
661 2367 730 2428 bina
737 2376 833 2429 castra
840 2367 948 2448 palude
963 2371 1118 2431 interiecta

52 2481 56 2485 ·
156 2450 404 2518 contendebatur;
427 2468 515 2527 quam
535 2460 634 2512 tamen
658 2450 800 2531 paludem
819 2469 1043 2531 nonnumquam
1068 2463 1118 2514 aut

101 2559 103 2563 ’
155 2543 257 2596 nostra
271 2533 536 2605 auxiliaGallorum
544 2535 821 2612 Germanorumque
830 2536 996 2597 transibant
1006 2538 1117 2598 acrius-

156 2636 213 2695 que
224 2617 324 2678 hostes
334 2618 577 2694 insequebantur,
593 2625 643 2680 aut
655 2619 782 2679 vicissim
791 2617 1007 2681 hosteseadem
1021 2627 1117 2681 trans-

123 2715 139 2765 t
153 2704 249 2779 gressi
263 2709 382 2762 nostros
396 2701 513 2779 longius
528 2701 761 2764 summovebant.
788 2701 946 2764 Accidebat
957 2710 1055 2764 autem
1068 2723 1116 2763 co·

155 2784 272 2846 tIdianis
291 2783 529 2864 pabulationibus
553 2819 587 2830 —
611 2786 641 2844 id
663 2785 741 2861 quod
756 2786 890 2846 accidere
906 2794 970 2848 erat
984 2805 1116 2857 necesse,

155 2887 222 2930 cum
232 2871 309 2930 raris
323 2869 511 2945 disiectisque
527 2887 563 2928 err
578 2868 716 2929 aedificiis
732 2867 874 2946 pabulum
891 2872 1117 2948 conquireretur

156 2951 1114 3032 -,utimpeditisloeisdispersipabulatorescircumvenirentur:

121 3051 139 3098 4
155 3053 308 3112 quaeres,
325 3038 381 3097 etsi
395 3037 544 3096 mediocre
558 3034 766 3097 detrimentum
787 3037 989 3098 iumentorum
1004 3056 1038 3097 ac
1052 3055 1115 3097 ser·

155 3137 258 3179 vorum
273 3121 384 3180 nostris
400 3119 559 3190 adferebat,
576 3126 675 3180 tamen
685 3118 790 3180 stultas
806 3122 997 3198 cogitationes
1011 3122 1114 3180 incita·

154 3202 205 3262 bat
219 3201 428 3271 barbarorum,
451 3212 539 3280 atquc
560 3222 595 3264 eo
615 3205 723 3282 magis,
746 3202 825 3280 quod
841 3203 1004 3272 Commius,
1027 3221 1116 3280 quem

154 3286 321 3365 proiectum
336 3286 373 3346 ad
387 3286 495 3347 auxilia
506 3286 722 3349 Germanorum
737 3287 914 3349 accersenda
929 3286 1030 3358 docui,
1048 3306 1115 3348 curn

155 3369 302 3446 equitibus
318 3379 452 3438 veneram
475 3373 525 3447 qui
546 3372 663 3433 tametsi
676 3389 801 3433 numero
816 3390 876 3433 non
891 3371 1017 3451 amplius
1032 3381 1116 3432 erant

155 3455 317 3531 quingenti,
334 3463 433 3515 tamen
444 3454 660 3517 Germanorrun
671 3455 797 3517 adventu
809 3455 1113 3518 barbarinitebantur,
