2356 3870
139 219 181 280 74
460 213 499 290 uu
514 212 617 269 arcuo
634 212 771 269 carneo
826 211 829 214 ·

112 384 126 438 t
203 377 291 439 XXX.
330 375 442 449 Quibus
467 376 558 438 rebus
585 377 709 454 cognitis
737 376 895 455 principes.
915 376 1092 439 Britamriae.

141 462 192 541 qui
205 469 274 541 post
287 459 432 540 proelium
445 459 481 520 ad
491 459 646 521 Caesarem
661 467 868 528 convenerant,
884 460 962 520 inter
977 477 1009 520 se
1024 477 1093 519 con·

139 546 240 616 locutl,
257 563 325 607 cum
340 546 454 621 equites
470 550 500 603 et
510 561 599 604 naves
612 550 641 603 et
652 543 980 605 frumentumliomanis
991 543 1094 604 deesse

139 628 347 707 intellegerent
362 634 391 688 et
410 628 588 705 paucitatem
609 623 735 688 militum
750 645 788 686 ex
802 634 967 687 castrorum
983 627 1094 704 exigui·

141 720 199 773 tate
215 718 437 790 cognoscerent,
455 728 531 788 quae
545 709 602 770 hoe
617 719 701 772 erant
717 712 804 771 etiam
819 712 998 787 angustiora,
1016 709 1095 787 quod

111 798 204 857 tsine
218 796 436 874 impedimentis
451 794 557 856 Caesar
576 793 709 872 legiones
731 800 995 872 transportaverat,
1017 795 1094 872 opti-

141 897 223 940 mum
238 881 317 939 lactu
332 896 397 938 esse
412 877 570 947 duxerunt,
585 877 748 939 rebellione
762 879 839 938 iacta
853 879 1003 938 frumento
1015 896 1093 937 com·

141 969 301 1039 meatuque
316 969 434 1022 nostros
448 960 608 1040 prohibere
620 968 649 1022 et
659 979 725 1022 rem
737 962 769 1021 in
779 959 908 1022 hiemem
918 961 1095 1040 producere,

143 1045 283 1123 quernis
298 1047 444 1122 superatis
460 1051 510 1104 aut
524 1044 622 1105 reditu
641 1045 810 1106 interclusis
824 1046 974 1105 neminem
994 1053 1096 1123 postea

142 1129 212 1189 belli
231 1127 379 1189 inserendi
399 1145 487 1188 causa
505 1129 537 1189 in
551 1126 733 1189 Britanniam
753 1130 948 1189 transiturum
969 1128 1095 1188 confide·

141 1212 221 1273 bant.
259 1213 488 1287 ltaquerursus
509 1213 711 1272 coniuratione
731 1213 807 1272 lacta
827 1211 968 1290 paulatim
991 1229 1027 1271 ex
1048 1229 1095 1271 ca-

141 1297 211 1356 stris
226 1294 379 1355 discedere
394 1312 428 1354 ac
442 1312 512 1355 suos
528 1293 602 1355 clam
619 1314 654 1356 ex
669 1297 748 1373 agris
762 1294 909 1356 deducere
922 1303 1094 1374 coeperunt.

111 1385 125 1436 1
204 1377 304 1438 XXXI.
326 1380 363 1437 At
374 1377 495 1446 Cacsar,
516 1377 573 1439 etsi
587 1379 718 1440 nondum
734 1396 837 1439 eorum
851 1378 972 1439 consilia
988 1395 1093 1455 cogno·

142 1469 238 1530 verat,
256 1468 354 1521 tamen
370 1467 400 1520 et
414 1478 451 1520 ex
466 1469 573 1522 eventu
587 1464 704 1523 navium
719 1480 841 1522 suarum
857 1469 936 1522 etex
953 1479 997 1530 eo,
1018 1462 1097 1538 quod

142 1545 261 1606 obsides
276 1545 347 1605 dare
361 1545 595 1615 intermiserant,
617 1547 682 1607 lore
696 1545 741 1614 id,
764 1545 844 1622 quod
859 1546 977 1613 accidit,
1000 1547 1096 1624 suspi-

113 1628 272 1691 2cabatur.
293 1629 397 1705 Itaque
408 1629 444 1689 ad
456 1647 558 1690 omnes
571 1648 656 1691 casus
667 1629 797 1690 subsidia
812 1628 998 1708 comparabat.
1024 1629 1096 1690 Nam

142 1721 172 1774 et
192 1715 375 1774 trumentum
402 1730 439 1773 ex
463 1714 541 1789 agris
568 1713 674 1774 cotidie
693 1715 724 1774 in
746 1720 841 1775 castra
863 1711 1035 1774 conserebat
1058 1721 1095 1782 et,

142 1814 217 1874 quae
232 1797 403 1874 gravissime
418 1795 551 1856 addictae
566 1806 650 1858 erant
669 1815 771 1867 naves,
794 1815 896 1859 earum
916 1799 1039 1858 materia
1054 1805 1096 1857 at·

142 1897 199 1957 que
215 1897 283 1940 aere
298 1879 335 1940 ad
349 1879 479 1957 reliquas
494 1880 666 1941 reficiendas
681 1880 819 1941 utebatur
834 1887 876 1950 et,
901 1897 977 1957 quae
991 1880 1027 1941 ad
1048 1898 1096 1940 eas

114 1966 189 2025 tres
205 1970 289 2026 erant
303 1965 385 2032 usui,
408 1981 444 2022 ex
460 1965 620 2024 continenti
635 1966 804 2043 conportari
823 1962 953 2024 iubebat.
984 1963 1095 2040 ltaque,

142 2066 209 2108 cum
229 2065 346 2107 summo
365 2046 463 2107 studio
485 2065 502 2106 a
523 2046 664 2108 militibus
686 2047 956 2116 administraretur,
979 2065 1025 2108 111
1045 2065 1096 2107 na·

141 2130 225 2191 ribus
240 2131 364 2198 amissis,
381 2129 504 2207 reliquis
516 2138 548 2191 ut
558 2133 688 2209 navigari
699 2131 852 2192 commode
863 2139 973 2210 posset,
990 2130 1095 2192 effecit.

115 2219 128 2271 t
205 2212 319 2274 XXXlI.
351 2213 427 2274 Dum
447 2232 482 2274 ea
502 2225 662 2292 geruntur,
688 2216 805 2294 legione
826 2233 862 2275 ex
883 2213 1096 2276 consuetudine

142 2316 200 2359 una
215 2298 429 2359 frumentatum
443 2299 547 2367 missa,
572 2316 647 2376 quae
661 2298 865 2379 appellabatur
878 2300 1019 2378 septima,
1044 2316 1096 2357 ne-

141 2399 200 2459 que
215 2381 275 2443 ulla
295 2380 331 2441 ed
350 2380 381 2441 id
400 2388 518 2461 tempus
539 2381 609 2443 belli
629 2384 796 2462 suspicione
814 2383 1005 2462 interposita,
1030 2398 1097 2441 cum

141 2483 211 2546 pars
226 2465 379 2526 bominum
393 2466 424 2526 in
446 2467 524 2543 agris
544 2473 726 2536 remaneret,
751 2485 820 2545 pars
841 2466 929 2527 etiam
949 2467 980 2526 in
1001 2472 1097 2525 castra

142 2550 312 2616 ventitaret,
335 2549 370 2616 ii,
393 2549 444 2626 qui
457 2567 513 2629 pro
528 2552 621 2628 portis
636 2559 801 2611 castrorum
815 2551 846 2611 in
861 2551 986 2610 statione
1002 2554 1094 2615 erant,

141 2632 261 2694 Caesari
274 2632 499 2702 nuntiaverunt,
520 2633 673 2712 pulverem
687 2635 844 2703 maiorem,
867 2651 955 2711 quam
971 2648 1095 2694 consue·

141 2715 213 2777 tudo
227 2716 336 2783 ferret,
352 2715 384 2774 in
399 2734 432 2775 ea
448 2723 532 2794 parte
547 2717 654 2787 videri,
671 2734 759 2794 quam
773 2719 804 2778 in
818 2724 932 2797 partem
948 2714 1024 2793 legio
1039 2716 1096 2774 iter

95 2855 97 2860 .
113 2800 269 2860 eiecisset.
301 2797 408 2859 Caesar
422 2799 468 2868 id,
485 2800 564 2875 quod
580 2807 657 2871 erat,
674 2802 855 2881 suspicatus,
872 2799 982 2876 aliquid
996 2799 1066 2859 novi
1080 2815 1096 2858 a

142 2882 275 2943 barbaris
300 2882 407 2943 initum
428 2882 557 2952 consilii,
585 2883 736 2954 cobortes,
764 2901 839 2961 quae
864 2887 896 2945 in
921 2881 1096 2944 stationibus

142 2973 242 3035 crant,
263 2983 365 3026 secum
384 2967 496 3027 ineam
515 2975 630 3046 partem
652 2969 814 3048 proficisci,
837 2985 873 3028 ex
887 2966 1009 3044 reliquis
1024 2966 1095 3027 duas

141 3051 173 3110 in
187 3049 344 3109 stationem
360 3047 498 3110 cohortes
513 3052 689 3122 succedere,
711 3052 841 3130 reliquas
856 3052 965 3112 armari
980 3058 1009 3110 et
1024 3067 1093 3110 con·

113 3133 239 3193 ttlesdm
251 3149 325 3211 ¹sese
345 3131 487 3210 subsequi
507 3136 600 3195 iussit.
633 3136 706 3198 Cum
720 3137 809 3216 paulo
829 3135 945 3212 longius
960 3153 977 3195 a
992 3133 1095 3194 castris

26 3252 27 3257 κ
141 3215 344 3294 processisset,
361 3233 430 3277 suos
445 3216 481 3277 ab
496 3216 631 3280 hostibus
641 3222 737 3299 premi
749 3229 837 3298 atque
848 3236 937 3296 aegre
947 3217 1095 3278 sustinere

141 3306 171 3359 et
183 3300 316 3361 conferta
326 3297 442 3377 legione
453 3319 489 3361 ex
501 3303 637 3364 omnibus
648 3303 781 3383 partibus
792 3303 850 3364 tela
861 3302 955 3363 conici
965 3298 1095 3362 animad-

113 3384 238 3445 tvertit.
266 3381 339 3443 Nam
354 3384 434 3460 quod
449 3387 530 3446 omni
545 3405 580 3446 ex
595 3386 718 3465 reliquis
731 3385 866 3467 partibus
881 3385 1017 3447 demesso
1031 3384 1095 3444 fru·

140 3476 240 3529 mento
255 3483 325 3545 pars
339 3485 399 3528 una
414 3476 478 3531 erat
492 3469 614 3548 reliqua,
631 3473 772 3553 suspicati
781 3470 891 3543 hostes,
907 3469 966 3532 buc
977 3474 1095 3530 nostros
