<?xml version="1.0" encoding="UTF-8"?>
<!DOCTYPE html PUBLIC "-//W3C//DTD XHTML 1.0 Transitional//EN"
    "http://www.w3.org/TR/xhtml1/DTD/xhtml1-transitional.dtd">
<html xmlns="http://www.w3.org/1999/xhtml" xml:lang="en" lang="en">
 <head>
  <title>
</title>
<meta http-equiv="Content-Type" content="text/html;charset=utf-8" />
  <meta name='ocr-system' content='tesseract 3.04.00' />
  <meta name='ocr-capabilities' content='ocr_page ocr_carea ocr_par ocr_line ocrx_word'/>
</head>
<body>
  <div class='ocr_page' id='page_1' title='image "./commentariicuma00caesgoog_0021.png"; bbox 0 0 2356 3870; ppageno 0'>
   <div class='ocr_carea' id='block_1_1' title="bbox 139 227 775 287">
    <p class='ocr_par' dir='ltr' id='par_1_1' title="bbox 139 227 775 287">
     <span class='ocr_line' id='line_1_1' title="bbox 139 227 775 287; baseline -0.005 0"><span class='ocrx_word' id='word_1_1' title='bbox 139 228 158 287; x_wconf 85' lang='lat'><strong>6</strong></span> <span class='ocrx_word' id='word_1_2' title='bbox 461 227 501 284; x_wconf 70' lang='lat' dir='ltr'>[ab</span> <span class='ocrx_word' id='word_1_3' title='bbox 516 227 620 284; x_wconf 78' lang='lat' dir='ltr'>nulio</span> <span class='ocrx_word' id='word_1_4' title='bbox 636 228 775 284; x_wconf 82' lang='lat' dir='ltr'>GALllCtl</span> 
     </span>
    </p>
   </div>
   <div class='ocr_carea' id='block_1_2' title="bbox 48 390 1099 3556">
    <p class='ocr_par' dir='ltr' id='par_1_2' title="bbox 138 390 1097 542">
     <span class='ocr_line' id='line_1_2' title="bbox 138 390 1097 470; baseline 0.009 -21"><span class='ocrx_word' id='word_1_5' title='bbox 138 390 267 468; x_wconf 82' lang='lat' dir='ltr'>perlicit:</span> <span class='ocrx_word' id='word_1_6' title='bbox 292 391 430 467; x_wconf 90' lang='lat' dir='ltr'>Sequani,</span> <span class='ocrx_word' id='word_1_7' title='bbox 446 408 484 450; x_wconf 92' lang='lat' dir='ltr'>ne</span> <span class='ocrx_word' id='word_1_8' title='bbox 498 391 607 452; x_wconf 87' lang='lat' dir='ltr'>itinere</span> <span class='ocrx_word' id='word_1_9' title='bbox 621 390 770 452; x_wconf 82' lang='lat' dir='ltr'>Helvetios</span> <span class='ocrx_word' id='word_1_10' title='bbox 785 392 976 470; x_wconf 79' lang='lat' dir='ltr'>prohibeant,</span> <span class='ocrx_word' id='word_1_11' title='bbox 992 394 1097 458; x_wconf 83' lang='lat' dir='ltr'>Helve-</span> 
     </span>
     <span class='ocr_line' id='line_1_3' title="bbox 139 473 817 542; baseline 0.004 -9"><span class='ocrx_word' id='word_1_12' title='bbox 139 474 186 542; x_wconf 94' lang='lat' dir='ltr'>tii,</span> <span class='ocrx_word' id='word_1_13' title='bbox 204 482 237 534; x_wconf 89' lang='lat' dir='ltr'>ut</span> <span class='ocrx_word' id='word_1_14' title='bbox 251 476 315 534; x_wconf 88' lang='lat' dir='ltr'>sine</span> <span class='ocrx_word' id='word_1_15' title='bbox 330 473 473 535; x_wconf 87' lang='lat' dir='ltr'>maleficio</span> <span class='ocrx_word' id='word_1_16' title='bbox 490 484 520 535; x_wconf 89' lang='lat' dir='ltr'>et</span> <span class='ocrx_word' id='word_1_17' title='bbox 534 476 643 535; x_wconf 89' lang='lat' dir='ltr'>iniuria</span> <span class='ocrx_word' id='word_1_18' title='bbox 657 482 817 537; x_wconf 90' lang='lat' dir='ltr'>transeant.</span> 
     </span>
    </p>

    <p class='ocr_par' dir='ltr' id='par_1_3' title="bbox 109 556 1099 809">
     <span class='ocr_line' id='line_1_4' title="bbox 109 556 1099 643; baseline 0.012 -31"><span class='ocrx_word' id='word_1_19' title='bbox 109 562 120 612; x_wconf 88' lang='lat' dir='ltr'>l</span> <span class='ocrx_word' id='word_1_20' title='bbox 201 556 235 617; x_wconf 89' lang='lat' dir='ltr'>X.</span> <span class='ocrx_word' id='word_1_21' title='bbox 266 557 383 618; x_wconf 83' lang='lat' dir='ltr'>Caesari</span> <span class='ocrx_word' id='word_1_22' title='bbox 404 560 607 628; x_wconf 88' lang='lat' dir='ltr'>renuntiatur,</span> <span class='ocrx_word' id='word_1_23' title='bbox 628 557 768 619; x_wconf 86' lang='lat' dir='ltr'>Helvetiis</span> <span class='ocrx_word' id='word_1_24' title='bbox 789 578 854 621; x_wconf 88' lang='lat' dir='ltr'>esse</span> <span class='ocrx_word' id='word_1_25' title='bbox 875 564 905 622; x_wconf 92' lang='lat' dir='ltr'>in</span> <span class='ocrx_word' id='word_1_26' title='bbox 926 564 1023 623; x_wconf 91' lang='lat' dir='ltr'>animo</span> <span class='ocrx_word' id='word_1_27' title='bbox 1043 582 1099 643; x_wconf 89' lang='lat' dir='ltr'>per</span> 
     </span>
     <span class='ocr_line' id='line_1_5' title="bbox 139 641 1098 718; baseline 0.008 -18"><span class='ocrx_word' id='word_1_28' title='bbox 139 657 242 716; x_wconf 88' lang='lat' dir='ltr'>agrum</span> <span class='ocrx_word' id='word_1_29' title='bbox 258 641 464 718; x_wconf 77' lang='lat' dir='ltr'>Sequanorum</span> <span class='ocrx_word' id='word_1_30' title='bbox 486 648 516 702; x_wconf 91' lang='lat' dir='ltr'>et</span> <span class='ocrx_word' id='word_1_31' title='bbox 529 642 701 703; x_wconf 73' lang='lat' dir='ltr'>Aeduorum</span> <span class='ocrx_word' id='word_1_32' title='bbox 720 644 778 705; x_wconf 91' lang='lat' dir='ltr'>iter</span> <span class='ocrx_word' id='word_1_33' title='bbox 799 645 830 704; x_wconf 92' lang='lat' dir='ltr'>in</span> <span class='ocrx_word' id='word_1_34' title='bbox 845 644 1010 708; x_wconf 79' lang='lat' dir='ltr'>Santonum</span> <span class='ocrx_word' id='word_1_35' title='bbox 1023 647 1098 708; x_wconf 89' lang='lat' dir='ltr'>lines</span> 
     </span>
     <span class='ocr_line' id='line_1_6' title="bbox 138 724 1098 809; baseline 0.007 -25"><span class='ocrx_word' id='word_1_36' title='bbox 138 725 251 794; x_wconf 86' lang='lat' dir='ltr'>iacere,</span> <span class='ocrx_word' id='word_1_37' title='bbox 274 727 325 801; x_wconf 90' lang='lat' dir='ltr'>qui</span> <span class='ocrx_word' id='word_1_38' title='bbox 343 744 403 786; x_wconf 91' lang='lat' dir='ltr'>non</span> <span class='ocrx_word' id='word_1_39' title='bbox 424 724 512 803; x_wconf 89' lang='lat' dir='ltr'>longe</span> <span class='ocrx_word' id='word_1_40' title='bbox 532 744 549 786; x_wconf 89' lang='lat' dir='ltr'>a</span> <span class='ocrx_word' id='word_1_41' title='bbox 564 725 747 786; x_wconf 83' lang='lat' dir='ltr'>Tolosatium</span> <span class='ocrx_word' id='word_1_42' title='bbox 761 726 870 789; x_wconf 84' lang='lat' dir='ltr'>linibus</span> <span class='ocrx_word' id='word_1_43' title='bbox 880 730 1006 809; x_wconf 79' lang='lat' dir='ltr'>absunt,</span> <span class='ocrx_word' id='word_1_44' title='bbox 1022 747 1098 807; x_wconf 89' lang='lat' dir='ltr'>quae</span> 
     </span>
    </p>

    <p class='ocr_par' dir='ltr' id='par_1_4' title="bbox 107 809 1097 1057">
     <span class='ocr_line' id='line_1_7' title="bbox 107 809 1097 891; baseline 0.013 -30"><span class='ocrx_word' id='word_1_45' title='bbox 107 815 123 861; x_wconf 81' lang='lat' dir='ltr'>a</span> <span class='ocrx_word' id='word_1_46' title='bbox 139 809 238 869; x_wconf 89' lang='lat' dir='ltr'>civitas</span> <span class='ocrx_word' id='word_1_47' title='bbox 260 817 305 869; x_wconf 92' lang='lat' dir='ltr'>est</span> <span class='ocrx_word' id='word_1_48' title='bbox 325 810 356 870; x_wconf 93' lang='lat' dir='ltr'>in</span> <span class='ocrx_word' id='word_1_49' title='bbox 370 811 529 889; x_wconf 82' lang='lat' dir='ltr'>provincia.</span> <span class='ocrx_word' id='word_1_50' title='bbox 567 809 602 870; x_wconf 94' lang='lat' dir='ltr'>ld</span> <span class='ocrx_word' id='word_1_51' title='bbox 616 811 641 869; x_wconf 91' lang='lat' dir='ltr'>si</span> <span class='ocrx_word' id='word_1_52' title='bbox 656 810 754 878; x_wconf 87' lang='lat' dir='ltr'>lieret,</span> <span class='ocrx_word' id='word_1_53' title='bbox 769 810 975 890; x_wconf 82' lang='lat' dir='ltr'>intellegebat,</span> <span class='ocrx_word' id='word_1_54' title='bbox 991 831 1097 891; x_wconf 89' lang='lat' dir='ltr'>rnagno</span> 
     </span>
     <span class='ocr_line' id='line_1_8' title="bbox 138 893 1097 972; baseline 0.01 -22"><span class='ocrx_word' id='word_1_55' title='bbox 138 909 206 951; x_wconf 88' lang='lat' dir='ltr'>cum</span> <span class='ocrx_word' id='word_1_56' title='bbox 219 893 354 971; x_wconf 90' lang='lat' dir='ltr'>periculo</span> <span class='ocrx_word' id='word_1_57' title='bbox 369 895 537 972; x_wconf 81' lang='lat' dir='ltr'>provinciae</span> <span class='ocrx_word' id='word_1_58' title='bbox 551 895 700 962; x_wconf 80' lang='lat' dir='ltr'>futurum,</span> <span class='ocrx_word' id='word_1_59' title='bbox 725 901 757 954; x_wconf 92' lang='lat' dir='ltr'>nt</span> <span class='ocrx_word' id='word_1_60' title='bbox 776 893 910 956; x_wconf 91' lang='lat' dir='ltr'>homines</span> <span class='ocrx_word' id='word_1_61' title='bbox 931 896 1097 964; x_wconf 85' lang='lat' dir='ltr'>bellicosos,</span> 
     </span>
     <span class='ocr_line' id='line_1_9' title="bbox 136 966 1097 1057; baseline 0.009 -24"><span class='ocrx_word' id='word_1_62' title='bbox 136 975 239 1054; x_wconf 91' lang='lat' dir='ltr'>populi</span> <span class='ocrx_word' id='word_1_63' title='bbox 251 968 377 1038; x_wconf 81' lang='lat' dir='ltr'>homan</span> <span class='ocrx_word' id='word_1_64' title='bbox 390 966 541 1046; x_wconf 80' lang='lat' dir='ltr'>ininlicos,</span> <span class='ocrx_word' id='word_1_65' title='bbox 563 977 637 1038; x_wconf 92' lang='lat' dir='ltr'>locis</span> <span class='ocrx_word' id='word_1_66' title='bbox 651 977 820 1056; x_wconf 89' lang='lat' dir='ltr'>patentibus</span> <span class='ocrx_word' id='word_1_67' title='bbox 834 982 1020 1057; x_wconf 85' lang='lat' dir='ltr'>maximeque</span> <span class='ocrx_word' id='word_1_68' title='bbox 1034 981 1097 1042; x_wconf 84' lang='lat' dir='ltr'>iru-</span> 
     </span>
    </p>

    <p class='ocr_par' dir='ltr' id='par_1_5' title="bbox 104 1059 1097 1555">
     <span class='ocr_line' id='line_1_10' title="bbox 104 1059 1096 1132; baseline 0.007 -15"><span class='ocrx_word' id='word_1_69' title='bbox 104 1061 288 1120; x_wconf 84' lang='lat' dir='ltr'>amentariis</span> <span class='ocrx_word' id='word_1_70' title='bbox 301 1061 441 1122; x_wconf 87' lang='lat' dir='ltr'>finitimos</span> <span class='ocrx_word' id='word_1_71' title='bbox 455 1059 589 1122; x_wconf 85' lang='lat' dir='ltr'>haberet</span> <span class='ocrx_word' id='word_1_72' title='bbox 628 1059 673 1123; x_wconf 86' lang='lat' dir='ltr'>Ob</span> <span class='ocrx_word' id='word_1_73' title='bbox 689 1079 738 1122; x_wconf 92' lang='lat' dir='ltr'>eas</span> <span class='ocrx_word' id='word_1_74' title='bbox 757 1079 862 1125; x_wconf 84' lang='lat' dir='ltr'>causas</span> <span class='ocrx_word' id='word_1_75' title='bbox 882 1065 909 1124; x_wconf 88' lang='lat' dir='ltr'>ei</span> <span class='ocrx_word' id='word_1_76' title='bbox 930 1065 1096 1132; x_wconf 86' lang='lat' dir='ltr'>munitioni.</span> 
     </span>
     <span class='ocr_line' id='line_1_11' title="bbox 137 1143 1096 1224; baseline 0.006 -23"><span class='ocrx_word' id='word_1_77' title='bbox 137 1158 225 1218; x_wconf 91' lang='lat' dir='ltr'>quarn</span> <span class='ocrx_word' id='word_1_78' title='bbox 240 1144 360 1212; x_wconf 84' lang='lat' dir='ltr'>fecerat,</span> <span class='ocrx_word' id='word_1_79' title='bbox 373 1145 407 1205; x_wconf 85' lang='lat' dir='ltr'>T.</span> <span class='ocrx_word' id='word_1_80' title='bbox 421 1143 583 1205; x_wconf 87' lang='lat' dir='ltr'>Labienum</span> <span class='ocrx_word' id='word_1_81' title='bbox 597 1143 727 1220; x_wconf 87' lang='lat' dir='ltr'>legatum</span> <span class='ocrx_word' id='word_1_82' title='bbox 741 1147 899 1223; x_wconf 75' lang='lat' dir='ltr'>praefecit:</span> <span class='ocrx_word' id='word_1_83' title='bbox 915 1148 980 1224; x_wconf 88' lang='lat' dir='ltr'>ipse</span> <span class='ocrx_word' id='word_1_84' title='bbox 994 1149 1024 1207; x_wconf 90' lang='lat' dir='ltr'>in</span> <span class='ocrx_word' id='word_1_85' title='bbox 1038 1147 1096 1207; x_wconf 94' lang='lat' dir='ltr'>lta·</span> 
     </span>
     <span class='ocr_line' id='line_1_12' title="bbox 135 1223 1097 1306; baseline 0.006 -22"><span class='ocrx_word' id='word_1_86' title='bbox 135 1223 205 1285; x_wconf 89' lang='lat' dir='ltr'>liam</span> <span class='ocrx_word' id='word_1_87' title='bbox 220 1229 334 1303; x_wconf 90' lang='lat' dir='ltr'>maguis</span> <span class='ocrx_word' id='word_1_88' title='bbox 349 1227 505 1287; x_wconf 84' lang='lat' dir='ltr'>itineribus</span> <span class='ocrx_word' id='word_1_89' title='bbox 517 1226 670 1287; x_wconf 83' lang='lat' dir='ltr'>contendit</span> <span class='ocrx_word' id='word_1_90' title='bbox 682 1226 815 1303; x_wconf 86' lang='lat' dir='ltr'>duasque</span> <span class='ocrx_word' id='word_1_91' title='bbox 824 1228 866 1287; x_wconf 92' lang='lat' dir='ltr'>lbi</span> <span class='ocrx_word' id='word_1_92' title='bbox 879 1227 1011 1306; x_wconf 76' lang='lat' dir='ltr'>legiones</span> <span class='ocrx_word' id='word_1_93' title='bbox 1026 1246 1097 1290; x_wconf 90' lang='lat' dir='ltr'>con·</span> 
     </span>
     <span class='ocr_line' id='line_1_13' title="bbox 136 1308 1096 1387; baseline 0.005 -19"><span class='ocrx_word' id='word_1_94' title='bbox 136 1308 240 1369; x_wconf 84' lang='lat' dir='ltr'>scribit</span> <span class='ocrx_word' id='word_1_95' title='bbox 255 1317 284 1370; x_wconf 89' lang='lat' dir='ltr'>et</span> <span class='ocrx_word' id='word_1_96' title='bbox 298 1318 375 1379; x_wconf 86' lang='lat' dir='ltr'>tres,</span> <span class='ocrx_word' id='word_1_97' title='bbox 393 1327 469 1387; x_wconf 90' lang='lat' dir='ltr'>quae</span> <span class='ocrx_word' id='word_1_98' title='bbox 484 1308 776 1385; x_wconf 87' lang='lat' dir='ltr'>circumAquileiam</span> <span class='ocrx_word' id='word_1_99' title='bbox 791 1309 975 1381; x_wconf 88' lang='lat' dir='ltr'>hiemabant,</span> <span class='ocrx_word' id='word_1_100' title='bbox 1000 1330 1035 1372; x_wconf 85' lang='lat' dir='ltr'>ex</span> <span class='ocrx_word' id='word_1_101' title='bbox 1052 1311 1096 1372; x_wconf 90' lang='lat' dir='ltr'>hl·</span> 
     </span>
     <span class='ocr_line' id='line_1_14' title="bbox 136 1391 1096 1471; baseline 0.005 -20"><span class='ocrx_word' id='word_1_102' title='bbox 136 1391 237 1453; x_wconf 89' lang='lat' dir='ltr'>bernis</span> <span class='ocrx_word' id='word_1_103' title='bbox 253 1392 352 1453; x_wconf 89' lang='lat' dir='ltr'>educit</span> <span class='ocrx_word' id='word_1_104' title='bbox 367 1399 404 1462; x_wconf 91' lang='lat' dir='ltr'>et,</span> <span class='ocrx_word' id='word_1_105' title='bbox 418 1409 476 1469; x_wconf 90' lang='lat' dir='ltr'>qua</span> <span class='ocrx_word' id='word_1_106' title='bbox 486 1393 657 1471; x_wconf 85' lang='lat' dir='ltr'>proximum</span> <span class='ocrx_word' id='word_1_107' title='bbox 670 1393 728 1452; x_wconf 87' lang='lat' dir='ltr'>iter</span> <span class='ocrx_word' id='word_1_108' title='bbox 742 1395 774 1453; x_wconf 91' lang='lat' dir='ltr'>in</span> <span class='ocrx_word' id='word_1_109' title='bbox 788 1392 962 1455; x_wconf 89' lang='lat' dir='ltr'>ulteriorem</span> <span class='ocrx_word' id='word_1_110' title='bbox 974 1394 1096 1456; x_wconf 88' lang='lat' dir='ltr'>Galliam</span> 
     </span>
     <span class='ocr_line' id='line_1_15' title="bbox 136 1474 1093 1555; baseline 0.004 -21"><span class='ocrx_word' id='word_1_111' title='bbox 136 1492 191 1552; x_wconf 91' lang='lat' dir='ltr'>per</span> <span class='ocrx_word' id='word_1_112' title='bbox 205 1474 294 1555; x_wconf 91' lang='lat' dir='ltr'>Alpes</span> <span class='ocrx_word' id='word_1_113' title='bbox 310 1483 386 1546; x_wconf 89' lang='lat' dir='ltr'>erat,</span> <span class='ocrx_word' id='word_1_114' title='bbox 403 1494 471 1537; x_wconf 90' lang='lat' dir='ltr'>curn</span> <span class='ocrx_word' id='word_1_115' title='bbox 486 1475 532 1536; x_wconf 92' lang='lat' dir='ltr'>his</span> <span class='ocrx_word' id='word_1_116' title='bbox 548 1476 680 1552; x_wconf 91' lang='lat' dir='ltr'>quinque</span> <span class='ocrx_word' id='word_1_117' title='bbox 694 1474 861 1552; x_wconf 80' lang='lat' dir='ltr'>legionibus</span> <span class='ocrx_word' id='word_1_118' title='bbox 874 1480 919 1540; x_wconf 87' lang='lat' dir='ltr'>ire</span> <span class='ocrx_word' id='word_1_119' title='bbox 934 1479 1093 1539; x_wconf 89' lang='lat' dir='ltr'>contendit.</span> 
     </span>
    </p>

    <p class='ocr_par' dir='ltr' id='par_1_6' title="bbox 103 1557 1096 1641">
     <span class='ocr_line' id='line_1_16' title="bbox 103 1557 1096 1641; baseline 0.006 -26"><span class='ocrx_word' id='word_1_120' title='bbox 103 1557 178 1618; x_wconf 76' lang='lat' dir='ltr'>Albi</span> <span class='ocrx_word' id='word_1_121' title='bbox 194 1558 357 1619; x_wconf 87' lang='lat' dir='ltr'>Ceutrones</span> <span class='ocrx_word' id='word_1_122' title='bbox 379 1567 409 1618; x_wconf 89' lang='lat' dir='ltr'>et</span> <span class='ocrx_word' id='word_1_123' title='bbox 424 1558 570 1619; x_wconf 89' lang='lat' dir='ltr'>Graioceli</span> <span class='ocrx_word' id='word_1_124' title='bbox 591 1565 620 1619; x_wconf 92' lang='lat' dir='ltr'>et</span> <span class='ocrx_word' id='word_1_125' title='bbox 635 1559 789 1638; x_wconf 77' lang='lat' dir='ltr'>Caturiges</span> <span class='ocrx_word' id='word_1_126' title='bbox 803 1559 876 1622; x_wconf 91' lang='lat' dir='ltr'>locis</span> <span class='ocrx_word' id='word_1_127' title='bbox 891 1562 1096 1641; x_wconf 88' lang='lat' dir='ltr'>superioribus</span> 
     </span>
    </p>

    <p class='ocr_par' dir='ltr' id='par_1_7' title="bbox 101 1641 1095 2137">
     <span class='ocr_line' id='line_1_17' title="bbox 101 1641 1094 1723; baseline 0.008 -26"><span class='ocrx_word' id='word_1_128' title='bbox 101 1649 117 1697; x_wconf 84' lang='lat' dir='ltr'>o</span> <span class='ocrx_word' id='word_1_129' title='bbox 133 1644 282 1720; x_wconf 90' lang='lat' dir='ltr'>occupatis</span> <span class='ocrx_word' id='word_1_130' title='bbox 296 1644 405 1703; x_wconf 88' lang='lat' dir='ltr'>itinere</span> <span class='ocrx_word' id='word_1_131' title='bbox 420 1643 584 1702; x_wconf 81' lang='lat' dir='ltr'>exereitum</span> <span class='ocrx_word' id='word_1_132' title='bbox 598 1641 760 1719; x_wconf 89' lang='lat' dir='ltr'>prohibere</span> <span class='ocrx_word' id='word_1_133' title='bbox 775 1652 929 1706; x_wconf 88' lang='lat' dir='ltr'>conantur.</span> <span class='ocrx_word' id='word_1_134' title='bbox 966 1644 1094 1723; x_wconf 89' lang='lat' dir='ltr'>Conplu-</span> 
     </span>
     <span class='ocr_line' id='line_1_18' title="bbox 136 1723 1095 1804; baseline 0.002 -20"><span class='ocrx_word' id='word_1_135' title='bbox 136 1724 219 1784; x_wconf 87' lang='lat' dir='ltr'>ribus</span> <span class='ocrx_word' id='word_1_136' title='bbox 235 1723 280 1786; x_wconf 91' lang='lat' dir='ltr'>his</span> <span class='ocrx_word' id='word_1_137' title='bbox 293 1725 416 1804; x_wconf 89' lang='lat' dir='ltr'>proeliis</span> <span class='ocrx_word' id='word_1_138' title='bbox 430 1724 534 1803; x_wconf 90' lang='lat' dir='ltr'>pulsis,</span> <span class='ocrx_word' id='word_1_139' title='bbox 550 1723 587 1785; x_wconf 89' lang='lat' dir='ltr'>ab</span> <span class='ocrx_word' id='word_1_140' title='bbox 599 1723 699 1793; x_wconf 87' lang='lat' dir='ltr'>Ocelo,</span> <span class='ocrx_word' id='word_1_141' title='bbox 714 1724 793 1801; x_wconf 90' lang='lat' dir='ltr'>quod</span> <span class='ocrx_word' id='word_1_142' title='bbox 809 1734 854 1786; x_wconf 89' lang='lat' dir='ltr'>est</span> <span class='ocrx_word' id='word_1_143' title='bbox 864 1728 1011 1788; x_wconf 90' lang='lat' dir='ltr'>citerioris</span> <span class='ocrx_word' id='word_1_144' title='bbox 1024 1745 1095 1804; x_wconf 90' lang='lat' dir='ltr'>pro·</span> 
     </span>
     <span class='ocr_line' id='line_1_19' title="bbox 135 1807 1094 1886; baseline 0.002 -18"><span class='ocrx_word' id='word_1_145' title='bbox 135 1808 247 1868; x_wconf 87' lang='lat' dir='ltr'>vinciae</span> <span class='ocrx_word' id='word_1_146' title='bbox 263 1817 438 1878; x_wconf 87' lang='lat' dir='ltr'>extremum,</span> <span class='ocrx_word' id='word_1_147' title='bbox 454 1809 486 1868; x_wconf 88' lang='lat' dir='ltr'>in</span> <span class='ocrx_word' id='word_1_148' title='bbox 496 1808 570 1868; x_wconf 85' lang='lat' dir='ltr'>lines</span> <span class='ocrx_word' id='word_1_149' title='bbox 582 1809 794 1868; x_wconf 87' lang='lat' dir='ltr'>Vocontiorum</span> <span class='ocrx_word' id='word_1_150' title='bbox 808 1807 961 1870; x_wconf 88' lang='lat' dir='ltr'>ulterioris</span> <span class='ocrx_word' id='word_1_151' title='bbox 974 1812 1094 1886; x_wconf 90' lang='lat' dir='ltr'>provin·</span> 
     </span>
     <span class='ocr_line' id='line_1_20' title="bbox 136 1889 1095 1972; baseline 0.001 -21"><span class='ocrx_word' id='word_1_152' title='bbox 136 1892 197 1952; x_wconf 90' lang='lat' dir='ltr'>ciae</span> <span class='ocrx_word' id='word_1_153' title='bbox 213 1891 260 1951; x_wconf 92' lang='lat' dir='ltr'>die</span> <span class='ocrx_word' id='word_1_154' title='bbox 281 1894 407 1972; x_wconf 91' lang='lat' dir='ltr'>septimo</span> <span class='ocrx_word' id='word_1_155' title='bbox 426 1892 577 1970; x_wconf 82' lang='lat' dir='ltr'>pervenit;</span> <span class='ocrx_word' id='word_1_156' title='bbox 600 1889 669 1950; x_wconf 88' lang='lat' dir='ltr'>inde</span> <span class='ocrx_word' id='word_1_157' title='bbox 688 1892 720 1950; x_wconf 94' lang='lat' dir='ltr'>in</span> <span class='ocrx_word' id='word_1_158' title='bbox 734 1889 926 1969; x_wconf 71' lang='lat' dir='ltr'>Allobrogum</span> <span class='ocrx_word' id='word_1_159' title='bbox 947 1892 1034 1961; x_wconf 88' lang='lat' dir='ltr'>lines,</span> <span class='ocrx_word' id='word_1_160' title='bbox 1059 1893 1095 1952; x_wconf 91' lang='lat' dir='ltr'>ab</span> 
     </span>
     <span class='ocr_line' id='line_1_21' title="bbox 134 1972 1093 2053; baseline 0.002 -19"><span class='ocrx_word' id='word_1_161' title='bbox 134 1973 342 2053; x_wconf 77' lang='lat' dir='ltr'>Allobrogibus</span> <span class='ocrx_word' id='word_1_162' title='bbox 360 1977 392 2036; x_wconf 92' lang='lat' dir='ltr'>in</span> <span class='ocrx_word' id='word_1_163' title='bbox 407 1975 581 2052; x_wconf 85' lang='lat' dir='ltr'>Segusiavos</span> <span class='ocrx_word' id='word_1_164' title='bbox 597 1974 760 2033; x_wconf 82' lang='lat' dir='ltr'>exercitum</span> <span class='ocrx_word' id='word_1_165' title='bbox 781 1972 871 2035; x_wconf 91' lang='lat' dir='ltr'>ducit.</span> <span class='ocrx_word' id='word_1_166' title='bbox 909 1975 946 2036; x_wconf 91' lang='lat' dir='ltr'>Hi</span> <span class='ocrx_word' id='word_1_167' title='bbox 960 1982 1029 2035; x_wconf 90' lang='lat' dir='ltr'>sunt</span> <span class='ocrx_word' id='word_1_168' title='bbox 1044 1993 1093 2036; x_wconf 87' lang='lat' dir='ltr'>ex·</span> 
     </span>
     <span class='ocr_line' id='line_1_22' title="bbox 136 2056 775 2137; baseline 0.002 -22"><span class='ocrx_word' id='word_1_169' title='bbox 136 2065 180 2118; x_wconf 90' lang='lat' dir='ltr'>tra</span> <span class='ocrx_word' id='word_1_170' title='bbox 194 2060 376 2137; x_wconf 85' lang='lat' dir='ltr'>provinciam</span> <span class='ocrx_word' id='word_1_171' title='bbox 391 2066 473 2118; x_wconf 89' lang='lat' dir='ltr'>trans</span> <span class='ocrx_word' id='word_1_172' title='bbox 487 2056 662 2117; x_wconf 87' lang='lat' dir='ltr'>Rhodanum</span> <span class='ocrx_word' id='word_1_173' title='bbox 678 2058 775 2135; x_wconf 89' lang='lat' dir='ltr'>primi.</span> 
     </span>
    </p>

    <p class='ocr_par' dir='ltr' id='par_1_8' title="bbox 106 2140 1095 2304">
     <span class='ocr_line' id='line_1_23' title="bbox 106 2140 1095 2219; baseline 0.007 -23"><span class='ocrx_word' id='word_1_174' title='bbox 106 2149 117 2196; x_wconf 94' lang='lat'>1</span> <span class='ocrx_word' id='word_1_175' title='bbox 198 2140 246 2202; x_wconf 84' lang='lat' dir='ltr'>xl.</span> <span class='ocrx_word' id='word_1_176' title='bbox 270 2141 396 2203; x_wconf 82' lang='lat' dir='ltr'>Helvetii</span> <span class='ocrx_word' id='word_1_177' title='bbox 414 2143 473 2202; x_wconf 91' lang='lat' dir='ltr'>iam</span> <span class='ocrx_word' id='word_1_178' title='bbox 494 2158 549 2218; x_wconf 92' lang='lat' dir='ltr'>per</span> <span class='ocrx_word' id='word_1_179' title='bbox 569 2142 719 2217; x_wconf 90' lang='lat' dir='ltr'>angustias</span> <span class='ocrx_word' id='word_1_180' title='bbox 740 2146 771 2200; x_wconf 91' lang='lat' dir='ltr'>et</span> <span class='ocrx_word' id='word_1_181' title='bbox 790 2141 864 2201; x_wconf 88' lang='lat' dir='ltr'>lines</span> <span class='ocrx_word' id='word_1_182' title='bbox 887 2142 1095 2219; x_wconf 89' lang='lat' dir='ltr'>Sequanorum</span> 
     </span>
     <span class='ocr_line' id='line_1_24' title="bbox 134 2223 1094 2304; baseline 0.002 -20"><span class='ocrx_word' id='word_1_183' title='bbox 134 2241 203 2285; x_wconf 93' lang='lat' dir='ltr'>suas</span> <span class='ocrx_word' id='word_1_184' title='bbox 218 2226 317 2303; x_wconf 90' lang='lat' dir='ltr'>copias</span> <span class='ocrx_word' id='word_1_185' title='bbox 331 2225 524 2286; x_wconf 86' lang='lat' dir='ltr'>traduxerant</span> <span class='ocrx_word' id='word_1_186' title='bbox 539 2231 568 2283; x_wconf 92' lang='lat' dir='ltr'>et</span> <span class='ocrx_word' id='word_1_187' title='bbox 581 2225 613 2284; x_wconf 92' lang='lat' dir='ltr'>in</span> <span class='ocrx_word' id='word_1_188' title='bbox 623 2223 795 2285; x_wconf 90' lang='lat' dir='ltr'>Aeduorum</span> <span class='ocrx_word' id='word_1_189' title='bbox 807 2224 882 2284; x_wconf 83' lang='lat' dir='ltr'>lines</span> <span class='ocrx_word' id='word_1_190' title='bbox 896 2233 1094 2304; x_wconf 82' lang='lat' dir='ltr'>pervenerant</span> 
     </span>
    </p>

    <p class='ocr_par' dir='ltr' id='par_1_9' title="bbox 103 2305 1095 2470">
     <span class='ocr_line' id='line_1_25' title="bbox 103 2305 1095 2387; baseline 0.007 -24"><span class='ocrx_word' id='word_1_191' title='bbox 103 2317 118 2363; x_wconf 81' lang='lat'><strong>2</strong></span> <span class='ocrx_word' id='word_1_192' title='bbox 135 2325 298 2385; x_wconf 86' lang='lat' dir='ltr'>eorumque</span> <span class='ocrx_word' id='word_1_193' title='bbox 312 2326 399 2386; x_wconf 90' lang='lat' dir='ltr'>agros</span> <span class='ocrx_word' id='word_1_194' title='bbox 413 2305 641 2387; x_wconf 88' lang='lat' dir='ltr'>populabantur.</span> <span class='ocrx_word' id='word_1_195' title='bbox 671 2306 781 2376; x_wconf 81' lang='lat' dir='ltr'>leun,</span> <span class='ocrx_word' id='word_1_196' title='bbox 797 2325 866 2368; x_wconf 92' lang='lat' dir='ltr'>cum</span> <span class='ocrx_word' id='word_1_197' title='bbox 881 2326 914 2369; x_wconf 95' lang='lat' dir='ltr'>se</span> <span class='ocrx_word' id='word_1_198' title='bbox 929 2326 1043 2386; x_wconf 88' lang='lat' dir='ltr'>suaque</span> <span class='ocrx_word' id='word_1_199' title='bbox 1058 2309 1095 2370; x_wconf 85' lang='lat' dir='ltr'>ab</span> 
     </span>
     <span class='ocr_line' id='line_1_26' title="bbox 134 2389 1095 2470; baseline 0.002 -22"><span class='ocrx_word' id='word_1_200' title='bbox 134 2391 169 2450; x_wconf 90' lang='lat' dir='ltr'>iis</span> <span class='ocrx_word' id='word_1_201' title='bbox 191 2391 352 2452; x_wconf 80' lang='lat' dir='ltr'>defendere</span> <span class='ocrx_word' id='word_1_202' title='bbox 373 2409 433 2452; x_wconf 92' lang='lat' dir='ltr'>non</span> <span class='ocrx_word' id='word_1_203' title='bbox 452 2398 590 2470; x_wconf 90' lang='lat' dir='ltr'>possent,</span> <span class='ocrx_word' id='word_1_204' title='bbox 611 2389 724 2468; x_wconf 91' lang='lat' dir='ltr'>legatos</span> <span class='ocrx_word' id='word_1_205' title='bbox 745 2390 782 2450; x_wconf 91' lang='lat' dir='ltr'>ad</span> <span class='ocrx_word' id='word_1_206' title='bbox 797 2391 954 2453; x_wconf 88' lang='lat' dir='ltr'>Caesarem</span> <span class='ocrx_word' id='word_1_207' title='bbox 973 2395 1095 2453; x_wconf 90' lang='lat' dir='ltr'>mittunt</span> 
     </span>
    </p>

    <p class='ocr_par' dir='ltr' id='par_1_10' title="bbox 92 2473 1094 2721">
     <span class='ocr_line' id='line_1_27' title="bbox 92 2473 1094 2555; baseline 0.005 -25"><span class='ocrx_word' id='word_1_208' title='bbox 92 2481 268 2551; x_wconf 67' lang='lat' dir='ltr'>,erogatum</span> <span class='ocrx_word' id='word_1_209' title='bbox 283 2474 438 2536; x_wconf 82' lang='lat' dir='ltr'>auxilium:</span> <span class='ocrx_word' id='word_1_210' title='bbox 454 2474 497 2534; x_wconf 90' lang='lat' dir='ltr'>lta</span> <span class='ocrx_word' id='word_1_211' title='bbox 507 2491 540 2534; x_wconf 92' lang='lat' dir='ltr'>se</span> <span class='ocrx_word' id='word_1_212' title='bbox 555 2475 781 2552; x_wconf 89' lang='lat' dir='ltr'>omnitempore</span> <span class='ocrx_word' id='word_1_213' title='bbox 792 2473 950 2555; x_wconf 90' lang='lat' dir='ltr'>depopulo</span> <span class='ocrx_word' id='word_1_214' title='bbox 961 2476 1094 2536; x_wconf 86' lang='lat' dir='ltr'>Romano</span> 
     </span>
     <span class='ocr_line' id='line_1_28' title="bbox 134 2559 1094 2638; baseline 0 -20"><span class='ocrx_word' id='word_1_215' title='bbox 134 2561 256 2638; x_wconf 89' lang='lat' dir='ltr'>meritos</span> <span class='ocrx_word' id='word_1_216' title='bbox 273 2577 353 2626; x_wconf 90' lang='lat' dir='ltr'>esse,</span> <span class='ocrx_word' id='word_1_217' title='bbox 376 2567 408 2619; x_wconf 92' lang='lat' dir='ltr'>ut</span> <span class='ocrx_word' id='word_1_218' title='bbox 422 2575 518 2637; x_wconf 91' lang='lat' dir='ltr'>paene</span> <span class='ocrx_word' id='word_1_219' title='bbox 532 2559 564 2617; x_wconf 92' lang='lat' dir='ltr'>in</span> <span class='ocrx_word' id='word_1_220' title='bbox 579 2565 740 2636; x_wconf 90' lang='lat' dir='ltr'>conspectu</span> <span class='ocrx_word' id='word_1_221' title='bbox 756 2560 905 2620; x_wconf 85' lang='lat' dir='ltr'>exercitus</span> <span class='ocrx_word' id='word_1_222' title='bbox 920 2560 1017 2620; x_wconf 90' lang='lat' dir='ltr'>nostri</span> <span class='ocrx_word' id='word_1_223' title='bbox 1031 2559 1094 2636; x_wconf 89' lang='lat' dir='ltr'>agri</span> 
     </span>
     <span class='ocr_line' id='line_1_29' title="bbox 135 2640 1093 2721; baseline 0.004 -24"><span class='ocrx_word' id='word_1_224' title='bbox 135 2645 255 2712; x_wconf 85' lang='lat' dir='ltr'>vastari,</span> <span class='ocrx_word' id='word_1_225' title='bbox 277 2641 363 2702; x_wconf 90' lang='lat' dir='ltr'>liberi</span> <span class='ocrx_word' id='word_1_226' title='bbox 379 2652 483 2702; x_wconf 90' lang='lat' dir='ltr'>eorum</span> <span class='ocrx_word' id='word_1_227' title='bbox 496 2643 527 2701; x_wconf 93' lang='lat' dir='ltr'>in</span> <span class='ocrx_word' id='word_1_228' title='bbox 542 2642 716 2701; x_wconf 87' lang='lat' dir='ltr'>servitutem</span> <span class='ocrx_word' id='word_1_229' title='bbox 737 2640 857 2711; x_wconf 88' lang='lat' dir='ltr'>abduci,</span> <span class='ocrx_word' id='word_1_230' title='bbox 879 2641 987 2721; x_wconf 93' lang='lat' dir='ltr'>oppida</span> <span class='ocrx_word' id='word_1_231' title='bbox 1002 2659 1093 2720; x_wconf 85' lang='lat' dir='ltr'>expu-</span> 
     </span>
    </p>

    <p class='ocr_par' dir='ltr' id='par_1_11' title="bbox 102 2722 1093 2972">
     <span class='ocr_line' id='line_1_30' title="bbox 102 2722 1093 2806; baseline 0.005 -26"><span class='ocrx_word' id='word_1_232' title='bbox 102 2728 217 2804; x_wconf 80' lang='lat' dir='ltr'>‹tgnari</span> <span class='ocrx_word' id='word_1_233' title='bbox 236 2743 297 2787; x_wconf 92' lang='lat' dir='ltr'>non</span> <span class='ocrx_word' id='word_1_234' title='bbox 318 2725 484 2786; x_wconf 88' lang='lat' dir='ltr'>debuerint.</span> <span class='ocrx_word' id='word_1_235' title='bbox 522 2724 634 2786; x_wconf 84' lang='lat' dir='ltr'>Eodem</span> <span class='ocrx_word' id='word_1_236' title='bbox 653 2732 789 2803; x_wconf 88' lang='lat' dir='ltr'>temporo</span> <span class='ocrx_word' id='word_1_237' title='bbox 810 2722 932 2806; x_wconf 90' lang='lat' dir='ltr'>[Aedui]</span> <span class='ocrx_word' id='word_1_238' title='bbox 948 2724 1093 2793; x_wconf 88' lang='lat' dir='ltr'>Ambarri,</span> 
     </span>
     <span class='ocr_line' id='line_1_31' title="bbox 134 2807 1093 2886; baseline -0.002 -16"><span class='ocrx_word' id='word_1_239' title='bbox 134 2811 293 2871; x_wconf 88' lang='lat' dir='ltr'>necessarii</span> <span class='ocrx_word' id='word_1_240' title='bbox 309 2816 338 2869; x_wconf 90' lang='lat' dir='ltr'>et</span> <span class='ocrx_word' id='word_1_241' title='bbox 353 2808 563 2886; x_wconf 88' lang='lat' dir='ltr'>consanguinei</span> <span class='ocrx_word' id='word_1_242' title='bbox 572 2807 751 2877; x_wconf 87' lang='lat' dir='ltr'>Aeduorum,</span> <span class='ocrx_word' id='word_1_243' title='bbox 764 2807 920 2869; x_wconf 90' lang='lat' dir='ltr'>Caesarem</span> <span class='ocrx_word' id='word_1_244' title='bbox 936 2810 1093 2869; x_wconf 86' lang='lat' dir='ltr'>cerh&#39;orem</span> 
     </span>
     <span class='ocr_line' id='line_1_32' title="bbox 134 2890 1093 2972; baseline -0.002 -20"><span class='ocrx_word' id='word_1_245' title='bbox 134 2893 259 2964; x_wconf 84' lang='lat' dir='ltr'>iaciunt,</span> <span class='ocrx_word' id='word_1_246' title='bbox 280 2911 348 2954; x_wconf 91' lang='lat' dir='ltr'>sese</span> <span class='ocrx_word' id='word_1_247' title='bbox 367 2891 554 2972; x_wconf 90' lang='lat' dir='ltr'>depopulatis</span> <span class='ocrx_word' id='word_1_248' title='bbox 574 2893 652 2968; x_wconf 88' lang='lat' dir='ltr'>agris</span> <span class='ocrx_word' id='word_1_249' title='bbox 671 2908 731 2951; x_wconf 93' lang='lat' dir='ltr'>non</span> <span class='ocrx_word' id='word_1_250' title='bbox 751 2890 838 2952; x_wconf 82' lang='lat' dir='ltr'>facile</span> <span class='ocrx_word' id='word_1_251' title='bbox 853 2891 889 2953; x_wconf 94' lang='lat' dir='ltr'>ab</span> <span class='ocrx_word' id='word_1_252' title='bbox 905 2890 1021 2970; x_wconf 92' lang='lat' dir='ltr'>oppidis</span> <span class='ocrx_word' id='word_1_253' title='bbox 1035 2891 1093 2950; x_wconf 83' lang='lat' dir='ltr'>vim</span> 
     </span>
    </p>

    <p class='ocr_par' dir='ltr' id='par_1_12' title="bbox 102 2973 1094 3055">
     <span class='ocr_line' id='line_1_33' title="bbox 102 2973 1094 3055; baseline 0.002 -23"><span class='ocrx_word' id='word_1_254' title='bbox 102 2983 117 3032; x_wconf 85' lang='lat' dir='ltr'>o</span> <span class='ocrx_word' id='word_1_255' title='bbox 132 2975 263 3038; x_wconf 89' lang='lat' dir='ltr'>hostium</span> <span class='ocrx_word' id='word_1_256' title='bbox 276 2975 448 3055; x_wconf 89' lang='lat' dir='ltr'>prohibere.</span> <span class='ocrx_word' id='word_1_257' title='bbox 471 2976 545 3036; x_wconf 83' lang='lat' dir='ltr'>ltern</span> <span class='ocrx_word' id='word_1_258' title='bbox 556 2973 739 3052; x_wconf 87' lang='lat' dir='ltr'>Allobroges,</span> <span class='ocrx_word' id='word_1_259' title='bbox 756 2976 807 3051; x_wconf 94' lang='lat' dir='ltr'>qui</span> <span class='ocrx_word' id='word_1_260' title='bbox 821 2982 903 3036; x_wconf 77' lang='lat' dir='ltr'>hans</span> <span class='ocrx_word' id='word_1_261' title='bbox 918 2974 1094 3044; x_wconf 85' lang='lat' dir='ltr'>Rhodanum</span> 
     </span>
    </p>

    <p class='ocr_par' dir='ltr' id='par_1_13' title="bbox 48 3057 1095 3223">
     <span class='ocr_line' id='line_1_34' title="bbox 48 3057 1094 3140; baseline -0.002 -20"><span class='ocrx_word' id='word_1_262' title='bbox 48 3062 50 3066; x_wconf 71' lang='lat'>‘</span> <span class='ocrx_word' id='word_1_263' title='bbox 133 3061 212 3122; x_wconf 83' lang='lat' dir='ltr'>vicos</span> <span class='ocrx_word' id='word_1_264' title='bbox 226 3061 490 3140; x_wconf 87' lang='lat' dir='ltr'>possessionesque</span> <span class='ocrx_word' id='word_1_265' title='bbox 504 3057 670 3127; x_wconf 88' lang='lat' dir='ltr'>habebant,</span> <span class='ocrx_word' id='word_1_266' title='bbox 690 3057 760 3135; x_wconf 86' lang='lat' dir='ltr'>luga</span> <span class='ocrx_word' id='word_1_267' title='bbox 774 3076 807 3118; x_wconf 89' lang='lat' dir='ltr'>se</span> <span class='ocrx_word' id='word_1_268' title='bbox 822 3058 859 3120; x_wconf 93' lang='lat' dir='ltr'>ad</span> <span class='ocrx_word' id='word_1_269' title='bbox 874 3059 1030 3120; x_wconf 90' lang='lat' dir='ltr'>Caesarem</span> <span class='ocrx_word' id='word_1_270' title='bbox 1045 3075 1094 3119; x_wconf 88' lang='lat' dir='ltr'>re·</span> 
     </span>
     <span class='ocr_line' id='line_1_35' title="bbox 133 3141 1095 3223; baseline -0.004 -19"><span class='ocrx_word' id='word_1_271' title='bbox 133 3144 248 3223; x_wconf 89' lang='lat' dir='ltr'>cipiunt</span> <span class='ocrx_word' id='word_1_272' title='bbox 262 3152 292 3205; x_wconf 90' lang='lat' dir='ltr'>et</span> <span class='ocrx_word' id='word_1_273' title='bbox 306 3143 526 3212; x_wconf 91' lang='lat' dir='ltr'>demonstrant,</span> <span class='ocrx_word' id='word_1_274' title='bbox 544 3141 601 3202; x_wconf 92' lang='lat' dir='ltr'>sibi</span> <span class='ocrx_word' id='word_1_275' title='bbox 614 3148 735 3221; x_wconf 87' lang='lat' dir='ltr'>praeter</span> <span class='ocrx_word' id='word_1_276' title='bbox 749 3143 813 3219; x_wconf 89' lang='lat' dir='ltr'>agri</span> <span class='ocrx_word' id='word_1_277' title='bbox 828 3141 925 3202; x_wconf 91' lang='lat' dir='ltr'>solum</span> <span class='ocrx_word' id='word_1_278' title='bbox 939 3141 1012 3202; x_wconf 89' lang='lat' dir='ltr'>nihil</span> <span class='ocrx_word' id='word_1_279' title='bbox 1028 3158 1095 3201; x_wconf 87' lang='lat' dir='ltr'>esse</span> 
     </span>
    </p>

    <p class='ocr_par' dir='ltr' id='par_1_14' title="bbox 101 3224 1094 3472">
     <span class='ocr_line' id='line_1_36' title="bbox 101 3224 1094 3306; baseline 0.003 -24"><span class='ocrx_word' id='word_1_280' title='bbox 101 3235 117 3282; x_wconf 88' lang='lat' dir='ltr'>o</span> <span class='ocrx_word' id='word_1_281' title='bbox 132 3227 248 3305; x_wconf 86' lang='lat' dir='ltr'>reliqui.</span> <span class='ocrx_word' id='word_1_282' title='bbox 286 3227 400 3298; x_wconf 83' lang='lat' dir='ltr'>Quibus</span> <span class='ocrx_word' id='word_1_283' title='bbox 415 3226 507 3289; x_wconf 89' lang='lat' dir='ltr'>rebus</span> <span class='ocrx_word' id='word_1_284' title='bbox 521 3225 666 3286; x_wconf 91' lang='lat' dir='ltr'>adductus</span> <span class='ocrx_word' id='word_1_285' title='bbox 681 3224 788 3286; x_wconf 87' lang='lat' dir='ltr'>Caesar</span> <span class='ocrx_word' id='word_1_286' title='bbox 801 3242 862 3285; x_wconf 92' lang='lat' dir='ltr'>non</span> <span class='ocrx_word' id='word_1_287' title='bbox 878 3224 1094 3306; x_wconf 85' lang='lat' dir='ltr'>expectandum</span> 
     </span>
     <span class='ocr_line' id='line_1_37' title="bbox 133 3309 1094 3387; baseline -0.005 -16"><span class='ocrx_word' id='word_1_288' title='bbox 133 3309 189 3371; x_wconf 85' lang='lat' dir='ltr'>sibi</span> <span class='ocrx_word' id='word_1_289' title='bbox 203 3312 320 3381; x_wconf 89' lang='lat' dir='ltr'>statuit,</span> <span class='ocrx_word' id='word_1_290' title='bbox 343 3312 413 3372; x_wconf 95' lang='lat' dir='ltr'>dum</span> <span class='ocrx_word' id='word_1_291' title='bbox 434 3309 572 3370; x_wconf 90' lang='lat' dir='ltr'>omnibus</span> <span class='ocrx_word' id='word_1_292' title='bbox 593 3309 721 3368; x_wconf 79' lang='lat' dir='ltr'>fortunis</span> <span class='ocrx_word' id='word_1_293' title='bbox 742 3309 894 3369; x_wconf 90' lang='lat' dir='ltr'>sociorum</span> <span class='ocrx_word' id='word_1_294' title='bbox 910 3309 1094 3387; x_wconf 91' lang='lat' dir='ltr'>consumptis</span> 
     </span>
     <span class='ocr_line' id='line_1_38' title="bbox 132 3393 678 3472; baseline -0.009 -16"><span class='ocrx_word' id='word_1_295' title='bbox 132 3395 164 3456; x_wconf 87' lang='lat' dir='ltr'>in</span> <span class='ocrx_word' id='word_1_296' title='bbox 178 3395 324 3456; x_wconf 90' lang='lat' dir='ltr'>Santonos</span> <span class='ocrx_word' id='word_1_297' title='bbox 339 3394 464 3456; x_wconf 86' lang='lat' dir='ltr'>Helvetii</span> <span class='ocrx_word' id='word_1_298' title='bbox 478 3393 678 3472; x_wconf 80' lang='lat' dir='ltr'>pervenirent</span> 
     </span>
    </p>

    <p class='ocr_par' dir='ltr' id='par_1_15' title="bbox 92 3474 1093 3556">
     <span class='ocr_line' id='line_1_39' title="bbox 92 3474 1093 3556; baseline -0.007 -15"><span class='ocrx_word' id='word_1_299' title='bbox 92 3476 107 3530; x_wconf 73' lang='grc' dir='ltr'>Ι</span> <span class='ocrx_word' id='word_1_300' title='bbox 184 3478 248 3540; x_wconf 83' lang='grc' dir='ltr'>ΧΗ.</span> <span class='ocrx_word' id='word_1_301' title='bbox 272 3479 397 3540; x_wconf 82' lang='lat' dir='ltr'>Flumen</span> <span class='ocrx_word' id='word_1_302' title='bbox 420 3485 465 3538; x_wconf 92' lang='lat' dir='ltr'>est</span> <span class='ocrx_word' id='word_1_303' title='bbox 485 3479 576 3544; x_wconf 90' lang='lat' dir='ltr'>Arar,</span> <span class='ocrx_word' id='word_1_304' title='bbox 600 3474 679 3551; x_wconf 92' lang='lat' dir='ltr'>quod</span> <span class='ocrx_word' id='word_1_305' title='bbox 700 3492 756 3556; x_wconf 90' lang='lat' dir='ltr'>per</span> <span class='ocrx_word' id='word_1_306' title='bbox 775 3476 850 3538; x_wconf 83' lang='lat' dir='ltr'>fines</span> <span class='ocrx_word' id='word_1_307' title='bbox 871 3475 1043 3539; x_wconf 88' lang='lat' dir='ltr'>Aeduorum</span> <span class='ocrx_word' id='word_1_308' title='bbox 1065 3483 1093 3535; x_wconf 86' lang='lat' dir='ltr'>et</span> 
     </span>
    </p>
   </div>
   <div class='ocr_carea' id='block_1_3' title="bbox 0 0 1182 3870">
    <p class='ocr_par' dir='ltr' id='par_1_16' title="bbox 0 0 1182 3870">
     <span class='ocr_line' id='line_1_40' title="bbox 0 0 1182 3870; baseline 0 1"><span class='ocrx_word' id='word_1_309' title='bbox 0 0 1182 3870; x_wconf 95' lang='lat' dir='ltr'> </span> 
     </span>
    </p>
   </div>
  </div>
 </body>
</html>
