2356 3870
371 187 447 255 CAP.
461 189 710 247 LVHII-LXIII.
976 185 1019 252 75

55 340 177 400 fortuna
205 338 342 401 tribuere
373 357 433 402 non
464 338 611 400 decrevit:
656 358 784 420 namque
817 348 939 417 postero
968 340 1017 401 die

55 422 164 483 Caesar
199 441 267 485 cum
300 431 414 501 partem
437 425 587 502 equitatus
609 426 656 484 sui
676 424 793 504 Leptim
815 426 962 495 misisset,
985 427 1017 485 in

54 510 165 568 itinere
188 505 380 585 praedatores
403 509 519 586 equites
533 507 677 579 Numidas
691 508 889 589 Gaetulosque
912 524 948 569 ex
970 511 1016 568 in·

55 591 175 669 proviso
208 589 305 651 adorti
337 593 461 652 circiter
483 602 504 651 ο
530 593 642 672 pactim
674 592 872 662 occiderunt,
906 596 1017 671 partim

54 676 190 735 vivorum
211 677 301 752 potiti
324 683 403 736 sunt.
453 675 562 743 Caesar
590 677 713 738 interim
742 676 853 738 cotidie
880 675 1055 754 legionesa

55 761 87 819 in
110 777 248 837 campum
271 759 420 819 deducere
442 767 530 839 atque
559 778 634 839 opus
662 762 763 821 lacere
792 760 958 839 vallumque
987 768 1017 820 et

55 843 167 903 fossam
188 859 242 920 per
264 843 397 904 medium
412 842 562 923 ‘campum
582 845 691 909 ducere
718 844 1017 923 adversariorumque

55 925 286 988 excursionibus
301 929 359 988 iter
375 928 497 988 otlicere
513 945 573 989 non
592 931 774 989 intermittit.
819 928 921 1008 Scipio
944 931 1017 991 item
1035 935 1051 983 'l

55 1012 241 1071 munitiones
270 1017 374 1072 eontra
403 1014 504 1072 lacere
532 1019 577 1080 et,
606 1030 644 1071 ne
675 1013 746 1089 iugo
772 1030 789 1071 a
812 1011 937 1073 Caesare
965 1029 1017 1072 ex·

56 1093 245 1164 cluderetur,
270 1095 494 1175 adproperare..
524 1095 568 1155 lta
590 1096 683 1167 duces
703 1097 825 1174 utrique
846 1103 877 1156 et
891 1098 923 1156 in
946 1099 1055 1174 ope-‘8

55 1178 144 1238 ribus
155 1182 292 1257 occupati
315 1198 390 1248 esse,
414 1187 443 1240 et
465 1179 561 1253 nihilo
572 1181 672 1241 minus
687 1177 879 1260 equestribus
893 1178 1018 1259 proeliis

56 1265 138 1323 inter
161 1280 192 1322 se
214 1263 327 1323 cotidie
350 1263 542 1324 dimicabant.

120 1345 208 1407 Lllll.
252 1347 383 1418 interim²
400 1346 494 1413 Varus
517 1347 658 1417 classem,
687 1366 777 1428 quam
804 1355 891 1409 antea
913 1347 1017 1409 Uticae
1039 1353 1053 1402 1

56 1430 165 1493 hiemis
179 1433 275 1508 gratia
289 1430 481 1500 subduxerat,
505 1433 624 1510 cognito
646 1431 775 1510 legionis
789 1445 866 1492 xm.
882 1438 913 1493 et
926 1444 1017 1492 x1111.

57 1533 94 1575 en
117 1514 221 1576 Sicilia
243 1514 371 1576 adventu
393 1515 536 1576 celeriter
558 1515 678 1585 deducit
700 1515 804 1595 ibique
821 1516 954 1578 Gaetulis
969 1533 1017 1576 re·

56 1598 190 1678 migibus
212 1598 403 1678 epibatisque
426 1599 560 1678 complet
578 1599 803 1679 insidiaudique
824 1603 921 1679 gratia
947 1617 1017 1678 pro·

55 1701 177 1762 gressus
191 1684 384 1744 adrumetum
407 1700 474 1743 cum
486 1695 533 1743 Lu
544 1680 670 1751 navibus
685 1683 829 1763 pervenit.
856 1684 948 1744 Cuius
962 1681 1013 1755 ad-
1033 1693 1049 1741 n

54 1775 162 1830 uentus
175 1769 290 1829 inscius
305 1768 414 1829 Caesar
428 1767 556 1827 Lucium
570 1767 704 1845 Cispium
720 1785 787 1829 cum
804 1765 898 1827 classe
914 1777 1015 1825 xxvn

57 1853 179 1912 naulum
201 1851 239 1911 ad
254 1850 406 1928 Thapsum
421 1867 525 1911 versus
541 1851 573 1910 in
588 1850 747 1910 stationem
764 1848 908 1927 praesidii
922 1853 1019 1924 gratia

58 1943 242 1998 commeatus
255 1936 415 2001 submittit,
432 1937 562 2013 itemque
575 1933 718 2004 Quintum
726 1931 864 2010 Aquilam
877 1949 946 1992 cum
952 1942 1019 1990 x111

57 2019 186 2081 navibus
208 2020 306 2096 longis
327 2017 526 2089 Adrumetnm
545 2018 651 2079 eadem
671 2016 707 2077 de
729 2035 819 2078 eausa
841 2017 1017 2096 praemittit.

59 2102 195 2183 Cispius,
223 2121 282 2182 quo
305 2110 369 2162 erat
391 2104 514 2171 missus,
543 2101 685 2163 celeriter
717 2102 867 2179 pervenit;
914 2097 1055 2180 Aquilae

57 2194 238 2266 tempestate
261 2190 387 2247 iactatus
408 2186 652 2266 promunturium
674 2202 818 2264 superare
839 2203 902 2247 non
922 2185 1021 2263 potuit

59 2280 149 2351 atque
182 2272 325 2348 angulum
355 2271 505 2349 quendam
537 2277 635 2331 tutum
668 2287 684 2330 a
717 2275 892 2348 tempestate
914 2272 1020 2329 n'actus

59 2374 131 2417 cum
154 2355 249 2417 classe
271 2374 304 2415 se
331 2354 449 2431 longius
477 2372 494 2413 a
520 2360 682 2432 prospectu
708 2355 845 2413 removit.
893 2350 1058 2428 1151155154

60 2440 166 2501 classis
189 2443 223 2499 in
244 2439 306 2499 salo
321 2438 357 2498 ad
375 2438 491 2516 Leptim
506 2438 637 2512 egressis
660 2435 828 2514 remigibus
848 2438 1020 2514 passimque

60 2527 94 2585 in
116 2524 203 2584 litore
225 2521 412 2600 vagantibus,
435 2522 545 2598 partim
561 2522 593 2581 in
609 2517 752 2598 oppidum
767 2521 865 2581 victus
879 2520 926 2580 sui
941 2536 1020 2578 mer·

61 2607 151 2669 caudi
177 2608 468 2689 gratiaprogressis
493 2623 585 2667 vacua
618 2622 635 2664 a
668 2603 878 2665 defensoribus
912 2601 1019 2664 stabat.

60 2691 179 2764 Quibus
208 2690 300 2751 rebus
328 2689 422 2753 Varus
451 2708 488 2751 ex
514 2690 649 2766 perfugis
677 2689 806 2766 cognitis
832 2690 1059 2748 occasionems

60 2783 169 2836 nactus
193 2774 293 2848 vigilia
322 2772 451 2834 secunda
472 2772 635 2833 Adrumeto
663 2790 699 2831 ex
728 2771 854 2832 cothone
884 2787 1021 2848 egressus
1119 2830 1125 2837 ,

60 2877 132 2921 cum
154 2859 253 2935 primo
275 2874 361 2916 mane
383 2856 501 2934 Leptim
529 2858 669 2916 universa
691 2854 786 2916 classe
809 2859 911 2914 vectus
933 2871 1022 2914 nares

60 2943 232 3008 onerarias,
260 2959 336 3018 quae
358 2939 476 3017 longius
504 2958 520 2999 a
548 2946 637 3018 portu
665 2940 696 3000 in
725 2937 786 2997 salo
814 2935 946 3006 stabant,
975 2939 1021 2998 in·

62 3025 166 3089 cendit
194 3031 224 3085 et
252 3032 392 3101 penteres
420 3022 493 3083 duas
520 3041 628 3091 vacuas
655 3041 673 3083 a
700 3021 910 3082 defensoribus
938 3020 1022 3083 nullo

61 3116 249 3189 repugnante
272 3110 363 3187 cepit.

126 3193 229 3254 LXlll.
274 3193 382 3254 Caesar
402 3194 526 3253 interim
543 3192 688 3255 celeriter
705 3211 761 3272 per
775 3195 897 3254 nuntios
919 3196 951 3254 in
973 3213 1022 3256 ca·
1044 3205 1059 3256 1

62 3282 149 3349 stris,
173 3297 241 3339 cnm
264 3296 354 3357 opera
377 3280 567 3348 circumiret,
591 3280 703 3349 certior
724 3278 830 3348 iactus,
853 3295 929 3357 quae
951 3278 1022 3340 abe·

62 3371 133 3425 rant
155 3381 170 3422 a
194 3371 284 3441 portu
306 3361 390 3423 milia
412 3375 628 3440 passuumvi,
652 3381 729 3441 equo
751 3361 881 3423 admisso
904 3365 1023 3426 omissis

63 3447 204 3510 omnibus
226 3446 318 3508 rebus
340 3447 482 3508 celeriter
504 3447 641 3528 pervenit
662 3445 783 3528 Leptim
803 3446 1037 3526 ibique'norta·
