2356 3870
153 219 197 301 66
441 239 587 296 nemun
601 237 826 297 numosuuu.

154 390 248 452 Varus
277 388 448 450 adservatos
475 391 541 450 sine
569 387 753 449 contumelia
782 386 974 449 deducendos
1004 393 1126 453 curavit

116 484 134 532 3
155 475 191 535 ad
203 475 386 553 Scipionem.
410 474 467 544 Qui
479 480 637 552 postquam
648 472 684 532 ad
700 490 768 532 eum
784 480 987 550 pervenerunt
1003 480 1035 534 et
1049 483 1123 536 ante

155 565 328 636 suggestum
355 559 570 624 constiterunt,
611 555 678 616 Non
716 559 832 623 uestra,
868 557 983 636 inquit,
1012 565 1126 633 sponte

153 659 205 703 uos
232 649 316 702 certo
343 645 422 718 scio,
450 643 506 702 secl
531 639 613 701 illius
639 641 782 700 scelerati
807 643 900 699 uestri
926 643 1125 718 imperatoris

153 727 274 801 inpulsu
300 733 330 786 et
357 728 484 801 imperto
512 730 632 786 coactos
658 726 736 784 ciues
757 731 786 782 et
800 725 952 799 ‘optimam
973 732 1124 801 quemque

116 819 134 865 4
152 809 273 882 nefarie
293 813 472 875 consectari.
518 808 598 879 Quos
619 811 760 883 quonlam
779 806 908 879 fortuna
930 810 963 867 in
985 815 1121 869 nostram

152 896 258 954 detulit
277 901 473 970 potestatem,
508 895 549 966 sl,
581 894 615 952 tet
640 894 722 966 quod
744 891 854 964 fucere
884 891 1011 965 deletis,
1041 909 1121 952 rem-

57 1024 60 1029 .
145 979 304 1054 publicam
330 995 395 1038 cum
424 979 535 1053 optimo
562 993 679 1051 quoque
706 975 891 1048 defendetis,
926 984 1041 1036 certum
1074 985 1120 1037 est

149 1063 230 1122 eolis
242 1059 334 1122 onam
345 1070 374 1121 et
383 1059 542 1136 pecunrirm
563 1060 688 1119 ¹clorrure.
733 1059 935 1136 Quapropter,
959 1062 1119 1135 quidsen-

151 1148 246 1217 tiatls,
268 1142 495 1221 proloquimlne'.
537 1218 539 1222 μ

116 1245 131 1292 1
213 1228 353 1290 XXXXV.
398 1228 461 1289 Hac
483 1227 586 1287 habita
609 1229 744 1289 oratione
768 1228 889 1307 Scipio,
919 1245 990 1289 cutm
1012 1231 1122 1289 existi·

149 1319 274 1383 mosset,
302 1331 357 1392 pro
385 1331 439 1373 suo
467 1311 614 1373 beneficio
643 1313 708 1372 siue
737 1311 830 1372 dubio
860 1311 898 1372 ab
926 1312 974 1372 his
1003 1315 1120 1389 gratias

76 1392 77 1395 '
112 1396 210 1460 esihi
233 1406 332 1458 actum
354 1399 410 1464 iri,
439 1402 616 1475 potestatem
644 1396 682 1455 iis
710 1395 830 1455 dicendi
858 1396 941 1456 iecit.
996 1394 1040 1456 Ex
1071 1399 1120 1458 eis

149 1483 288 1560 centurio
310 1474 438 1557 legionis
459 1491 561 1546 11111„
583 1480 644 1538 Pro
665 1487 733 1552 tuo,
763 1478 870 1558 inquit,
892 1496 1005 1540 summo
1026 1481 1117 1541 bene-

147 1568 231 1638 ficio,
259 1564 378 1640 Scipio,
412 1564 467 1623 not
489 1566 609 1638 pretias
635 1578 693 1636 apo
718 1596 761 1606 -
787 1580 848 1623 non
875 1567 954 1624 enlm
982 1567 1118 1640 tmpera-

148 1656 241 1710 torem
263 1655 291 1708 te
311 1650 433 1726 appello
453 1681 504 1721 —,
528 1649 610 1724 quod
629 1647 808 1707 militellum
823 1649 1120 1724 incolumitatemque

148 1734 218 1794 belli
243 1737 310 1793 ture
336 1739 428 1808 capto
444 1729 617 1808 polliceris,
646 1737 676 1790 et
691 1730 802 1803 forsan
824 1737 926 1791 uterer
947 1735 1004 1793 isto
1026 1733 1114 1792 bene·

117 1829 133 1877 3
145 1820 231 1890 ficio,
260 1818 288 1876 si
313 1833 373 1876 non
395 1819 425 1875 ei
444 1833 588 1877 summum
609 1817 704 1876 scelus
731 1817 957 1889 adtunpmetur.
1009 1817 1119 1890 Epone

146 1907 255 1962 contra
271 1902 430 1961 Gaesarem
452 1900 664 1976 imperatorem
684 1916 790 1973 meum,
815 1900 902 1974 opud
920 1914 1007 1974 quem
1029 1903 1118 1960 ordi·

147 2002 214 2046 nem
236 1986 326 2058 duat,
350 1987 471 2058 eiusque
492 1987 671 2058 exercitum,
697 1986 864 2059 proculus
896 1985 1047 2058 dlpnr'tote
1071 1988 1117 2045 ui·

147 2071 304 2143 ctortapue
325 2068 455 2143 amplius
471 2079 555 2127 xxx.
585 2071 736 2128 totenais
756 2068 944 2143 depopulari,
968 2071 1115 2130 adamus

115 2158 343 2226 turmatuspue
358 2149 542 2213 consistam?
569 2151 671 2226 Neque
692 2168 748 2226 epo
769 2153 849 2212 istud
866 2151 1014 2223 fecturus
1035 2169 1116 2230 sum,

148 2243 178 2295 et
205 2242 234 2295 te
263 2251 463 2313 manopera,
496 2243 530 2294 ut
562 2236 600 2294 ele
626 2239 745 2310 nepotr'o
774 2236 914 2309 desistas,
950 2237 1113 2298 adhortor.

147 2321 260 2380 Contra
281 2321 367 2380 cutus
394 2322 472 2379 enim
500 2321 604 2394 copies
630 2321 810 2392 contendas,
840 2322 870 2379 st
894 2322 993 2380 minus
1021 2330 1114 2381 antea

110 2408 289 2481 teupertus
310 2420 354 2476 es,
377 2404 447 2463 licet
468 2420 549 2464 nunc
570 2417 744 2478 copnoscus.
798 2404 888 2477 Eltpe
913 2420 954 2464 erc
982 2407 1041 2464 tuis
1063 2420 1112 2464 co·

144 2489 258 2548 lrortem
278 2494 386 2559 'unam
409 2505 499 2563 quam
515 2495 610 2564 putus
631 2505 693 2548 esse
711 2490 928 2561 firmissimam,
953 2494 983 2547 et
1002 2493 1113 2549 constt-

145 2578 195 2631 tae
215 2578 324 2633 eontra
344 2588 391 2632 me
396 2591 407 2639 ;
430 2589 487 2644 epo
508 2579 606 2632 autem
622 2587 662 2632 erc
675 2573 749 2631 mels
763 2572 1014 2651 commilitonibus,
1036 2588 1116 2648 quos·

145 2672 226 2715 nunc
237 2657 269 2714 ln
284 2662 338 2714 tue
350 2661 496 2729 potestate
510 2662 600 2728 tenes,
618 2671 677 2715 non
693 2657 823 2730 amplius
836 2667 861 2713 x
872 2664 998 2715 sumum.
1024 2656 1113 2717 t'tmc

144 2741 297 2813 intellepes
318 2755 358 2800 ex
379 2740 487 2799 uirtute
508 2746 623 2813 nostra,
647 2733 727 2814 quiet
741 2756 781 2800 ex
803 2741 969 2816 tuiscoptr's
981 2755 1115 2816 sperare

145 2824 263 2884 debeas.

109 2929 124 2976 1
208 2898 362 2968 XXXXVI.
403 2908 563 2988 Postquam
586 2907 660 2969 haee
683 2907 820 2969 centurio
838 2909 991 2987 praesenti
1007 2909 1114 2968 animo

144 2990 288 3052 adversus
310 2993 484 3070 opinionem
506 2994 571 3052 eius
594 2999 639 3052 est
661 2992 793 3061 locutus,
818 2995 863 3052 iro
885 2993 1020 3070 percitus
1042 2991 1108 3052 Soi-

143 3076 195 3153 pio
218 3081 307 3154 utque
331 3076 423 3135 animi
445 3075 548 3136 dolore
572 3078 713 3137 incensus
735 3077 842 3136 annuit
865 3074 1109 3144 centurionibus,

143 3158 215 3236 quid
237 3159 305 3219 fieri
326 3159 433 3230 vellet,
457 3167 545 3239 atque
568 3159 750 3239 antepedes
773 3162 981 3221 centurionem
1011 3162 1108 3221 inter·

142 3243 217 3302 iecit
238 3241 431 3322 reliquosque
453 3250 611 3305 veteranos
639 3263 656 3304 a
683 3243 834 3304 tironibus
863 3242 948 3304 iubet
975 3245 1111 3305 secerni.

106 3341 123 3390 2
144 3326 288 3387 tremite
308 3329 394 3402 istos,
419 3329 532 3407 inquit,
560 3324 683 3401 nesorio
704 3330 816 3388 scelere
837 3329 1059 3388 contaminatos
1079 3336 1112 3388 et

143 3412 238 3472 coede
258 3413 368 3472 civium
388 3414 550 3487 supinatos.
596 3412 646 3473 Sic
662 3419 746 3474 extra
761 3411 871 3473 vallum
894 3411 1014 3473 deducti
1037 3419 1112 3472 sunt

92 3511 118 3562 e
135 3501 170 3555 et
190 3493 405 3560 cruciabiliter
426 3497 592 3561 interiecti.
640 3496 768 3558 Tirones
795 3503 896 3557 eutem
919 3494 1005 3558 iubet
1026 3497 1114 3557 inter
