2356 3870
155 223 215 288 148
545 229 718 286 CAESARIS
761 226 765 231 ’

388 393 423 435 ΔΙ)
440 393 465 429 Ia.
483 393 646 512 Colidfflfsffi
650 393 792 513 [Eli'I’ULUH
810 392 884 431 CRUC·

603 460 619 498 0
666 461 689 498 ἢ.

220 533 680 637 ClemEpodAtttVIILtlA
717 531 1122 610 v1Ka1[.Mort.]ve·

154 624 232 700 speri
254 624 367 685 Balbus
394 625 490 684 minor
517 625 555 682 ad
581 643 630 684 me
656 624 751 698 venit,
726 624 893 683 tooeulta
919 624 969 682 via
995 641 1121 683 currens

153 712 192 771 ad
218 710 379 772 Lentulum
405 714 568 786 consulem,
600 713 695 771 missu
723 710 871 784 Caesaris,
903 730 971 771 oum
998 711 1121 771 litteris.

153 818 220 859 oum
238 801 400 877 mandatis,
426 802 708 876 compromissione
730 801 912 876 provinciae,
934 799 1064 859 Romam
1086 803 1123 858 nt

152 889 256 948 redeat
269 891 344 948 -.’

259 957 261 963 ’
461 985 498 1023 an
515 987 540 1030 o.
558 987 656 1024 rustum
674 966 821 1023 crunnum

498 1053 542 1120 [A.
554 1051 589 1106 U.
601 1051 630 1108 C.
642 1050 774 1120 DCCVIJ

221 1141 303 1204 Caes
326 1144 365 1203 Β.
389 1142 421 1203 0.
439 1146 507 1211 III,
529 1146 579 1218 14,
604 1149 632 1204 1.
673 1143 799 1205 Calenus
822 1145 989 1220 legionibus
1012 1145 1123 1220 equiti-
1153 1150 1157 1155 '

154 1231 268 1307 busque
281 1232 459 1291 Brundisii
450 1252 482 1291 m
499 1251 590 1292 naves
612 1233 771 1308 impositis,
794 1235 828 1291 ut
841 1235 906 1292 erat
926 1236 1123 1308 praeceptum

154 1338 173 1378 a
196 1317 335 1395 Caesare,
358 1321 502 1397 quantum
524 1321 646 1381 navium
668 1317 841 1382 faeultatem
862 1321 1004 1407 habebat,
1027 1340 1122 1381 naves

155 1407 256 1480 solvit,
278 1410 459 1483 paulumque
481 1427 500 1466 a
521 1412 610 1484 portu
630 1427 806 1486 progressus
816 1392 944 1468 litteras
958 1427 977 1466 a
991 1367 1122 1469 Caesare

154 1494 273 1570 aoeipit,
296 1496 404 1571 quibus
419 1499 465 1556 est
477 1497 586 1556 certior
608 1496 717 1571 faetus,
738 1499 843 1573 portus
856 1497 1004 1573 litoraque
1018 1498 1123 1557 omnia

154 1583 299 1644 elassibus
322 1585 558 1645 adversariorum
580 1586 683 1645 teneri.

486 1699 522 1735 nn
539 1699 787 1817 ευίεέοὲιωέἳιειυκ.

220 1826 258 1885 lo.
279 1826 330 1899 25,
347 1827 376 1885 3.
421 1855 463 1867 -
488 1824 598 1886 Caesar
618 1825 811 1885 Brundisium
825 1825 871 1888 :ad
893 1843 962 1885 suos
985 1826 1122 1885 severius

156 1912 285 1986 scripsit,
307 1915 387 1973 noeti
408 1914 548 1987 idoneum
561 1916 684 1973 ventum
701 1932 739 1972 ne
752 1913 935 1973 ooeasionem
955 1913 1122 1989 navigandi

156 2000 353 2075 dimitterent,
376 2002 438 2060 sive
451 2003 489 2060 ad
512 2003 600 2062 litora
612 2001 847 2104 Apolloniatium
868 2004 929 2062 sive
950 2002 991 2061 ad
1003 2001 1123 2063 Labea-

156 2090 228 2147 tium
250 2107 369 2149 cursum
392 2090 520 2165 dirigere
543 2094 633 2167 atque
647 2108 682 2150 eo
704 2107 795 2149 naves
813 2091 908 2150 eicere
929 2092 1120 2164 possent·—

154 2170 286 2247 Appiam.
301 2173 341 2232 Β.
354 2171 445 2243 CII,
461 2177 511 2233 58.
523 2177 596 2236 med.
635 2169 823 2249 -ἐπιστὸλη
837 2172 911 2252 πρὸς
926 2170 979 2233 τὸν
992 2172 1123 2274 στρατὸν

157 2249 288 2314 αὖτὸν’
276 2252 437 2337 eys'yoocrsro
463 2253 607 2334 ἄλλη,
580 2280 633 2317 τον
657 2256 875 2401 βουλόμενίον
863 2253 964 2317 αὐτῶν
988 2250 1099 2319 ἐπὶ
1065 2281 1122 2329 τας

158 2348 233 2412 ναῦς
248 2336 375 2401 επεσθαι
396 2363 435 2424 τῳ
423 2340 628 2448 Ποστουμίῳ
649 2340 700 2402 καὶ
719 2341 872 2418 καταίρειν
873 2329 1102 2420 ἆνὰχθὲντας’
1089 2366 1121 2415 ες

157 2424 265 2502 χωρίον
286 2420 316 2497 ἐς
338 2422 356 2486 ὅ
377 2447 404 2486 τι
425 2420 441 2486 ὃ
463 2422 571 2504 ἄνεμος
593 2421 720 2530 ἐκφέρῃ,
745 2421 841 2504 μηδὲν
870 2434 930 2487 τῶν
950 2432 1030 2487 remo
1052 2449 1121 2502 φει-

158 2507 315 2587 δομένους·
340 2506 376 2570 od
397 2507 453 2593 γὰρ
475 2519 554 2572 νεῶν
575 2508 691 2593 χρῄζειν
713 2510 868 2590 Καίσαρα,
898 2504 963 2570 dll’
985 2506 1119 2589 ἀνδρῶν.

515 2624 551 2661 an
569 2627 597 2661 u.
614 2624 759 2664 innormis

568 2674 648 2742 [Eod
666 2675 703 2742 a]

224 2765 284 2828 oie
297 2768 355 2843 Ep.
369 2764 481 2828 edne.
497 2768 556 2835 XI,
572 2769 600 2840 7,
616 2769 723 2826 2.-
746 2766 784 2825 a'd
806 2786 854 2826 me
875 2766 958 2826 misit
969 2765 1121 2827 Antomus

158 2859 325 2931 exemplum
348 2855 483 2916 Caesaris
498 2857 536 2915 ad
559 2874 590 2915 se
611 2856 824 2928 litterarum,
815 2875 847 2913 1n
865 2856 972 2931 quibus
986 2858 1065 2930 erat,
1089 2874 1121 2917 se

158 2946 290 3019 audisse,
321 2943 464 3004 Catonem
491 2947 522 3003 et
543 2943 577 3002 Is
599 2943 792 3002 Metellum
784 2963 817 3001 1n
846 2942 965 3002 Italiam
993 2944 1121 3018 nonime,

158 3035 269 3093 Romae
290 3035 326 3092 ut
348 3035 448 3092 essent
478 3032 589 3107 palam:
621 3031 653 3090 id
676 3032 732 3091 sibi
758 3049 818 3090 non
839 3031 968 3106 plaeere,
1000 3050 1038 3089 ne
1069 3033 1122 3109 qni

158 3125 256 3182 motus
284 3140 319 3181 ex
346 3138 381 3180 eo
411 3120 529 3194 fierent,
560 3119 769 3196 prohiberique
801 3137 902 3178 omnes
928 3119 1029 3192 Italia,
1062 3121 1122 3180 nisi

125 3247 126 3251 =
159 3227 285 3285 qnorum
305 3210 369 3284 ipse
391 3226 510 3268 eausam
528 3208 727 3284 cognovisset3
749 3208 845 3283 deque
868 3225 902 3266 eo
915 3207 1120 3269 vehementius

159 3300 223 3357 erat
245 3299 394 3373 seriptum.

486 3378 530 3445 [A.
548 3375 582 3432 U.
601 3374 631 3430 C.
648 3374 792 3443 DCCVII.]

225 3469 284 3532 Cic.
300 3469 348 3531 Or.
362 3469 438 3530 Pas.
451 3470 500 3537 ll,
515 3471 566 3541 40,
583 3470 654 3529 103.
668 3487 709 3542 sq.
736 3467 881 3528 Varronis
894 3498 933 3508 ——
950 3466 1121 3530 Casinatem

141 3560 275 3625 mudum
290 3562 361 3654 quis
375 3560 497 3626 venisse
511 3557 612 3622 dioitl'
630 3557 700 3636 qdus
712 3557 836 3616 uastam
846 3556 1125 3614 istimsendst'sonls
