2356 3870
272 215 386 272 ΟΟΜΜ.
400 217 449 272 ΠΙ.
471 216 548 273 CAP.
562 216 820 274 xxv-nunu
983 211 1025 277 81

63 401 154 444 unam
176 400 279 444 omnes
299 389 466 444 constratae
487 401 611 445 numero
625 397 686 444 XVI
702 385 886 445 eliderentur
908 393 938 446 et
952 403 1025 447 nau·

63 470 160 547 iragio
175 470 350 537 interirent,
377 475 407 528 ct
422 486 457 527 ex
473 485 580 544 magno
596 470 741 545 remigum
758 476 1024 546 propugnatorum·

62 572 122 634 que
144 571 267 613 numero
289 570 359 630 pars
380 551 415 611 ad
438 553 574 631 scopulos
592 553 684 612 adlisa
699 555 934 624 interficeretur,
956 573 1025 633 pars

63 637 232 700 abnostris
253 636 476 708 detraheretur;
497 654 572 716 quos
592 655 694 697 omnes
715 645 904 698 conservatos
918 639 1026 701 Caesar

63 723 184 784 domum
199 718 336 782 remisit.'

126 805 257 867 XXVlll.
291 805 414 866 Nostrae
435 823 525 866 naves
549 807 624 867 duae
644 807 760 868 tardius
778 825 869 869 cursu
890 809 1049 870 conlectos

63 893 95 953 in
111 897 228 951 noctem
244 892 413 958 coniectae,
438 908 505 950 cum
522 893 708 968 ignorarent,
731 909 819 971 quem
841 891 938 952 locum
953 893 1024 953 reli-

63 994 140 1056 quae
161 977 328 1054 cepissent,
353 981 456 1034 contra
476 973 595 1036 Lissum
620 977 652 1036 in
679 979 797 1036 ancoris
816 979 1024 1038 constiterunt.

63 1059 124 1121 Has
138 1060 257 1138 scaphis
277 1057 504 1137 minoribusque
525 1061 652 1138 navigiis
667 1060 871 1139 compluribus
885 1064 1053 1122 summis-2

64 1147 107 1206 sis
122 1143 266 1205 Otacilius
280 1144 413 1211 Crassus,
429 1145 482 1222 qui
496 1142 573 1204 Lissi
588 1152 736 1223 praeerat,
753 1162 923 1224 expugnare
938 1163 1024 1225 para·

62 1228 129 1299 bat;
151 1228 239 1289 simul
261 1227 296 1287 de
317 1227 467 1288 deditione
489 1245 593 1288 eorum
614 1227 720 1306 agebat
741 1236 771 1290 et
790 1230 1024 1291 incolumitatem

62 1313 174 1374 deditis
188 1311 394 1392 pollicebatur.
434 1311 547 1373 Harum
562 1311 655 1373 altera
669 1315 752 1374 navis
768 1326 860 1374 ccxx
875 1333 891 1374 e
906 1314 1050 1392 legiones

62 1400 194 1457 tironum
215 1397 390 1465 sustulerat,
419 1395 510 1456 altera
531 1415 567 1456 ex
586 1403 726 1458 veterana
745 1400 833 1477 paulo
853 1400 952 1460 minus
972 1411 1023 1460 cc.

11 1508 16 1517 ·
63 1481 119 1543 Hic
134 1484 272 1559 cognosci
287 1479 379 1549 licuit,
396 1488 539 1559 quantum
554 1489 633 1542 esset
647 1481 820 1544 bominibus
833 1485 977 1562 praesidii
992 1486 1052 1544 int

64 1568 156 1627 animi
172 1566 365 1626 firmitudine.
391 1565 518 1626 Tirones
530 1568 610 1626 enim
622 1566 811 1627 multitudine
825 1570 943 1628 navium
956 1586 1024 1646 per·

63 1653 164 1712 territi
185 1658 215 1711 et
239 1651 301 1710 salo
327 1666 495 1729 nauseaque
520 1651 648 1710 conlecti
673 1652 868 1712 iureiurando
893 1659 1024 1731 accepto,
1108 1712 1112 1729 ,

63 1733 139 1796 nihil
163 1737 202 1796 iis
227 1737 378 1795 nocituros
404 1734 519 1803 hostes,
546 1752 579 1794 sc
599 1733 724 1795 Otacilio
748 1735 942 1806 dediderunt;
973 1737 1025 1815 qui

63 1838 167 1880 omnes
182 1819 218 1879 ad
234 1837 301 1880 eum
317 1819 455 1897 perducti
471 1824 573 1880 contra
591 1818 768 1896 religionem
782 1819 977 1880 iurisiurandi
993 1822 1025 1880 in

64 1906 131 1966 eius
146 1911 307 1983 conspectu
323 1902 529 1964 crudelissime
545 1904 779 1965 interficiuntur.
816 1904 852 1964 At
866 1911 1050 1964 veteranaeb

64 1988 192 2066 legionis
208 1989 328 2057 milites,
344 1990 416 2048 item
432 1987 595 2048 conflictati
611 1993 641 2047 et
651 1990 838 2066 tempestatis
850 1996 880 2048 et
891 1991 1026 2050 sentinae

65 2075 161 2143 vitiis,
185 2090 281 2152 neque
297 2091 334 2132 ex
349 2074 475 2150 pristina
489 2073 600 2132 virtute
616 2073 829 2134 remittendum
844 2073 956 2152 aliquid
971 2092 1025 2152 pu·

65 2165 216 2226 taverunt,
238 2164 268 2217 et
288 2156 451 2217 tractandis
471 2156 697 2218 condicionibus
718 2164 748 2217 et
770 2157 958 2218 simulatione
974 2159 1026 2218 de·

63 2242 190 2303 ditionis
209 2248 342 2302 extracto
363 2242 461 2319 primo
482 2242 578 2301 noctis
598 2247 731 2320 tempore
747 2241 979 2318 gubernatorem
993 2243 1025 2301 in

63 2335 176 2388 terram
197 2343 302 2386 navem
324 2327 421 2385 eicere
445 2331 568 2402 cogunt,
591 2327 650 2404 ipsi
671 2325 811 2387 idoneum
832 2325 930 2390 locum
946 2328 1052 2385 nactis

63 2410 208 2488 reliquam
237 2412 333 2470 noctis
359 2417 473 2488 partem
498 2408 543 2470 ibi
568 2410 761 2470 coniecerunt
785 2417 816 2470 ct
840 2409 906 2470 luce
930 2411 1027 2488 prima

63 2497 166 2556 missis
180 2494 217 2554 ad
232 2512 283 2555 eos
300 2493 336 2555 ab
352 2493 478 2555 Otacilio
494 2493 656 2572 equitibus,
677 2495 728 2573 qui
744 2501 938 2572 campartem
955 2511 1026 2553 orae

63 2581 241 2640 maritumae
257 2578 463 2646 adservabant,
481 2580 603 2639 circiter
619 2589 712 2647 cccc,
729 2581 840 2658 quique
856 2596 907 2638 eos
921 2578 1027 2637 armati

64 2681 101 2724 ex
116 2663 268 2742 praesidio
283 2665 377 2724 secuti
393 2669 476 2732 sunt,
497 2681 530 2723 se
550 2662 749 2723 defenderunt
766 2670 797 2723 et
810 2662 961 2723 nonnullis
976 2679 1026 2721 eo·

63 2765 131 2808 rum
148 2749 316 2808 interiectis
330 2748 496 2808 incolumes
511 2765 543 2808 se
559 2747 595 2807 ad
611 2755 727 2807 nostros
742 2753 933 2825 receperunt.

128 2831 270 2893 XXVllll.
300 2830 364 2901 Quo
390 2833 468 2893 laeto
495 2837 657 2892 conventus
683 2833 791 2891 civium
816 2830 1052 2899 Romanoruml

64 2917 118 2995 qui
139 2916 257 2977 Lissum
280 2915 472 2985 obtinebant,
495 2916 573 2991 quod
594 2915 736 2993 oppidum
757 2916 796 2974 iis
816 2921 902 2975 antea
917 2914 1027 2975 Caesar
1123 2946 1127 2951 -

65 3000 251 3061 adtribuerat
272 3000 526 3078 muniendumque
547 3005 716 3065 curaverat,
737 2998 896 3059 Antonium
919 2999 1027 3076 recipit

64 3082 259 3164 omnibusque
281 3083 373 3145 rebus
391 3084 474 3145 iuvit.
510 3083 652 3145 Otacilius
668 3081 726 3143 sibi
746 3081 853 3144 timens
868 3099 906 3144 ex
920 3082 1027 3160 oppido

64 3168 140 3245 lugit
154 3175 185 3229 et
200 3169 237 3229 ad
251 3168 427 3248 Pompeium
441 3170 587 3247 pervenit.
612 3164 766 3247 Expositis
781 3166 918 3227 omnibus
933 3166 1052 3245 copiise

65 3255 225 3322 Antonius,
249 3271 373 3333 quarum
390 3258 455 3313 erat
475 3269 590 3314 summa
604 3259 812 3313 veteranarum
826 3253 917 3311 trium
935 3250 1026 3327 legio·

64 3353 135 3397 num
150 3340 299 3417 uniusque
312 3338 445 3398 tironum
460 3344 492 3397 et
505 3338 639 3416 equitum
649 3347 749 3406 nuuc,
764 3335 922 3416 plerasque
938 3351 1028 3394 naves

64 3421 96 3480 in
111 3421 226 3483 ltaliam
247 3423 374 3483 remittit
395 3420 431 3483 ad
452 3420 584 3502 reliquos
603 3420 714 3480 milites
735 3422 913 3500 equitesque
931 3425 1034 3476 trans·

63 3506 234 3586 portandos,
253 3514 408 3583 pontones,
431 3505 511 3588 quod
534 3512 581 3570 est
602 3504 843 3588 genusnarium
853 3501 1091 3565 bellicarum&-

107 3617 131 3651 ο.
148 3616 205 3654 wc,
226 3618 303 3655 cras.
322 3616 355 3662 rr,
837 3606 858 3658 b
