2356 3870
266 212 521 272 donnavineda.
538 213 832 271 xxxin-xxxxvss.
966 218 1027 282 189

66 397 148 457 mus>
160 377 270 456 populo
296 378 441 445 Romano,
468 379 532 438 sine
553 377 736 438 dubitatione
757 377 816 437 ulla
837 378 965 438 vinctum
991 379 1027 439 ad

64 462 223 522 Caesarem
238 462 366 520 deduxit.

130 544 269 605 xxxxv.
300 543 446 605 Labienus
460 547 579 605 interim
589 546 620 604 in
633 544 769 604 Treveris
786 552 923 620 equestre
938 563 1026 622 proe·
1050 557 1059 602 l

63 627 140 689 lium
159 629 229 688 lacit
249 627 411 687 secundum
433 627 683 706 conpluribusque
705 627 843 687 Treveris
863 629 1027 688 interiectis

65 720 97 771 et
112 711 275 779 Germanis,
293 713 343 787 qni
357 711 446 771 nullis
461 711 600 773 adversus
615 711 764 771 Romanos
779 710 885 771 auxilia
900 711 1026 789 denega-

64 795 152 863 bant,
174 795 324 872 principes
345 813 448 855 eorum
468 797 548 856 vivos
569 794 676 872 redigit
695 796 726 853 in
741 812 825 854 suam
839 802 1025 873 potestatem,

65 886 155 954 atque
176 879 208 937 in
229 877 275 937 his
296 877 405 938 Surum
419 880 568 947 Aeduum,
591 880 642 954 qui
663 885 692 936 et
712 878 829 937 virtutis
855 886 885 937 et
909 881 1059 955 generist

64 970 211 1021 svmrmam
232 959 412 1021 nobilitatem
439 961 565 1022 habebat
590 961 730 1037 solusque
756 979 791 1021 er
805 961 914 1021 Aeduis
940 962 976 1021 ad
996 962 1025 1021 id

63 1052 184 1123 tempus
198 1054 402 1122 permanserat
416 1046 447 1104 in
461 1047 559 1105 armis.

128 1127 280 1188 XXXXVI.
311 1128 352 1188 Ea
365 1146 399 1188 re
415 1131 530 1206 cognita
546 1129 660 1195 Caesar,
678 1145 745 1186 cum
759 1128 791 1186 in
807 1127 942 1188 omnibus
957 1147 1025 1206 par·
1042 1135 1056 1187 1

62 1212 144 1272 tibus
151 1210 260 1271 Galliae
275 1209 350 1271 bene
365 1230 414 1272 res
428 1213 492 1288 geri
508 1211 619 1271 videret
633 1210 845 1286 iudicaretque,
862 1213 1024 1288 superiori·

63 1295 121 1356 bus
142 1295 259 1354 aestivis
276 1293 398 1354 Galliam
419 1295 561 1355 devictam
582 1293 799 1370 subactamque
815 1311 889 1363 esse,
904 1296 1024 1371 Aquita-

62 1380 143 1439 niam
157 1395 318 1454 numquam
334 1377 451 1446 adisset,
467 1397 522 1456 per
541 1377 678 1438 Publium
694 1377 832 1438 Crassum
848 1378 972 1454 quadam
989 1397 1024 1438 ex

61 1470 148 1541 parte
168 1461 340 1529 devicisset,
371 1479 438 1521 cum
459 1461 572 1522 duabus
591 1459 758 1539 legionibus
782 1463 815 1522 iu
830 1469 1024 1540 campartem

63 1545 174 1605 Galbae
191 1553 235 1604 est
249 1545 409 1622 proiectus,
427 1553 459 1604 ut
472 1543 515 1606 ibi
526 1555 691 1605 extremum
706 1552 824 1623 tempus
836 1553 1025 1608 consumeret

62 1629 252 1690 aestivorum.
276 1628 370 1697 Quam
380 1647 453 1698 rem,
467 1630 555 1689 sicuti
566 1636 674 1697 cetera,
688 1627 826 1688 celeriter
837 1627 1024 1704 feliciterque
1039 1638 1056 1686 2

60 1713 199 1789 coniecit.
235 1711 367 1789 Namque
388 1730 491 1772 omnes
505 1713 677 1789 Aquitaniae
703 1712 835 1772 civitates
860 1710 972 1788 legatos
987 1711 1022 1771 ad

61 1795 218 1856 Caesarem
229 1797 374 1855 miserunt
388 1794 565 1872 obsidesque
581 1793 608 1854 ei
622 1794 777 1855 dederunt.
806 1794 919 1866 Quibus
933 1794 1024 1855 rebus
1039 1801 1055 1854 a

60 1878 223 1957 gestisipse
230 1880 362 1954 equitum
368 1878 516 1956 praesidio
528 1876 860 1956 Narbonemprolectus
871 1885 924 1946 est,
938 1896 1022 1939 exer·

61 1963 155 2022 citum
169 1979 224 2040 per
239 1961 351 2039 legatos
365 1964 396 2021 in
410 1961 534 2022 hiberna
541 1961 676 2022 deduxit:
694 1970 833 2037 quattuor
848 1961 978 2039 legiones
993 1964 1055 2021 int

60 2044 163 2122 Belgio
179 2045 341 2106 conlocavit
352 2062 419 2104 curn
434 2045 471 2104 M.
485 2047 645 2105 Antonioet
657 2044 841 2106 C.Trebonio
855 2055 884 2104 et
894 2046 926 2105 P.
943 2047 1021 2105 Vati·

59 2130 111 2190 nio
120 2127 234 2206 legatis,
247 2127 457 2204 duaslegiones
468 2127 758 2197 indeduosdeduxit,
772 2130 1023 2205 quoruminomni

61 2211 155 2272 dallia
170 2230 314 2272 summam
332 2230 397 2272 esse
407 2215 613 2272 auctoritatem
624 2210 745 2280 sciebat,
763 2212 835 2272 duas
849 2214 880 2272 in
895 2213 1022 2273 Turonis

58 2294 97 2355 ad
116 2295 191 2355 lines
206 2295 368 2355 Carnutum
387 2296 500 2373 posuit,
524 2312 599 2371 quae
620 2313 738 2355 omnem
764 2295 843 2355 illam
869 2298 1022 2372 regionem

59 2379 247 2438 coniunctam
263 2377 380 2439 Oceano
396 2380 590 2447 continerent,
609 2378 680 2438 duas
695 2376 826 2455 reliquas
841 2380 872 2439 in
887 2378 1021 2440 Lemovi-

52 2479 129 2521 cum
144 2461 252 2522 linibus
272 2479 332 2521 non
352 2461 440 2539 longe
460 2462 496 2521 ab
511 2462 665 2530 Arvernis,
687 2479 726 2521 ne
748 2478 806 2538 qua
826 2480 895 2540 pars
911 2462 1021 2523 Galliae

57 2560 150 2604 vacua
165 2544 202 2605 ab
217 2547 350 2605 exercitu
359 2553 446 2606 esset.
468 2546 581 2605 Paucos
589 2545 653 2604 dies
666 2546 731 2623 ipse
746 2547 777 2605 in
792 2547 943 2624 provincia
957 2565 1021 2607 mo·
1036 2552 1053 2602 b

57 2633 151 2696 ratus,
169 2647 236 2688 cum
251 2627 388 2688 celeriter
409 2647 511 2689 omnes
526 2636 689 2688 conventus
702 2631 949 2706 percucurrisset,
966 2648 1020 2708 pu·

57 2709 152 2772 blicas
167 2714 382 2772 controversias
398 2722 567 2789 cognosset,
589 2711 665 2771 bene
685 2714 799 2773 meritis
820 2715 950 2791 praemia
964 2715 1019 2772 tri·

56 2793 174 2854 buisset
195 2828 230 2838 -·
254 2795 450 2871 cognoscendi
471 2798 548 2856 enim
569 2797 727 2855 maximam
747 2795 916 2855 facultatem
930 2793 1020 2854 babe-
1044 2805 1060 2856 t

57 2876 118 2946 bat,
135 2877 215 2954 quali
221 2880 345 2955 quisque
360 2879 464 2939 iuisset
479 2880 577 2940 animo
588 2880 619 2937 in
630 2877 1018 2948 totiusGalliaedeiectione,

58 2976 146 3036 quam
163 2963 345 3022 sustinuerat
358 2961 497 3021 fidelitate
518 2969 607 3037 atque
627 2960 742 3021 auxiliis
756 2962 925 3040 provinciae
939 2960 1018 3022 illius

60 3076 107 3112 -,
124 3042 170 3104 his
192 3046 334 3105 coniectis
355 3043 445 3105 rebus
467 3043 503 3104 ad
523 3044 655 3121 legiones
670 3046 702 3104 in
716 3042 852 3122 belgium
867 3062 899 3104 se
914 3046 1019 3123 recipit

10 3152 12 3158 ·
58 3124 255 3204 hibernatque
270 3128 517 3189 Nemetocennae.

121 3210 287 3272 lxxxvii.
319 3211 362 3271 lbi
380 3212 544 3288 cognoscit,
565 3211 728 3272 Commium
744 3211 913 3274 Atrebatem
929 3229 1017 3291 proe-
1040 3221 1051 3272 1

56 3293 96 3353 lio
112 3312 180 3354 cum
196 3296 327 3370 equitatu
347 3313 401 3355 suo
423 3293 618 3356 contendisse.
653 3295 728 3356 Nam
748 3313 815 3356 cnm
830 3296 972 3356 Antonius
986 3297 1017 3356 in

56 3376 180 3438 biberna
201 3379 344 3446 venisset,
372 3381 533 3456 civitasque
553 3377 727 3440 Atrebatum
755 3380 786 3439 in
812 3379 907 3439 officio
928 3387 1016 3447 esset,

56 3459 215 3529 Commius,
232 3464 282 3537 qui
296 3462 454 3542 postillam
469 3461 714 3534 vulnerationem,
731 3479 824 3543 quam
837 3481 934 3543 supra
945 3480 1028 3524 eom-
