2356 3870
128 221 167 283 16
448 221 486 278 DE
502 221 605 278 uento
621 220 759 278 cantito

127 386 303 446 rentissiuris
318 383 409 445 rebus
424 385 527 445 domos
542 402 610 444 suas
621 383 744 445 Helvetii
760 383 956 460 reliquissent,
971 387 1013 445 uti
1028 389 1081 446 toti

127 467 237 528 Galliae
253 467 364 529 bellum
378 468 524 531 inferrent
543 468 727 545 imperioque
741 466 1081 546 potirentur-locumque

126 549 273 612 domicilio
290 570 326 612 ex
340 567 445 629 magna
459 551 544 630 copia
558 550 734 628 deligerent,
758 567 844 627 quem
868 569 903 611 ex
919 553 999 612 omni
1015 553 1081 613 Gal·

125 632 165 693 lia
180 636 462 713 opportunissimum
477 652 511 694 ac
525 634 792 694 fructuosissimum
807 634 995 704 iudicassent,
1011 636 1081 696 reli·

94 721 258 793 dquasque
279 718 410 778 civitates
430 717 635 796 stipendiarias
654 716 806 778 haberent.
845 718 1011 788 Petierunt,
1039 721 1087 779 uti¹

125 799 182 860 sibi
197 801 354 861 concilium
368 802 458 861 totius
474 800 584 862 Galliae
602 802 633 860 in
653 800 731 861 diem
752 808 865 861 certam
883 800 1016 861 indicere
1036 802 1081 862 id·

127 899 184 958 que
200 883 332 945 Caesaris
349 883 495 944 voluntate
515 887 613 944 lacere
633 882 752 944 liceret:
775 901 841 944 sese
863 882 972 944 habere
993 901 1080 960 quas·

126 965 191 1026 dam
206 984 265 1037 res,
282 984 355 1044 quas
371 985 407 1027 ex
418 967 567 1027 communi
583 984 729 1027 consensu
744 966 780 1027 ab
793 984 828 1026 eo
843 976 947 1045 petere
962 967 1079 1028 vellent.

93 1053 110 1104 t
125 1049 166 1109 Ea
180 1067 214 1111 re
229 1052 373 1128 permIssa
385 1050 462 1110 diem
475 1049 599 1110 concilio
611 1052 827 1110 constituerunt
838 1057 868 1109 et
878 1051 1080 1120 iureiurando,

124 1149 162 1192 ne
178 1135 244 1209 quis
261 1135 440 1201 enuntiaret,
461 1134 518 1193 nisi
533 1132 640 1209 quibus
655 1134 804 1193 communi
824 1132 945 1194 consilio
960 1134 1081 1194 manda·

125 1222 189 1275 tum
204 1225 296 1284 esset,
313 1219 391 1277 inter
406 1233 437 1276 se
452 1224 623 1276 sanxerunt.

93 1301 106 1351 l
186 1297 287 1358 xxxi.
312 1299 354 1359 Eo
370 1297 494 1359 concilio
516 1297 635 1358 dinrisso
657 1298 736 1358 idem
755 1298 905 1377 principes
920 1299 1080 1368 civitatum,

125 1383 176 1457 qui
190 1390 258 1442 ante
272 1382 405 1450 inerant,
426 1380 462 1442 ad
478 1380 633 1441 Caesarem
653 1388 841 1442 reverterunt
860 1382 1080 1459 petieruntque,

124 1473 159 1523 ut
172 1463 230 1524 sibi
244 1472 360 1524 secreto
378 1461 565 1544 [inocculto]
581 1463 618 1524 de
634 1481 686 1524 sua
701 1465 892 1540 omniumque
905 1463 998 1526 salute
1013 1483 1081 1525 cum

92 1552 109 1601 2
125 1556 160 1606 eo
175 1565 263 1625 agere
277 1545 389 1608 liceret.
413 1548 455 1607 Ea
469 1563 503 1606 re
518 1548 673 1625 impetrata
688 1564 754 1607 sese
769 1565 873 1607 omues
888 1546 994 1608 ssantes
1009 1548 1080 1609 Cae·

124 1630 185 1690 sari
204 1629 240 1690 ad
259 1630 351 1709 pedes
371 1631 577 1709 proiecerunt:
600 1629 666 1690 Non
685 1632 783 1690 minus
803 1647 836 1690 se
856 1630 887 1689 ld
902 1630 1082 1692 contendere

126 1722 155 1772 et
168 1712 319 1781 laborare,
335 1730 373 1773 ne
389 1731 437 1782 ea,
461 1729 535 1789 quae
550 1712 708 1779 dixissent,
731 1713 971 1781 enuntiarentur,
993 1729 1082 1789 quam

25 1825 28 1831 ·
125 1797 168 1856 uti
183 1814 226 1866 ea,
241 1812 316 1872 quae
326 1795 444 1864 vellent,
457 1797 659 1874 impetrarent,
671 1801 831 1873 propterea
842 1795 931 1871 quod,
948 1796 973 1856 si
988 1814 1081 1856 enun·
1119 1843 1124 1857 .

124 1882 229 1940 tiatum
244 1885 332 1949 esset,
348 1896 496 1940 summum
510 1881 541 1938 in
556 1879 719 1938 cruciatum
734 1895 767 1938 se
781 1884 922 1938 venturos
937 1878 1080 1939 viderent

94 1965 111 2018 3
125 1962 255 2023 Locutus
270 1970 316 2022 est
329 1980 385 2040 pro
405 1961 452 2021 his
467 1961 624 2021 Divitiacus
637 1960 772 2022 deduus:
797 1959 906 2021 Galliae
926 1963 1018 2022 totius
1038 1961 1081 2021 le·

125 2046 238 2106 ctiones
253 2063 319 2106 esse
335 2044 423 2104 duas:
440 2043 545 2104 harum
562 2043 681 2105 alterius
697 2045 896 2123 principatum
912 2052 1015 2105 tencre
1026 2046 1081 2105 Ae·

93 2132 111 2182 4
124 2128 215 2199 duos,
236 2127 357 2189 alterius
372 2130 528 2189 Arvernos.
567 2127 604 2187 Hi
624 2145 691 2187 eum
706 2134 860 2206 tantopere
875 2126 912 2188 de
926 2134 1082 2205 potentatu

124 2214 204 2272 inter
219 2229 251 2272 se
266 2209 376 2271 multos
390 2228 482 2270 annos
503 2211 731 2278 contenderent,
753 2210 864 2271 lactum
885 2228 965 2280 esse,
986 2211 1030 2271 uti
1045 2209 1081 2270 ab

125 2296 265 2356 Arvernis
286 2293 490 2371 Sequanisque
512 2293 652 2354 Germani
678 2293 817 2354 mercede
846 2303 1080 2354 accerserentur.

93 2383 110 2434 5
125 2377 239 2438 Horum
254 2379 349 2455 primo
365 2378 482 2437 circiter
496 2376 577 2437 milia
591 2397 631 2440 xv
642 2376 779 2437 Rhenum
794 2379 948 2444 transisse:
964 2385 1081 2456 postea·

126 2478 214 2537 quam
230 2479 316 2538 agros
332 2466 361 2520 et
376 2459 488 2521 cultum
503 2467 533 2520 et
547 2461 646 2539 copias
661 2459 813 2520 Gallorum
828 2459 963 2521 homines
977 2461 1034 2520 leri
1049 2477 1083 2520 ac

126 2544 245 2605 barbari
259 2544 458 2614 adamassent,
479 2543 630 2604 traductos
644 2542 762 2622 plures;
786 2561 865 2604 nunc
886 2561 951 2604 esse
966 2545 999 2603 in
1014 2542 1082 2603 Gal·

93 2627 163 2688 tlia
178 2627 214 2688 ad
230 2635 349 2687 centum
365 2635 395 2687 et
413 2648 455 2688 xx
474 2625 588 2687 milium
607 2645 773 2692 numerum.
812 2627 884 2688 Cum
905 2625 951 2686 his
965 2625 1083 2688 Aeduos

127 2727 291 2788 eorumque
302 2709 425 2771 clientes
440 2709 533 2771 semel
548 2717 636 2786 atquc
650 2712 758 2770 iterum
774 2712 863 2771 aruris
878 2709 1081 2777 contendisse;

105 2811 263 2871 ‘magnam
282 2793 477 2855 calamitatem
498 2792 601 2872 pulsos
621 2795 784 2871 accepisse,
807 2811 925 2853 omnem
946 2791 1081 2853 nobilita·

95 2884 110 2932 7
126 2885 199 2947 tem,
216 2894 334 2937 omnem
349 2885 499 2945 senatum,
522 2894 640 2937 omnem
655 2878 817 2953 equitatum
831 2877 974 2937 amisisse.
1012 2875 1083 2946 Qui-

126 2960 183 3021 bus
197 2959 319 3039 proeliis
340 2959 613 3037 calamitatibusque
633 2960 758 3028 fractos,
781 2961 832 3035 qui
852 2969 883 3020 et
902 2976 955 3022 sua
974 2959 1084 3020 vlrtute

128 3052 157 3104 et
175 3041 279 3122 populi
293 3043 418 3104 Romani
436 3043 564 3123 hospitio
586 3051 675 3120 atque
694 3043 820 3103 amicitia
839 3042 1001 3122 plurimum
1016 3051 1083 3102 ante

125 3129 157 3187 in
172 3125 265 3186 Gallia
286 3127 465 3204 potuissent,
486 3135 603 3188 coactos
624 3144 689 3187 esse
710 3125 854 3202 Sequanis
875 3125 993 3187 obsides
1012 3125 1084 3186 dare
1120 3186 1124 3190 .

126 3208 325 3270 nobilissimos
341 3211 465 3270 civitatis
481 3218 510 3271 et
526 3209 716 3272 iureiurando
728 3210 874 3270 civitatem
885 3209 1082 3287 obstringere,

127 3310 193 3352 sese
213 3309 311 3369 neque
331 3293 449 3354 obsides
469 3296 650 3374 repetituros
670 3310 768 3370 neque
783 3293 926 3354 auxilium
940 3311 958 3352 a
972 3291 1083 3372 populo

127 3375 259 3437 Romano
274 3376 474 3455 inploraturos
489 3395 586 3455 neque
600 3384 806 3446 recusaturos,
827 3394 885 3453 quo
901 3378 998 3437 minus
1012 3394 1081 3455 per-

94 3467 111 3517 o
126 3466 216 3538 petuo
227 3457 283 3521 sub
297 3460 417 3523 illorum
432 3461 548 3524 dicione
563 3471 651 3539 atque
661 3461 787 3540 imperio
804 3470 912 3522 essent.
936 3460 1033 3521 Unum
1049 3477 1082 3520 se
