2356 3870
239 229 352 288 COMM.
367 232 415 286 III.
444 231 520 287 cAP.
535 232 848 288 LXXXH-LXXXVI.
964 227 1028 293 109

63 397 220 465 effectum,
242 403 275 456 ut
296 399 429 476 equitum
449 396 531 457 mille
552 399 641 459 etiam
661 398 861 478 apertioribus
880 397 955 460 locis
973 410 1025 461 vn

63 482 181 543 milium
196 480 443 560 Pompeianorum
458 481 601 559 inpetum,
619 500 684 542 oum
701 483 817 543 adesset
831 501 912 551 usus,
935 485 1024 543 susti·

63 584 138 627 nere
154 564 299 625 auderent
319 583 415 644 neque
429 582 609 645 magnopere
630 584 734 626 eornm
752 567 942 627 multitudine
962 573 1024 627 ter-

63 657 215 711 rerentur.
249 648 382 727 Namque
404 651 493 709 etiam
512 668 568 729 per
590 668 641 710 eos
659 650 724 711 dies
744 651 892 728 proelium
916 658 1050 711 secun-⁶

63 735 135 795 dnm
157 738 296 813 equestre
318 734 391 793 fecit
412 740 500 812 atque
522 751 613 794 nuum
634 732 821 811 Allobrogem
841 752 876 794 ex
898 733 1023 805 dnobus,

62 835 141 898 qnos
155 818 322 897 perfugisse
338 816 374 876 ad
390 816 563 895 Pompeium
579 835 669 896 snpra
682 817 851 887 docuimus,
875 835 942 878 cum
957 822 1025 897 qui·

63 901 192 963 busdam
207 902 370 961 interfecit.

127 985 270 1047 LXXXV.
300 985 469 1063 Pompeius,
490 987 542 1063 qui
563 992 660 1046 castra
680 987 713 1046 in
729 984 802 1046 colle
824 983 962 1055 habebat,
985 986 1049 1046 adt
1093 1010 1105 1023 κ

64 1071 183 1131 infimas
202 1068 321 1129 radices
339 1071 450 1130 montis
465 1071 559 1130 aciem
578 1069 757 1138 instruebat,
779 1087 906 1148 semper,
926 1077 961 1130 ut
979 1073 1023 1130 vi·

64 1153 201 1222 debatur,
226 1161 394 1231 expectans,
415 1155 441 1214 si
461 1155 573 1233 iniquis
595 1154 669 1214 locis
682 1154 791 1215 Caesar
812 1172 843 1214 se
859 1152 1022 1215 subiceret.

63 1238 176 1300 Caesar
195 1237 275 1297 nnlla
299 1240 414 1298 ratione
434 1237 470 1298 ad
496 1255 625 1317 pugnam
647 1237 715 1298 elici
740 1255 827 1317 posse
847 1237 1051 1317 Pompeium

65 1321 239 1383 existimans
259 1321 336 1381 hanc
356 1321 414 1382 sibi
435 1322 705 1383 commodissimam
725 1321 797 1382 belli
817 1323 963 1383 rationem
977 1324 1023 1382 iu-

64 1406 191 1474 dicavit,
214 1405 258 1464 uti
278 1412 374 1465 castra
395 1424 430 1465 ex
451 1424 486 1466 eo
513 1405 576 1466 loco
596 1413 730 1467 moveret
749 1423 925 1484 semperque
946 1412 1025 1466 esset

64 1491 98 1551 in
112 1488 289 1558 itineribus,
311 1489 385 1550 baec
400 1496 553 1568 spectans,
575 1497 609 1550 nt
627 1490 782 1551 movendis
802 1492 909 1550 castris
928 1489 1023 1568 pluri·

64 1573 182 1653 busque
198 1573 342 1634 adeundis
356 1574 431 1633 locis
445 1574 645 1635 commodiore
661 1592 694 1633 re
715 1575 1029 1634 frumentaria.utere·.
1095 1637 1097 1642 ,

65 1666 125 1728 tur,
142 1657 287 1736 simulque
303 1659 334 1717 in
349 1659 459 1717 itinere
475 1665 508 1716 ut
522 1658 650 1736 aliquam
663 1659 849 1717 occasionem
864 1656 1024 1717 dimicandi
1095 1672 1096 1678 ’

64 1744 290 1803 nancisceretur
306 1749 336 1801 et
351 1741 503 1823 insolitum
519 1741 555 1802 ad
571 1740 704 1802 laborem
719 1741 843 1819 Pompei
854 1742 1024 1801 exercitum

62 1826 224 1887 cotidianis
244 1825 406 1886 itineribus
422 1825 611 1902 defatigaret.
652 1825 706 1886 His
725 1826 895 1885 constitutis
919 1822 1050 1894 rebuse

65 1913 153 1988 signo
167 1912 226 1970 iam
241 1910 436 1988 profectionis
451 1909 519 1970 dato
540 1908 799 1988 tabernaculisque
814 1909 946 1969 detensis
960 1911 1023 1968 ani·
1138 1928 1142 1932 ·

65 1994 255 2056 madversnm
271 2000 331 2063 est,
353 1993 523 2081 panlqante
543 2001 626 2053 extra
641 1994 819 2054 cotidianam
835 1993 1024 2054 consuetudi·

65 2097 135 2140 nem
156 2078 274 2155 longius
295 2097 311 2139 a
334 2077 406 2138 vallo
422 2096 487 2138 esse
508 2079 602 2138 aciem
620 2078 744 2158 Pompei
765 2095 971 2156 progressam,
992 2084 1025 2137 ut

64 2181 126 2223 non
146 2164 249 2240 iniquo
269 2161 335 2222 loco
355 2180 442 2240 posse
464 2163 602 2223 dimicari
621 2163 783 2223 videretur.
818 2161 903 2222 Tunc
918 2162 1052 2223 Caesard

65 2246 146 2325 apud
161 2264 239 2316 suos,
256 2263 323 2305 cum
339 2247 403 2305 iam·
414 2253 493 2306 esset
507 2263 613 2324 agmen
627 2249 660 2307 in
677 2249 782 2325 portis,
802 2241 1025 2324 Differentiam

65 2331 120 2404 est,
131 2332 237 2409 inquit,
253 2327 313 2390 iter
326 2327 363 2390 iu
371 2329 554 2408 proesmtia
567 2327 657 2392 nobis
667 2331 696 2392 et
709 2328 746 2392 de
754 2327 874 2409 proelio
887 2327 1024 2409 cogitan-

65 2415 142 2488 tum,
157 2412 238 2475 sieut
250 2429 369 2492 semper
383 2411 621 2492 depoposeimus.
656 2410 776 2474 Animo
795 2412 894 2474 simos
914 2411 958 2474 ad
977 2411 1025 2474 di·

64 2495 250 2559 minandum
257 2495 390 2578 parati·
403 2514 468 2558 nou
477 2495 571 2574 facile
581 2496 770 2560 oecumenem
774 2498 884 2576 postea
894 2494 1025 2575 reperie-
1077 2508 1079 2512 ⁴

64 2597 154 2644 mus:
168 2583 384 2661 confestimque
405 2582 559 2660 expeditas
573 2585 676 2661 copias
691 2582 802 2642 educit.

130 2664 285 2726 LXXXVI.
316 2665 475 2744 Pompeius
490 2683 616 2744 quoque,
638 2673 673 2726 ut
685 2674 788 2744 postea
803 2666 954 2742 cognitum
969 2671 1024 2734 est,
1037 2674 1050 2722 1
1091 2694 1094 2699 ·

66 2767 189 2810 suorum
202 2751 333 2809 omnium
345 2749 465 2809 hortatu
477 2756 620 2810 statuerat
630 2751 744 2828 proelio
752 2749 916 2810 decertare.
936 2748 1025 2808 Nam·

66 2850 127 2913 que
144 2834 233 2893 etiam
249 2835 280 2893 in
296 2833 421 2893 consilio
437 2831 644 2911 superioribus
659 2833 765 2893 diebus
779 2832 903 2899 dixerat,
927 2834 1027 2909 prins·
1064 2846 1066 2851 ·

66 2935 157 2996 qnam
173 2924 387 2977 concurrerent
403 2919 492 2986 acies,
508 2918 572 2977 fore
588 2919 632 2977 uti
648 2919 797 2977 exercitus
812 2915 947 2977 Caesaris
963 2915 1026 2994 pel·

66 3000 190 3061 leretnr.
216 3000 248 3061 ld
261 3019 327 3061 curn
340 3006 440 3062 essent
452 3001 589 3080 plerique
602 3001 751 3069 admirati,
763 2996 834 3061 Seio
848 3015 905 3074 me,
916 2998 1052 3078 inquitt

61 3100 166 3165 paene
178 3081 392 3146 incredibilem
405 3101 472 3146 rem
484 3082 645 3164 polliceri;
664 3082 719 3146 sed
735 3082 891 3146 rationem
904 3079 1028 3144 emsilii

66 3166 129 3230 mei
143 3166 279 3247 scopite,
294 3185 353 3246 quo
367 3165 507 3248 firmiore
522 3167 629 3230 animo
643 3167 680 3231 iu
687 3165 845 3247 proelium
854 3165 1025 3248 prodeatis.

68 3246 222 3314 Persuasi
237 3251 390 3330 equitibus
403 3251 528 3329 uostris,
549 3251 643 3331 idque
659 3249 739 3313 miii
756 3249 898 3330 foderos
911 3250 1054 3330 confla-s

67 3337 241 3412 moverunt,
257 3338 301 3412 ut,
317 3354 387 3398 eum
395 3336 530 3416 propius
544 3334 586 3398 sit
605 3352 768 3410 accessum,
791 3333 934 3398 dextrum
950 3331 1026 3397 an-

66 3417 152 3482 sarie
172 3436 269 3482 cornu
289 3418 328 3483 ab
350 3418 444 3482 latere
465 3422 572 3499 aperto
587 3418 830 3499 adgrederentur
850 3420 880 3480 ei
897 3416 1029 3479 mcum-
1103 3420 1105 3424 ‘

67 3503 161 3566 cereto
175 3501 216 3566 ob
230 3505 313 3584 tergo
327 3502 395 3566 acie
405 3502 504 3584 prius
517 3502 748 3587 perturbatum
763 3501 942 3570 mmmmm
954 3497 1053 3580 poue-
1113 3531 1116 3536 -
