2356 3870
248 241 462 298 ORATIONES.
490 243 589 297 LIBRI
602 241 652 300 DE
666 242 862 300 ANALOGIA.
978 237 1038 303 125

115 394 168 453 ΒΕ
191 392 398 454 ANALOGIA
421 394 476 453 ΑΙ)
499 396 538 454 Μ.
563 395 742 455 TULLIUM
765 394 994 457 CICERONEM

446 483 554 541 LIBRI
576 482 666 542 ouo.

339 561 382 631 [A.
401 561 435 615 u
455 561 483 617 o.
502 561 775 633 normarum]

142 654 255 714 Sueten.
270 655 309 712 D.
323 656 382 713 Iol.
399 657 449 714 56.
458 656 530 714 mod.
563 655 694 731 Reliquit
708 659 739 715 et
752 657 789 715 de
802 656 950 733 Analogia
963 657 1038 717 duos

77 744 168 802 libros
192 747 223 802 et
244 742 437 802 Anticatones
460 743 584 802 totidem
598 762 632 803 ac
653 747 807 819 praeterea
819 754 936 820 poema,
960 746 1039 821 quod

76 832 247 890 inscribitur
269 831 339 890 Iter.
385 829 517 900 Quorum
543 828 688 891 librorum
712 833 823 908 primos
851 834 882 891 in
909 834 1039 893 transitu

75 920 211 993 Alpium,
244 938 311 978 cum
337 938 373 978 ex
400 919 536 978 citeriore
562 918 660 979 Gallia
689 921 881 980 conventibus
912 922 1038 997 peractis

75 1009 114 1065 ad
137 1007 298 1066 exercitum
320 1007 443 1081 rediret,
466 1010 622 1083 sequentes
646 1010 701 1068 sub
727 1012 844 1084 tempus
867 1009 1038 1069 Mundensis

75 1095 182 1172 proelii
204 1096 287 1169 facit,
312 1096 519 1168 novissimum,
546 1096 618 1154 dum
644 1099 682 1157 ab
709 1098 783 1157 urbe
810 1098 842 1156 in
864 1097 1040 1172 Hispaniam

77 1184 249 1242 ulteriorem
271 1186 377 1259 quarto
400 1187 431 1243 et
452 1184 611 1243 vicensimo
635 1185 683 1244 die
704 1186 848 1261 pervonib

144 1271 261 1345 Quintil.
288 1271 362 1331 last.
387 1271 436 1330 Or.
459 1271 488 1339 I,
513 1275 541 1345 7,
566 1274 616 1332 34.
652 1273 701 1331 An
723 1274 790 1333 ideo
813 1274 910 1333 minor
932 1276 978 1334 est
998 1273 1037 1334 M.

77 1359 194 1417 Tullius
221 1362 333 1432 orator,
361 1361 439 1435 quod
468 1359 531 1418 -P
559 1364 612 1419 aut
637 1362 699 1420 vim
728 1361 759 1420 C.
783 1360 917 1422 Caesaris
944 1363 1039 1438 frege-

77 1450 148 1505 runt
171 1447 243 1505 editi
265 1448 301 1506 de
324 1447 461 1524 analogia
483 1447 571 1508 libri?
902 1520 905 1524 Ι

145 1536 256 1595 Fronto
281 1554 314 1609 p.
340 1538 412 1595 203.
436 1538 478 1596 cd.
500 1537 584 1595 Rom.
630 1537 689 1597 Fac
719 1539 889 1598 memineris
916 1541 947 1598 et
973 1558 1040 1599 cum

76 1624 175 1682 animo
198 1626 250 1681 tuo
274 1624 398 1699 cogites,
427 1621 458 1682 C.
482 1622 638 1683 Caesarem
660 1626 843 1686 atrocissimo
870 1626 948 1687 bello
972 1625 1039 1686 Gal·

79 1712 135 1769 lico
158 1730 224 1769 cum
246 1712 306 1769 alia
328 1713 422 1769 multa
445 1712 586 1770 militaria
608 1715 673 1771 tum
696 1715 785 1772 etiam
808 1715 882 1773 duos
912 1714 949 1774 de
971 1732 1040 1773 ana-

78 1799 159 1874 logia
181 1799 272 1858 libros
295 1800 565 1875 scrupulosissimae
588 1801 753 1876 scripsisse,
774 1802 853 1861 inter
866 1803 927 1861 tela
940 1802 1040 1862 volan·

79 1887 122 1944 tia
144 1887 180 1946 de
202 1888 369 1947 nominibus
392 1888 586 1963 declinandis,
613 1888 649 1947 de
676 1891 834 1950 verborum
856 1890 1039 1966 aspirationi·

80 1975 135 2034 bus
158 1979 189 2034 et
211 1976 376 2036 rationibus
398 1975 477 2036 inter
499 1977 621 2036 classica
643 1979 674 2036 et
696 1979 793 2038 tubas.

335 2057 394 2144 (Cf.
408 2063 498 2125 Anat.
519 2065 638 2125 Vacca
647 2083 680 2140 p.
696 2059 784 2146 511.)

460 2178 540 2214 aman
557 2179 660 2216 ramus.

149 2248 207 2308 cu.
225 2249 313 2308 Brut.
334 2251 385 2324 72,
405 2249 466 2306 253
508 2245 635 2307 Atticus:
655 2277 697 2288 -
715 2245 767 2322 qui
785 2245 876 2304 etiam
894 2247 926 2304 in
943 2249 1034 2311 maxi·

81 2336 140 2395 mis
161 2335 403 2411 occupationibus
418 2353 485 2394 cum
499 2335 537 2393 ad
550 2337 582 2393 te
600 2334 699 2410 ipsum
718 2332 749 2408 [i.
764 2352 790 2396 e.
804 2333 981 2412 Ciceronem]
990 2369 1034 2384 —

84 2425 123 2482 de
146 2424 260 2483 ratione
279 2423 385 2482 Latine
403 2421 544 2498 loquendi
562 2420 785 2480 accuratissime
804 2422 957 2498 scripserit
974 2425 1034 2500 pri.

79 2530 192 2587 ,moqus
206 2512 238 2569 in
251 2511 328 2569 libro
343 2510 460 2582 dixerit,
473 2509 634 2569 verborum
647 2507 795 2567 delectum
809 2509 955 2585 originem
968 2529 1033 2577 csse

81 2598 284 2674 eloquentiae,
304 2598 504 2673 tribueritque
524 2627 563 2638 -
584 2595 653 2655 huic
672 2599 776 2656 nostro
798 2594 831 2672 [i.
843 2596 1033 2679 e.Ctocroat],
1147 2663 1150 2668 ,

84 2686 136 2760 qui
155 2705 202 2744 me
221 2685 257 2744 de
275 2686 328 2744 illo
345 2686 452 2745 maluit
470 2703 560 2762 quam
578 2703 611 2744 se
629 2683 739 2758 dicere,
761 2684 881 2744 laudem
903 2688 1034 2765 singula.

83 2792 161 2831 rem:
184 2791 254 2831 nam
277 2773 397 2849 scripsit
418 2773 465 2832 his
487 2773 601 2846 verbis,
624 2791 691 2833 cum
713 2772 792 2831 hunc
813 2773 932 2833 nomine
954 2780 1034 2838 esset

81 2861 217 2919 adfatus:
240 2859 287 2920 Ac
303 2865 343 2929 st,
360 2866 395 2920 ut
411 2863 534 2934 capitata
544 2861 701 2935 praeclare
718 2860 810 2933 eloqui
821 2866 952 2935 possent,
974 2882 1033 2925 oca

82 2950 160 3008 nolti
182 2950 276 3009 studio
299 2954 326 3009 ot
347 2967 404 3009 usa
427 2950 658 3015 elaboraverant,
683 2949 765 3008 cutus
789 2952 815 3007 tc
832 2966 928 3024 poene
946 2955 1032 3027 prta·

83 3039 175 3111 cipem
198 3039 296 3112 copiae
319 3041 403 3111 utque
424 3039 597 3096 incentorem
621 3037 690 3096 bene
707 3036 742 3096 de
758 3038 872 3097 comice
889 3056 925 3099 oc
941 3042 1034 3115 dmi·

82 3130 139 3184 tote
161 3127 267 3202 populi
293 3125 422 3186 Romani
449 3127 583 3185 moritum
614 3140 674 3184 esec
704 3126 867 3185 existimare
892 3128 1032 3199 debemus,

80 3215 156 3274 tuac
182 3216 299 3289 facilem
327 3217 353 3273 ct
379 3215 554 3274 cotidianam
579 3215 692 3283 occisso
717 3229 875 3274 sermonem
890 3232 1032 3294 nmwprc

82 3303 180 3362 relicto
202 3308 244 3363 est
264 3304 433 3363 babendum.

148 3389 221 3450 cett.
235 3391 317 3450 Noct.
331 3390 392 3450 Att.
406 3391 436 3458 I,
452 3392 502 3466 10,
516 3392 545 3450 4.
570 3389 656 3460 Quod
668 3407 687 3448 a
701 3388 733 3449 0.
748 3390 876 3452 Caesare
891 3392 923 3452 in
936 3395 1031 3470 primo

81 3476 117 3535 de
141 3479 281 3554 analogia
307 3479 384 3539 libro
412 3478 556 3556 scriptum
583 3474 646 3539 est:
687 3477 775 3540 Hote
797 3497 909 3554 semper
933 3485 971 3537 aa
990 3497 1051 3534 rue-

80 3568 175 3624 mcrta
195 3571 281 3638 atque
296 3568 329 3626 tn
343 3571 476 3642 pectore,
495 3573 529 3631 ut
546 3573 706 3647 tuaquom
725 3569 888 3645 scopatum
906 3566 954 3623 sao
970 3561 1081 3629 pipam
