2356 3870
291 233 405 292 sonu.
420 237 467 291 111.
489 236 565 294 car.
579 235 759 296 xvir-un
966 231 1008 302 'tt

59 407 147 475 :atum
161 400 199 462 ad
216 401 311 479 ripam
326 403 421 480 ipsam
437 402 584 471 fluminis,
601 406 654 483 qui
670 423 719 473 ea,
735 416 811 484 quae
826 406 954 466 maxime
969 407 1007 468 ad

59 503 149 546 tacem
165 487 318 565 pertinere
334 486 518 556 viderentur,
534 496 637 564 ageret
651 497 682 548 et
696 488 803 549 crebro
819 507 924 568 magna
936 508 1006 550 voce

59 572 272 638 trouuntiaret,
294 570 438 631 liceretne
459 571 575 632 civibus
596 573 634 633 ad
648 575 729 634 cives
744 573 780 633 de
795 592 868 652 pace
885 581 949 634 tuto
964 574 1005 634 le·

59 660 130 727 :atos
156 656 292 722 mittere,
319 655 397 732 quod
424 656 514 715 etiam
541 657 675 734 fugitivis
699 656 736 717 ab
757 656 833 718 saltu
855 658 1006 735 Pyrenaeo

59 736 306 816 »raedontbusque
321 738 470 808 licuisset,
492 742 670 818 praesertim
685 759 752 800 cnm
767 742 798 801 id
814 750 951 819 agerent,
968 760 1005 802 ne

59 823 127 882 ires
147 840 214 882 cum
235 820 349 883 civibus
370 825 463 883 armis
482 823 687 885 decertarent?
716 824 807 885 Multa
828 827 1032 904 supplicitera

59 913 163 966 ocutus
183 914 243 976 est,
265 915 299 966 ut
319 907 354 966 de
371 924 424 967 sua
438 913 526 988 atque
541 910 673 970 omnium
688 908 782 969 salute
798 907 942 978 debebat.
965 913 1004 970 si·
1077 912 1081 923 ’

59 992 197 1071 eutioque
218 990 255 1051 ab
275 994 410 1069 utrisque
430 992 577 1052 militibus
597 993 725 1054 auditus.
754 993 939 1073 Responsum
960 1002 1033 1054 este

59 1073 84 1137 b
100 1074 193 1135 altera
208 1083 307 1153 parte,
329 1075 436 1136 Aulum
452 1075 614 1136 Varronem
628 1078 777 1155 profiteri,
800 1096 832 1138 se
849 1078 941 1138 altera
957 1078 1005 1138 die

59 1158 83 1219 id
104 1158 293 1236 conloquium
313 1168 471 1220 venturum
491 1167 578 1238 atque
593 1161 718 1222 eundem
732 1163 880 1230 visurum,
903 1180 1005 1242 quem·

59 1242 204 1304 idmodum
225 1251 289 1303 tuto
309 1243 399 1320 legati
419 1245 523 1305 venire
542 1252 586 1313 et,
613 1263 689 1323 quae
708 1245 831 1314 vellent,
857 1264 1005 1324 exponere

59 1335 182 1397 »osseum
197 1337 371 1407 certumque
387 1329 415 1388 ei
430 1330 476 1388 rei
491 1335 609 1408 tempus
623 1331 826 1390 constituitur.
859 1328 922 1399 Quo
937 1337 1032 1390 cumo

59 1420 128 1472 sset
142 1419 261 1490 postero
276 1412 325 1472 die
336 1419 466 1481 ventum,
481 1430 588 1489 magna
603 1415 752 1490 utrimque
764 1414 924 1475 multitudo
935 1432 1005 1474 con·

59 1497 145 1564 enit,
165 1513 329 1573 magnaque
345 1503 410 1556 erat
424 1498 590 1574 expectatio
605 1499 669 1557 eius
684 1500 745 1565 rei,
767 1506 855 1578 atque
873 1501 1006 1559 omnium

59 1580 139 1641 mimi
155 1581 263 1640 intenti
278 1599 343 1640 esse
359 1580 395 1639 ad
410 1598 514 1658 pacem
528 1579 713 1641 videbantur.
736 1579 800 1650 Qua
815 1600 851 1642 ex
865 1583 1033 1660 frequen-6

59 1666 88 1725 ia
104 1663 190 1724 Titus
206 1663 355 1724 Labienus
370 1664 484 1742 prodit,
501 1664 553 1724 sed
568 1666 659 1724 missa
674 1666 808 1725 oratione
823 1666 860 1726 de
875 1683 947 1744 pace
963 1666 1005 1725 lo·

59 1749 99 1828 qui
120 1745 199 1809 elate
219 1757 308 1823 atque
328 1749 467 1809 altercari
488 1766 556 1807 cum
576 1748 693 1808 Vatinio
713 1750 827 1827 incipit.
871 1747 1031 1818 Quorumt

59 1831 176 1894 nediam
198 1835 362 1893 orationem
383 1835 606 1910 interrumpunt
626 1831 726 1892 subito
740 1833 872 1912 undique
887 1832 945 1893 tela
960 1835 1006 1892 in·

59 1919 154 1986 uissa;
170 1934 247 1994 quae
261 1917 310 1977 ille
322 1916 459 1977 obtectus
471 1918 563 1976 armis
574 1915 701 1976 militum
713 1918 833 1986 vitavit3
848 1917 1006 1977 vulneran-

59 2019 97 2063 ur
111 2008 211 2060 tamen
226 2001 404 2079 complures,
421 2002 453 2060 in
467 2000 515 2060 his
529 2000 684 2062 Cornelius
697 2000 816 2068 Balbus,
832 2000 871 2060 M.
883 2000 1005 2068 Plotius,

59 2085 80 2146 4.
97 2083 270 2153 Tiburtius,
291 2086 483 2145 centuriones
498 2085 667 2162 militesque
682 2084 827 2145 nonnulli.
860 2084 936 2144 Tum
951 2085 1034 2145 [ει-8

59 2171 171 2230 lienus:
187 2164 331 2230 Desinite
345 2185 415 2247 erqo
431 2167 468 2230 de
481 2167 697 2247 compositione
711 2166 813 2246 loqui:
827 2185 905 2230 acm
918 2165 1008 2230 nobis

59 2251 113 2316 sesi
129 2248 276 2314 Caesaris
291 2250 391 2331 eapite
404 2250 501 2314 relato
510 2269 581 2330 pac
595 2269 658 2314 esse
670 2249 761 2314 acilo
769 2253 878 2330 potest.

112 2336 178 2398 XX.
214 2336 311 2397 isdem
341 2336 526 2414 temporibus
554 2336 592 2397 M.
618 2336 735 2398 Coelius
762 2337 857 2397 Rufus
886 2344 1033 2416 praetori

59 2439 139 2484 :ausa
150 2420 319 2482 debitorum
331 2430 469 2499 suscepta
480 2422 568 2481 initio
578 2423 769 2497 magistratus
779 2420 911 2481 tribunal
922 2437 1009 2492 suum

59 2513 133 2567 uxta
148 2506 179 2567 C.
192 2505 331 2574 Treboni,
348 2506 495 2583 praetoris
509 2503 626 2573 urbani,
642 2504 744 2565 sellam
758 2504 912 2564 collocavit
925 2510 966 2572 et,
983 2506 1008 2563 si

59 2591 118 2671 puis
134 2589 339 2668 appellavisset
354 2589 390 2648 de
406 2591 609 2650 aestimatione
621 2589 700 2648 etde
712 2586 916 2657 solutionibus,
933 2605 1009 2667 quae

59 2692 105 2736 >er
118 2672 264 2734 arbitrum
276 2674 391 2741 tierent,
408 2682 440 2733 ut
451 2673 559 2734 Caesar
570 2689 712 2752 praesens
723 2673 928 2740 constituerat,
945 2673 1009 2732 lore

59 2757 161 2820 auxilio
176 2757 381 2836 pollicebatur.
412 2756 470 2817 Sed
492 2756 581 2817 tiebat
601 2759 749 2835 aequitate
770 2756 884 2817 decreti
904 2763 935 2815 et
955 2756 1037 2815 hut

59 2844 192 2904 uanitate
209 2840 355 2910 Treboni,
378 2842 428 2916 qui
449 2840 497 2900 bis
518 2839 705 2919 temporibus
726 2838 888 2899 clementer
903 2846 932 2898 et
947 2856 1010 2897 mo·

59 2927 153 2988 locate
169 2928 216 2986 ius
231 2926 388 2986 dicendum
404 2924 603 2993 existimabat,
618 2931 651 2983 ut
665 2924 795 3002 reperiri
805 2941 864 2984 non
880 2929 1009 3001 possent,

59 3029 68 3070 ι
84 3010 192 3089 quibus
205 3011 324 3070 initium
341 3009 508 3088 appellandi
523 3015 707 3068 nasceretur.
737 3007 811 3067 Nam
822 3008 947 3067 fortasse
962 3008 1036 3067 ἱππ-3

59 3096 149 3175 opiam
177 3112 319 3155 excusare
346 3103 375 3154 et
397 3094 595 3154 calamitatem
615 3099 666 3153 aut
685 3093 837 3171 propriam
858 3109 941 3173 suam
961 3099 1012 3151 aut

59 3197 219 3259 temporum
247 3180 333 3258 queri
359 3184 390 3238 et
413 3178 602 3238 difficultates
627 3177 817 3237 auctionandi
843 3193 1011 3255 proponere

59 3265 140 3324 etiam
160 3264 321 3324 mediocris
342 3271 387 3322 est
406 3264 514 3332 animi;
539 3264 672 3338 integras
691 3279 761 3320 vero
776 3268 879 3321 tenere
895 3279 1010 3340 posses·

59 3349 161 3417 tiones,
178 3351 228 3427 qui
244 3366 276 3407 se
293 3346 402 3407 debere
417 3348 577 3424 fateantur,
593 3348 680 3406 cuius
694 3347 787 3406 animi
802 3353 853 3406 aut
867 3347 952 3407 cuius
965 3347 1011 3405 in·

59 3432 210 3513 pudentiae
226 3432 289 3492 esti
322 3430 438 3511 ltaque,
460 3431 516 3492 boc
538 3433 589 3510 qui
603 3429 782 3510 postularet,
803 3429 1039 3510 reperiebaturt
1066 3432 1070 3438 '

59 3535 151 3578 nemo.
190 3519 286 3596 Atque
304 3518 392 3595 ipsis,
416 3515 452 3578 ad
474 3534 602 3599 quorum
624 3515 822 3581 commodum
838 3511 1035 3596 pertimebat.
