<?xml version="1.0" encoding="UTF-8"?>
<!DOCTYPE html PUBLIC "-//W3C//DTD XHTML 1.0 Transitional//EN"
    "http://www.w3.org/TR/xhtml1/DTD/xhtml1-transitional.dtd">
<html xmlns="http://www.w3.org/1999/xhtml" xml:lang="en" lang="en">
 <head>
  <title>
</title>
<meta http-equiv="Content-Type" content="text/html;charset=utf-8" />
  <meta name='ocr-system' content='tesseract 3.04.00' />
  <meta name='ocr-capabilities' content='ocr_page ocr_carea ocr_par ocr_line ocrx_word'/>
</head>
<body>
  <div class='ocr_page' id='page_1' title='image "./commentariicuma00caesgoog_0398.png"; bbox 0 0 2356 3870; ppageno 0'>
   <div class='ocr_carea' id='block_1_1' title="bbox 357 199 1057 264">
    <p class='ocr_par' dir='ltr' id='par_1_1' title="bbox 357 199 1057 264">
     <span class='ocr_line' id='line_1_1' title="bbox 357 199 1057 264; baseline 0.004 -3"><span class='ocrx_word' id='word_1_1' title='bbox 357 202 433 261; x_wconf 77' lang='lat' dir='ltr'>cnP.</span> <span class='ocrx_word' id='word_1_2' title='bbox 447 203 757 261; x_wconf 83' lang='lat' dir='ltr'>XXXII-XXXVIIII.</span> <span class='ocrx_word' id='word_1_3' title='bbox 1015 199 1057 264; x_wconf 83' lang='lat'>63</span> 
     </span>
    </p>
   </div>
   <div class='ocr_carea' id='block_1_2' title="bbox 78 352 1138 3523">
    <p class='ocr_par' dir='ltr' id='par_1_2' title="bbox 91 352 1096 686">
     <span class='ocr_line' id='line_1_2' title="bbox 91 352 1096 436; baseline -0.003 -22"><span class='ocrx_word' id='word_1_4' title='bbox 91 353 261 436; x_wconf 90' lang='lat' dir='ltr'>praealtum</span> <span class='ocrx_word' id='word_1_5' title='bbox 284 352 365 414; x_wconf 91' lang='lat' dir='ltr'>velut</span> <span class='ocrx_word' id='word_1_6' title='bbox 388 354 499 415; x_wconf 78' lang='lat' dir='ltr'><strong>theatri</strong></span> <span class='ocrx_word' id='word_1_7' title='bbox 527 355 622 415; x_wconf 78' lang='lat' dir='ltr'>elficit</span> <span class='ocrx_word' id='word_1_8' title='bbox 649 355 791 433; x_wconf 88' lang='lat' dir='ltr'>speciem.</span> <span class='ocrx_word' id='word_1_9' title='bbox 840 354 874 414; x_wconf 93' lang='lat' dir='ltr'>ln</span> <span class='ocrx_word' id='word_1_10' title='bbox 900 354 958 415; x_wconf 92' lang='lat' dir='ltr'>hoc</span> <span class='ocrx_word' id='word_1_11' title='bbox 986 356 1096 431; x_wconf 75' lang='lat' dir='ltr'>lugon</span> 
     </span>
     <span class='ocr_line' id='line_1_3' title="bbox 93 437 1056 517; baseline 0.001 -18"><span class='ocrx_word' id='word_1_12' title='bbox 93 438 187 500; x_wconf 92' lang='lat' dir='ltr'>colles</span> <span class='ocrx_word' id='word_1_13' title='bbox 217 445 287 497; x_wconf 91' lang='lat' dir='ltr'>sunt</span> <span class='ocrx_word' id='word_1_14' title='bbox 315 438 429 498; x_wconf 81' lang='lat' dir='ltr'>excelsi</span> <span class='ocrx_word' id='word_1_15' title='bbox 457 441 562 517; x_wconf 89' lang='lat' dir='ltr'>pauci,</span> <span class='ocrx_word' id='word_1_16' title='bbox 591 441 623 498; x_wconf 92' lang='lat' dir='ltr'>in</span> <span class='ocrx_word' id='word_1_17' title='bbox 652 438 762 517; x_wconf 80' lang='lat' dir='ltr'>qulbus</span> <span class='ocrx_word' id='word_1_18' title='bbox 791 437 927 516; x_wconf 82' lang='lat' dir='ltr'>singulae</span> <span class='ocrx_word' id='word_1_19' title='bbox 955 447 1056 500; x_wconf 91' lang='lat' dir='ltr'>turres</span> 
     </span>
     <span class='ocr_line' id='line_1_4' title="bbox 94 522 1055 601; baseline 0.001 -19"><span class='ocrx_word' id='word_1_20' title='bbox 94 522 293 601; x_wconf 80' lang='lat' dir='ltr'>speculaeque</span> <span class='ocrx_word' id='word_1_21' title='bbox 315 522 450 598; x_wconf 82' lang='lat' dir='ltr'>singulae</span> <span class='ocrx_word' id='word_1_22' title='bbox 473 529 644 601; x_wconf 79' lang='lat' dir='ltr'>perveteres</span> <span class='ocrx_word' id='word_1_23' title='bbox 667 529 752 582; x_wconf 89' lang='lat' dir='ltr'>erant</span> <span class='ocrx_word' id='word_1_24' title='bbox 779 522 955 591; x_wconf 78' lang='lat' dir='ltr'>collocatae,</span> <span class='ocrx_word' id='word_1_25' title='bbox 984 540 1055 601; x_wconf 88' lang='lat' dir='ltr'>qua-</span> 
     </span>
     <span class='ocr_line' id='line_1_5' title="bbox 94 605 1055 686; baseline 0 -20"><span class='ocrx_word' id='word_1_26' title='bbox 94 625 163 668; x_wconf 88' lang='lat' dir='ltr'>rum</span> <span class='ocrx_word' id='word_1_27' title='bbox 185 606 263 684; x_wconf 91' lang='lat' dir='ltr'>apud</span> <span class='ocrx_word' id='word_1_28' title='bbox 285 605 421 666; x_wconf 79' lang='lat' dir='ltr'>ultimam</span> <span class='ocrx_word' id='word_1_29' title='bbox 442 606 627 686; x_wconf 84' lang='lat' dir='ltr'>praesidium</span> <span class='ocrx_word' id='word_1_30' title='bbox 650 614 679 666; x_wconf 86' lang='lat' dir='ltr'>et</span> <span class='ocrx_word' id='word_1_31' title='bbox 702 608 791 667; x_wconf 89' lang='lat' dir='ltr'>statio</span> <span class='ocrx_word' id='word_1_32' title='bbox 814 607 873 667; x_wconf 87' lang='lat' dir='ltr'>luit</span> <span class='ocrx_word' id='word_1_33' title='bbox 895 605 1055 685; x_wconf 85' lang='lat' dir='ltr'>Scipionis.</span> 
     </span>
    </p>

    <p class='ocr_par' dir='ltr' id='par_1_3' title="bbox 78 689 1097 1943">
     <span class='ocr_line' id='line_1_6' title="bbox 159 689 1097 768; baseline -0.003 -18"><span class='ocrx_word' id='word_1_34' title='bbox 159 689 313 750; x_wconf 85' lang='lat' dir='ltr'>XXXVIII.</span> <span class='ocrx_word' id='word_1_35' title='bbox 357 690 428 750; x_wconf 90' lang='lat' dir='ltr'>Post</span> <span class='ocrx_word' id='word_1_36' title='bbox 457 691 563 752; x_wconf 89' lang='lat' dir='ltr'>Cacsar</span> <span class='ocrx_word' id='word_1_37' title='bbox 594 691 630 751; x_wconf 92' lang='lat' dir='ltr'>ad</span> <span class='ocrx_word' id='word_1_38' title='bbox 657 692 774 768; x_wconf 90' lang='lat' dir='ltr'>iugum,</span> <span class='ocrx_word' id='word_1_39' title='bbox 806 690 843 750; x_wconf 91' lang='lat' dir='ltr'>de</span> <span class='ocrx_word' id='word_1_40' title='bbox 871 706 929 766; x_wconf 92' lang='lat' dir='ltr'>quo</span> <span class='ocrx_word' id='word_1_41' title='bbox 957 690 1097 760; x_wconf 72' lang='lat' dir='ltr'>docuit</span> 
     </span>
     <span class='ocr_line' id='line_1_7' title="bbox 94 774 1056 854; baseline -0.002 -18"><span class='ocrx_word' id='word_1_42' title='bbox 94 774 231 836; x_wconf 87' lang='lat' dir='ltr'>ascendit</span> <span class='ocrx_word' id='word_1_43' title='bbox 253 781 341 852; x_wconf 91' lang='lat' dir='ltr'>atque</span> <span class='ocrx_word' id='word_1_44' title='bbox 363 775 394 833; x_wconf 91' lang='lat' dir='ltr'>in</span> <span class='ocrx_word' id='word_1_45' title='bbox 417 792 659 854; x_wconf 86' lang='lat' dir='ltr'>unumquemque</span> <span class='ocrx_word' id='word_1_46' title='bbox 682 774 789 835; x_wconf 92' lang='lat' dir='ltr'>collem</span> <span class='ocrx_word' id='word_1_47' title='bbox 810 781 985 854; x_wconf 91' lang='lat' dir='ltr'>turremque</span> <span class='ocrx_word' id='word_1_48' title='bbox 1007 793 1056 835; x_wconf 92' lang='lat' dir='ltr'>ca·</span> 
     </span>
     <span class='ocr_line' id='line_1_8' title="bbox 78 858 1056 937; baseline -0.001 -18"><span class='ocrx_word' id='word_1_49' title='bbox 78 858 182 933; x_wconf 79' lang='lat' dir='ltr'>¹stella</span> <span class='ocrx_word' id='word_1_50' title='bbox 204 861 305 918; x_wconf 88' lang='lat' dir='ltr'>lacere</span> <span class='ocrx_word' id='word_1_51' title='bbox 328 860 442 934; x_wconf 87' lang='lat' dir='ltr'>coepit,</span> <span class='ocrx_word' id='word_1_52' title='bbox 473 866 561 937; x_wconf 85' lang='lat' dir='ltr'>atque</span> <span class='ocrx_word' id='word_1_53' title='bbox 589 877 624 919; x_wconf 91' lang='lat' dir='ltr'>ea</span> <span class='ocrx_word' id='word_1_54' title='bbox 651 861 752 919; x_wconf 88' lang='lat' dir='ltr'>minus</span> <span class='ocrx_word' id='word_1_55' title='bbox 775 858 924 918; x_wconf 89' lang='lat' dir='ltr'>semihora</span> <span class='ocrx_word' id='word_1_56' title='bbox 952 859 1056 920; x_wconf 86' lang='lat' dir='ltr'>elficit.</span> 
     </span>
     <span class='ocr_line' id='line_1_9' title="bbox 94 940 1096 1021; baseline -0.006 -17"><span class='ocrx_word' id='word_1_57' title='bbox 94 943 256 1021; x_wconf 90' lang='lat' dir='ltr'>Postquam</span> <span class='ocrx_word' id='word_1_58' title='bbox 280 960 340 1002; x_wconf 90' lang='lat' dir='ltr'>nou</span> <span class='ocrx_word' id='word_1_59' title='bbox 362 944 404 1001; x_wconf 89' lang='lat' dir='ltr'>ita</span> <span class='ocrx_word' id='word_1_60' title='bbox 426 943 514 1019; x_wconf 88' lang='lat' dir='ltr'>longe</span> <span class='ocrx_word' id='word_1_61' title='bbox 536 942 573 1003; x_wconf 91' lang='lat' dir='ltr'>ab</span> <span class='ocrx_word' id='word_1_62' title='bbox 596 942 704 1002; x_wconf 84' lang='lat' dir='ltr'>ultImo</span> <span class='ocrx_word' id='word_1_63' title='bbox 728 940 804 1002; x_wconf 90' lang='lat' dir='ltr'>colle</span> <span class='ocrx_word' id='word_1_64' title='bbox 827 944 964 1021; x_wconf 87' lang='lat' dir='ltr'>turrique</span> <span class='ocrx_word' id='word_1_65' title='bbox 986 944 1096 1013; x_wconf 72' lang='lat' dir='ltr'>suita</span> 
     </span>
     <span class='ocr_line' id='line_1_10' title="bbox 94 1026 1057 1106; baseline -0.003 -17"><span class='ocrx_word' id='word_1_66' title='bbox 94 1045 172 1106; x_wconf 88' lang='lat' dir='ltr'>quae</span> <span class='ocrx_word' id='word_1_67' title='bbox 194 1029 329 1104; x_wconf 87' lang='lat' dir='ltr'>proxima</span> <span class='ocrx_word' id='word_1_68' title='bbox 350 1026 409 1086; x_wconf 89' lang='lat' dir='ltr'>luit</span> <span class='ocrx_word' id='word_1_69' title='bbox 431 1029 540 1086; x_wconf 88' lang='lat' dir='ltr'>castris</span> <span class='ocrx_word' id='word_1_70' title='bbox 561 1027 809 1093; x_wconf 85' lang='lat' dir='ltr'>adversariorum,</span> <span class='ocrx_word' id='word_1_71' title='bbox 832 1027 865 1086; x_wconf 93' lang='lat' dir='ltr'>in</span> <span class='ocrx_word' id='word_1_72' title='bbox 888 1044 946 1104; x_wconf 89' lang='lat' dir='ltr'>qua</span> <span class='ocrx_word' id='word_1_73' title='bbox 968 1026 1057 1086; x_wconf 89' lang='lat' dir='ltr'>docui</span> 
     </span>
     <span class='ocr_line' id='line_1_11' title="bbox 94 1109 1057 1189; baseline -0.002 -17"><span class='ocrx_word' id='word_1_74' title='bbox 94 1129 161 1172; x_wconf 90' lang='lat' dir='ltr'>esse</span> <span class='ocrx_word' id='word_1_75' title='bbox 183 1110 369 1189; x_wconf 89' lang='lat' dir='ltr'>praesidium</span> <span class='ocrx_word' id='word_1_76' title='bbox 392 1112 610 1188; x_wconf 83' lang='lat' dir='ltr'>stationemque</span> <span class='ocrx_word' id='word_1_77' title='bbox 627 1109 832 1179; x_wconf 84' lang='lat' dir='ltr'>Numidarum,</span> <span class='ocrx_word' id='word_1_78' title='bbox 855 1109 962 1170; x_wconf 88' lang='lat' dir='ltr'>Caesar</span> <span class='ocrx_word' id='word_1_79' title='bbox 984 1129 1057 1189; x_wconf 92' lang='lat' dir='ltr'>pau·</span> 
     </span>
     <span class='ocr_line' id='line_1_12' title="bbox 95 1193 1058 1274; baseline -0.001 -19"><span class='ocrx_word' id='word_1_80' title='bbox 95 1194 191 1274; x_wconf 90' lang='lat' dir='ltr'>lisper</span> <span class='ocrx_word' id='word_1_81' title='bbox 220 1200 420 1254; x_wconf 88' lang='lat' dir='ltr'>commoratus</span> <span class='ocrx_word' id='word_1_82' title='bbox 447 1205 665 1273; x_wconf 85' lang='lat' dir='ltr'>perspectaque</span> <span class='ocrx_word' id='word_1_83' title='bbox 693 1203 799 1254; x_wconf 87' lang='lat' dir='ltr'>natura</span> <span class='ocrx_word' id='word_1_84' title='bbox 827 1193 886 1254; x_wconf 93' lang='lat' dir='ltr'>loci</span> <span class='ocrx_word' id='word_1_85' title='bbox 922 1197 1058 1273; x_wconf 88' lang='lat' dir='ltr'>equitatu</span> 
     </span>
     <span class='ocr_line' id='line_1_13' title="bbox 96 1277 1057 1358; baseline 0 -20"><span class='ocrx_word' id='word_1_86' title='bbox 96 1281 129 1339; x_wconf 92' lang='lat' dir='ltr'>in</span> <span class='ocrx_word' id='word_1_87' title='bbox 145 1280 272 1338; x_wconf 82' lang='lat' dir='ltr'>statione</span> <span class='ocrx_word' id='word_1_88' title='bbox 288 1278 431 1356; x_wconf 87' lang='lat' dir='ltr'>disposito</span> <span class='ocrx_word' id='word_1_89' title='bbox 448 1277 617 1356; x_wconf 76' lang='lat' dir='ltr'>legionibus</span> <span class='ocrx_word' id='word_1_90' title='bbox 632 1297 707 1358; x_wconf 91' lang='lat' dir='ltr'>opus</span> <span class='ocrx_word' id='word_1_91' title='bbox 722 1277 869 1339; x_wconf 80' lang='lat' dir='ltr'>adtrIbuit</span> <span class='ocrx_word' id='word_1_92' title='bbox 884 1277 1057 1339; x_wconf 87' lang='lat' dir='ltr'>brachium·</span> 
     </span>
     <span class='ocr_line' id='line_1_14' title="bbox 95 1361 1057 1442; baseline 0 -20"><span class='ocrx_word' id='word_1_93' title='bbox 95 1380 156 1442; x_wconf 89' lang='lat' dir='ltr'>que</span> <span class='ocrx_word' id='word_1_94' title='bbox 177 1361 277 1423; x_wconf 90' lang='lat' dir='ltr'>medio</span> <span class='ocrx_word' id='word_1_95' title='bbox 300 1363 369 1440; x_wconf 90' lang='lat' dir='ltr'>iugo</span> <span class='ocrx_word' id='word_1_96' title='bbox 392 1362 429 1422; x_wconf 88' lang='lat' dir='ltr'>ab</span> <span class='ocrx_word' id='word_1_97' title='bbox 452 1381 488 1422; x_wconf 89' lang='lat' dir='ltr'>eo</span> <span class='ocrx_word' id='word_1_98' title='bbox 510 1363 591 1431; x_wconf 90' lang='lat' dir='ltr'>loco,</span> <span class='ocrx_word' id='word_1_99' title='bbox 615 1362 652 1422; x_wconf 88' lang='lat' dir='ltr'>ad</span> <span class='ocrx_word' id='word_1_100' title='bbox 674 1379 763 1440; x_wconf 91' lang='lat' dir='ltr'>quem</span> <span class='ocrx_word' id='word_1_101' title='bbox 785 1370 979 1439; x_wconf 87' lang='lat' dir='ltr'>pervenerat,</span> <span class='ocrx_word' id='word_1_102' title='bbox 1007 1381 1057 1422; x_wconf 94' lang='lat' dir='ltr'>us·</span> 
     </span>
     <span class='ocr_line' id='line_1_15' title="bbox 95 1445 1057 1525; baseline -0.002 -18"><span class='ocrx_word' id='word_1_103' title='bbox 95 1464 155 1525; x_wconf 88' lang='lat' dir='ltr'>que</span> <span class='ocrx_word' id='word_1_104' title='bbox 171 1445 207 1506; x_wconf 92' lang='lat' dir='ltr'>ad</span> <span class='ocrx_word' id='word_1_105' title='bbox 223 1463 302 1515; x_wconf 89' lang='lat' dir='ltr'>eum,</span> <span class='ocrx_word' id='word_1_106' title='bbox 325 1446 405 1506; x_wconf 90' lang='lat' dir='ltr'>uude</span> <span class='ocrx_word' id='word_1_107' title='bbox 421 1464 560 1524; x_wconf 83' lang='lat' dir='ltr'>egressus</span> <span class='ocrx_word' id='word_1_108' title='bbox 576 1453 651 1515; x_wconf 88' lang='lat' dir='ltr'>erat,</span> <span class='ocrx_word' id='word_1_109' title='bbox 676 1445 762 1506; x_wconf 86' lang='lat' dir='ltr'>lubet</span> <span class='ocrx_word' id='word_1_110' title='bbox 777 1445 868 1524; x_wconf 82' lang='lat' dir='ltr'>dirigi</span> <span class='ocrx_word' id='word_1_111' title='bbox 884 1465 918 1508; x_wconf 92' lang='lat' dir='ltr'>ac</span> <span class='ocrx_word' id='word_1_112' title='bbox 932 1447 1057 1507; x_wconf 92' lang='lat' dir='ltr'>muniri.</span> 
     </span>
     <span class='ocr_line' id='line_1_16' title="bbox 96 1529 1097 1609; baseline 0.001 -20"><span class='ocrx_word' id='word_1_113' title='bbox 96 1529 184 1601; x_wconf 87' lang='lat' dir='ltr'>Quod</span> <span class='ocrx_word' id='word_1_114' title='bbox 215 1536 372 1608; x_wconf 89' lang='lat' dir='ltr'>postquam</span> <span class='ocrx_word' id='word_1_115' title='bbox 401 1529 503 1609; x_wconf 88' lang='lat' dir='ltr'>Scipio</span> <span class='ocrx_word' id='word_1_116' title='bbox 530 1529 739 1609; x_wconf 88' lang='lat' dir='ltr'>Labienusque</span> <span class='ocrx_word' id='word_1_117' title='bbox 771 1530 1097 1601; x_wconf 74' lang='lat' dir='ltr'>autmadverterunt,3</span> 
     </span>
     <span class='ocr_line' id='line_1_17' title="bbox 96 1614 1059 1694; baseline 0.001 -21"><span class='ocrx_word' id='word_1_118' title='bbox 96 1615 233 1692; x_wconf 84' lang='lat' dir='ltr'>equitatu</span> <span class='ocrx_word' id='word_1_119' title='bbox 254 1616 336 1677; x_wconf 88' lang='lat' dir='ltr'>omni</span> <span class='ocrx_word' id='word_1_120' title='bbox 363 1631 400 1676; x_wconf 83' lang='lat' dir='ltr'>ex</span> <span class='ocrx_word' id='word_1_121' title='bbox 428 1617 534 1676; x_wconf 89' lang='lat' dir='ltr'>castris</span> <span class='ocrx_word' id='word_1_122' title='bbox 563 1614 670 1676; x_wconf 88' lang='lat' dir='ltr'>educto</span> <span class='ocrx_word' id='word_1_123' title='bbox 698 1616 823 1693; x_wconf 88' lang='lat' dir='ltr'>acieque</span> <span class='ocrx_word' id='word_1_124' title='bbox 851 1618 984 1694; x_wconf 86' lang='lat' dir='ltr'>equestri</span> <span class='ocrx_word' id='word_1_125' title='bbox 1012 1617 1059 1674; x_wconf 90' lang='lat' dir='ltr'>in·</span> 
     </span>
     <span class='ocr_line' id='line_1_18' title="bbox 97 1697 1058 1778; baseline -0.001 -20"><span class='ocrx_word' id='word_1_126' title='bbox 97 1705 212 1758; x_wconf 91' lang='lat' dir='ltr'>structa</span> <span class='ocrx_word' id='word_1_127' title='bbox 241 1717 257 1758; x_wconf 92' lang='lat' dir='ltr'>a</span> <span class='ocrx_word' id='word_1_128' title='bbox 280 1702 343 1758; x_wconf 90' lang='lat' dir='ltr'>suis</span> <span class='ocrx_word' id='word_1_129' title='bbox 365 1697 589 1759; x_wconf 85' lang='lat' dir='ltr'>munitionibus</span> <span class='ocrx_word' id='word_1_130' title='bbox 610 1699 734 1759; x_wconf 87' lang='lat' dir='ltr'>circiter</span> <span class='ocrx_word' id='word_1_131' title='bbox 753 1716 861 1778; x_wconf 91' lang='lat' dir='ltr'>passus</span> <span class='ocrx_word' id='word_1_132' title='bbox 883 1699 966 1759; x_wconf 88' lang='lat' dir='ltr'>mille</span> <span class='ocrx_word' id='word_1_133' title='bbox 988 1716 1058 1774; x_wconf 92' lang='lat' dir='ltr'>pro·</span> 
     </span>
     <span class='ocr_line' id='line_1_19' title="bbox 97 1779 1059 1861; baseline 0.001 -21"><span class='ocrx_word' id='word_1_134' title='bbox 97 1781 278 1859; x_wconf 85' lang='lat' dir='ltr'>gradiuntur</span> <span class='ocrx_word' id='word_1_135' title='bbox 299 1782 529 1861; x_wconf 85' lang='lat' dir='ltr'>pedestremque</span> <span class='ocrx_word' id='word_1_136' title='bbox 551 1784 667 1861; x_wconf 90' lang='lat' dir='ltr'>copiam</span> <span class='ocrx_word' id='word_1_137' title='bbox 686 1783 718 1842; x_wconf 92' lang='lat' dir='ltr'>in</span> <span class='ocrx_word' id='word_1_138' title='bbox 733 1779 864 1842; x_wconf 91' lang='lat' dir='ltr'>secunda</span> <span class='ocrx_word' id='word_1_139' title='bbox 878 1784 944 1843; x_wconf 92' lang='lat' dir='ltr'>acie</span> <span class='ocrx_word' id='word_1_140' title='bbox 959 1783 1059 1841; x_wconf 90' lang='lat' dir='ltr'>minus</span> 
     </span>
     <span class='ocr_line' id='line_1_20' title="bbox 98 1869 529 1943; baseline -0.002 -16"><span class='ocrx_word' id='word_1_141' title='bbox 98 1878 182 1927; x_wconf 86' lang='grc'>0000</span> <span class='ocrx_word' id='word_1_142' title='bbox 206 1885 309 1943; x_wconf 90' lang='lat' dir='ltr'>passus</span> <span class='ocrx_word' id='word_1_143' title='bbox 331 1869 529 1926; x_wconf 83' lang='lat' dir='ltr'>constiluunt.</span> 
     </span>
    </p>

    <p class='ocr_par' dir='ltr' id='par_1_4' title="bbox 96 1948 1138 3523">
     <span class='ocr_line' id='line_1_21' title="bbox 161 1948 1093 2029; baseline 0.001 -20"><span class='ocrx_word' id='word_1_144' title='bbox 161 1948 332 2009; x_wconf 88' lang='lat' dir='ltr'>XXXVIIII.</span> <span class='ocrx_word' id='word_1_145' title='bbox 377 1951 485 2010; x_wconf 81' lang='lat' dir='ltr'>Caesar</span> <span class='ocrx_word' id='word_1_146' title='bbox 508 1952 539 2010; x_wconf 91' lang='lat' dir='ltr'>in</span> <span class='ocrx_word' id='word_1_147' title='bbox 561 1966 652 2029; x_wconf 90' lang='lat' dir='ltr'>opere</span> <span class='ocrx_word' id='word_1_148' title='bbox 666 1949 779 2011; x_wconf 85' lang='lat' dir='ltr'>milites</span> <span class='ocrx_word' id='word_1_149' title='bbox 795 1948 946 2010; x_wconf 87' lang='lat' dir='ltr'>adhortari</span> <span class='ocrx_word' id='word_1_150' title='bbox 961 1967 1058 2028; x_wconf 90' lang='lat' dir='ltr'>neque</span> <span class='ocrx_word' id='word_1_151' title='bbox 1080 1954 1093 2002; x_wconf 77' lang='grc'>1</span> 
     </span>
     <span class='ocr_line' id='line_1_22' title="bbox 98 2033 1097 2113; baseline -0.002 -19"><span class='ocrx_word' id='word_1_152' title='bbox 98 2033 338 2094; x_wconf 88' lang='lat' dir='ltr'>adversariorum</span> <span class='ocrx_word' id='word_1_153' title='bbox 361 2036 457 2113; x_wconf 89' lang='lat' dir='ltr'>copiis</span> <span class='ocrx_word' id='word_1_154' title='bbox 483 2037 607 2096; x_wconf 89' lang='lat' dir='ltr'>moveri.</span> <span class='ocrx_word' id='word_1_155' title='bbox 655 2033 718 2094; x_wconf 91' lang='lat' dir='ltr'>Iam</span> <span class='ocrx_word' id='word_1_156' title='bbox 747 2052 815 2094; x_wconf 85' lang='lat' dir='ltr'>euru</span> <span class='ocrx_word' id='word_1_157' title='bbox 842 2050 903 2094; x_wconf 89' lang='lat' dir='ltr'>nou</span> <span class='ocrx_word' id='word_1_158' title='bbox 930 2033 1097 2112; x_wconf 73' lang='lat' dir='ltr'>amplius2</span> 
     </span>
     <span class='ocr_line' id='line_1_23' title="bbox 98 2117 1059 2197; baseline -0.001 -20"><span class='ocrx_word' id='word_1_159' title='bbox 98 2135 205 2197; x_wconf 87' lang='lat' dir='ltr'>passus</span> <span class='ocrx_word' id='word_1_160' title='bbox 232 2131 285 2176; x_wconf 83' lang='lat' dir='ltr'>mu</span> <span class='ocrx_word' id='word_1_161' title='bbox 313 2119 394 2177; x_wconf 90' lang='lat' dir='ltr'>inter</span> <span class='ocrx_word' id='word_1_162' title='bbox 421 2118 554 2180; x_wconf 89' lang='lat' dir='ltr'>hostium</span> <span class='ocrx_word' id='word_1_163' title='bbox 586 2117 681 2179; x_wconf 85' lang='lat' dir='ltr'>aclem</span> <span class='ocrx_word' id='word_1_164' title='bbox 713 2134 842 2197; x_wconf 87' lang='lat' dir='ltr'>suasque</span> <span class='ocrx_word' id='word_1_165' title='bbox 874 2119 1059 2178; x_wconf 88' lang='lat' dir='ltr'>munitiones</span> 
     </span>
     <span class='ocr_line' id='line_1_24' title="bbox 99 2201 1059 2281; baseline -0.003 -16"><span class='ocrx_word' id='word_1_166' title='bbox 99 2219 166 2265; x_wconf 85' lang='lat' dir='ltr'>csse</span> <span class='ocrx_word' id='word_1_167' title='bbox 195 2201 452 2263; x_wconf 87' lang='lat' dir='ltr'>animadvertisset</span> <span class='ocrx_word' id='word_1_168' title='bbox 483 2203 755 2281; x_wconf 78' lang='lat' dir='ltr'>intellexissetqu&#39;e,</span> <span class='ocrx_word' id='word_1_169' title='bbox 787 2201 824 2262; x_wconf 93' lang='lat' dir='ltr'>ad</span> <span class='ocrx_word' id='word_1_170' title='bbox 851 2201 1059 2280; x_wconf 84' lang='lat' dir='ltr'>impadIendos</span> 
     </span>
     <span class='ocr_line' id='line_1_25' title="bbox 98 2284 1063 2365; baseline -0.002 -18"><span class='ocrx_word' id='word_1_171' title='bbox 98 2285 211 2347; x_wconf 91' lang='lat' dir='ltr'>milites</span> <span class='ocrx_word' id='word_1_172' title='bbox 234 2303 303 2346; x_wconf 88' lang='lat' dir='ltr'>suos</span> <span class='ocrx_word' id='word_1_173' title='bbox 326 2293 355 2346; x_wconf 89' lang='lat' dir='ltr'>et</span> <span class='ocrx_word' id='word_1_174' title='bbox 383 2285 419 2346; x_wconf 89' lang='lat' dir='ltr'>ab</span> <span class='ocrx_word' id='word_1_175' title='bbox 451 2305 542 2365; x_wconf 87' lang='lat' dir='ltr'>opere</span> <span class='ocrx_word' id='word_1_176' title='bbox 570 2286 762 2365; x_wconf 90' lang='lat' dir='ltr'>depellendos</span> <span class='ocrx_word' id='word_1_177' title='bbox 789 2284 906 2345; x_wconf 86' lang='lat' dir='ltr'>hostem</span> <span class='ocrx_word' id='word_1_178' title='bbox 933 2287 1063 2364; x_wconf 82' lang='lat' dir='ltr'>propIus</span> 
     </span>
     <span class='ocr_line' id='line_1_26' title="bbox 99 2369 1064 2449; baseline -0.002 -19"><span class='ocrx_word' id='word_1_179' title='bbox 99 2369 258 2439; x_wconf 88' lang='lat' dir='ltr'>accedere,</span> <span class='ocrx_word' id='word_1_180' title='bbox 282 2388 463 2449; x_wconf 90' lang='lat' dir='ltr'>necesseque</span> <span class='ocrx_word' id='word_1_181' title='bbox 486 2370 612 2432; x_wconf 88' lang='lat' dir='ltr'>baberet</span> <span class='ocrx_word' id='word_1_182' title='bbox 634 2370 768 2447; x_wconf 86' lang='lat' dir='ltr'>legiones</span> <span class='ocrx_word' id='word_1_183' title='bbox 795 2386 812 2429; x_wconf 85' lang='lat' dir='ltr'>a</span> <span class='ocrx_word' id='word_1_184' title='bbox 839 2369 1064 2430; x_wconf 86' lang='lat' dir='ltr'>munitionibus</span> 
     </span>
     <span class='ocr_line' id='line_1_27' title="bbox 100 2453 1060 2532; baseline -0.001 -19"><span class='ocrx_word' id='word_1_185' title='bbox 100 2453 265 2523; x_wconf 88' lang='lat' dir='ltr'>deducere,</span> <span class='ocrx_word' id='word_1_186' title='bbox 288 2456 431 2532; x_wconf 89' lang='lat' dir='ltr'>imperat,</span> <span class='ocrx_word' id='word_1_187' title='bbox 454 2461 571 2515; x_wconf 88' lang='lat' dir='ltr'>turmae</span> <span class='ocrx_word' id='word_1_188' title='bbox 593 2455 797 2532; x_wconf 84' lang='lat' dir='ltr'>Hispanorum</span> <span class='ocrx_word' id='word_1_189' title='bbox 825 2453 863 2513; x_wconf 88' lang='lat' dir='ltr'>ad</span> <span class='ocrx_word' id='word_1_190' title='bbox 889 2455 1060 2530; x_wconf 84' lang='lat' dir='ltr'>proximum</span> 
     </span>
     <span class='ocr_line' id='line_1_28' title="bbox 99 2536 1059 2617; baseline -0.002 -18"><span class='ocrx_word' id='word_1_191' title='bbox 99 2537 210 2599; x_wconf 89' lang='lat' dir='ltr'>collem</span> <span class='ocrx_word' id='word_1_192' title='bbox 241 2556 369 2616; x_wconf 91' lang='lat' dir='ltr'>propere</span> <span class='ocrx_word' id='word_1_193' title='bbox 397 2545 596 2599; x_wconf 87' lang='lat' dir='ltr'>occurrerent</span> <span class='ocrx_word' id='word_1_194' title='bbox 626 2536 871 2617; x_wconf 86' lang='lat' dir='ltr'>praesidiumque</span> <span class='ocrx_word' id='word_1_195' title='bbox 904 2537 974 2599; x_wconf 89' lang='lat' dir='ltr'>inde</span> <span class='ocrx_word' id='word_1_196' title='bbox 1008 2536 1059 2597; x_wconf 92' lang='lat' dir='ltr'>de·</span> 
     </span>
     <span class='ocr_line' id='line_1_29' title="bbox 99 2619 1061 2703; baseline 0 -21"><span class='ocrx_word' id='word_1_197' title='bbox 99 2620 259 2682; x_wconf 87' lang='lat' dir='ltr'>turbarent</span> <span class='ocrx_word' id='word_1_198' title='bbox 288 2623 445 2702; x_wconf 90' lang='lat' dir='ltr'>locumque</span> <span class='ocrx_word' id='word_1_199' title='bbox 479 2630 637 2703; x_wconf 88' lang='lat' dir='ltr'>caperent,</span> <span class='ocrx_word' id='word_1_200' title='bbox 671 2620 836 2701; x_wconf 91' lang='lat' dir='ltr'>eodemque</span> <span class='ocrx_word' id='word_1_201' title='bbox 869 2619 954 2682; x_wconf 89' lang='lat' dir='ltr'>lubet</span> <span class='ocrx_word' id='word_1_202' title='bbox 987 2621 1061 2682; x_wconf 89' lang='lat' dir='ltr'>levis</span> 
     </span>
     <span class='ocr_line' id='line_1_30' title="bbox 99 2705 1101 2786; baseline -0.003 -20"><span class='ocrx_word' id='word_1_203' title='bbox 99 2714 268 2766; x_wconf 89' lang='lat' dir='ltr'>armaturae</span> <span class='ocrx_word' id='word_1_204' title='bbox 290 2724 401 2782; x_wconf 87' lang='lat' dir='ltr'>paucos</span> <span class='ocrx_word' id='word_1_205' title='bbox 423 2711 566 2786; x_wconf 88' lang='lat' dir='ltr'>consequi</span> <span class='ocrx_word' id='word_1_206' title='bbox 588 2705 736 2768; x_wconf 88' lang='lat' dir='ltr'>subsidio.</span> <span class='ocrx_word' id='word_1_207' title='bbox 789 2705 847 2776; x_wconf 86' lang='lat' dir='ltr'>Qui</span> <span class='ocrx_word' id='word_1_208' title='bbox 873 2707 958 2766; x_wconf 92' lang='lat' dir='ltr'>missi</span> <span class='ocrx_word' id='word_1_209' title='bbox 982 2706 1101 2766; x_wconf 76' lang='lat' dir='ltr'>cele-a</span> 
     </span>
     <span class='ocr_line' id='line_1_31' title="bbox 99 2788 1138 2870; baseline -0.001 -21"><span class='ocrx_word' id='word_1_210' title='bbox 99 2791 176 2850; x_wconf 87' lang='lat' dir='ltr'>riter</span> <span class='ocrx_word' id='word_1_211' title='bbox 198 2789 342 2850; x_wconf 90' lang='lat' dir='ltr'>Numidas</span> <span class='ocrx_word' id='word_1_212' title='bbox 362 2791 461 2852; x_wconf 88' lang='lat' dir='ltr'>adorti</span> <span class='ocrx_word' id='word_1_213' title='bbox 483 2794 594 2870; x_wconf 89' lang='lat' dir='ltr'>partim</span> <span class='ocrx_word' id='word_1_214' title='bbox 615 2793 698 2850; x_wconf 88' lang='lat' dir='ltr'>vivos</span> <span class='ocrx_word' id='word_1_215' title='bbox 729 2790 869 2869; x_wconf 90' lang='lat' dir='ltr'>capiunt,</span> <span class='ocrx_word' id='word_1_216' title='bbox 898 2788 1061 2849; x_wconf 90' lang='lat' dir='ltr'>nonnullos</span> <span class='ocrx_word' id='word_1_217' title='bbox 1135 2798 1138 2810; x_wconf 84' lang='lat'>&#39;</span> 
     </span>
     <span class='ocr_line' id='line_1_32' title="bbox 100 2872 1060 2952; baseline -0.003 -18"><span class='ocrx_word' id='word_1_218' title='bbox 100 2875 217 2952; x_wconf 91' lang='lat' dir='ltr'>equites</span> <span class='ocrx_word' id='word_1_219' title='bbox 232 2876 382 2952; x_wconf 82' lang='lat' dir='ltr'>fugientes</span> <span class='ocrx_word' id='word_1_220' title='bbox 397 2875 689 2936; x_wconf 84' lang='lat' dir='ltr'>convulneraverunt</span> <span class='ocrx_word' id='word_1_221' title='bbox 703 2872 861 2950; x_wconf 91' lang='lat' dir='ltr'>locumque</span> <span class='ocrx_word' id='word_1_222' title='bbox 876 2879 946 2931; x_wconf 88' lang='lat' dir='ltr'>suut</span> <span class='ocrx_word' id='word_1_223' title='bbox 960 2873 1060 2950; x_wconf 88' lang='lat' dir='ltr'>potiti.</span> 
     </span>
     <span class='ocr_line' id='line_1_33' title="bbox 99 2954 1102 3036; baseline -0.002 -18"><span class='ocrx_word' id='word_1_224' title='bbox 99 2957 261 3036; x_wconf 90' lang='lat' dir='ltr'>Postquam</span> <span class='ocrx_word' id='word_1_225' title='bbox 282 2959 313 3018; x_wconf 93' lang='lat' dir='ltr'>id</span> <span class='ocrx_word' id='word_1_226' title='bbox 335 2959 487 3021; x_wconf 89' lang='lat' dir='ltr'>Labienus</span> <span class='ocrx_word' id='word_1_227' title='bbox 513 2958 738 3026; x_wconf 81' lang='lat' dir='ltr'>aalmadvertit,</span> <span class='ocrx_word' id='word_1_228' title='bbox 770 2972 829 3035; x_wconf 90' lang='lat' dir='ltr'>quo</span> <span class='ocrx_word' id='word_1_229' title='bbox 860 2954 992 3017; x_wconf 91' lang='lat' dir='ltr'>celerius</span> <span class='ocrx_word' id='word_1_230' title='bbox 1022 2956 1102 3016; x_wconf 78' lang='lat' dir='ltr'>iis4</span> 
     </span>
     <span class='ocr_line' id='line_1_34' title="bbox 99 3041 1062 3121; baseline -0.004 -18"><span class='ocrx_word' id='word_1_231' title='bbox 99 3043 244 3103; x_wconf 83' lang='lat' dir='ltr'>auxillum</span> <span class='ocrx_word' id='word_1_232' title='bbox 267 3044 377 3116; x_wconf 85' lang='lat' dir='ltr'>terret,</span> <span class='ocrx_word' id='word_1_233' title='bbox 408 3061 444 3103; x_wconf 86' lang='lat' dir='ltr'>ex</span> <span class='ocrx_word' id='word_1_234' title='bbox 472 3045 536 3105; x_wconf 89' lang='lat' dir='ltr'>acie</span> <span class='ocrx_word' id='word_1_235' title='bbox 559 3045 706 3103; x_wconf 87' lang='lat' dir='ltr'>instructa</span> <span class='ocrx_word' id='word_1_236' title='bbox 727 3042 877 3121; x_wconf 81' lang='lat' dir='ltr'>equitatus</span> <span class='ocrx_word' id='word_1_237' title='bbox 899 3041 947 3102; x_wconf 89' lang='lat' dir='ltr'>sul</span> <span class='ocrx_word' id='word_1_238' title='bbox 967 3056 1062 3119; x_wconf 88' lang='lat' dir='ltr'>prope</span> 
     </span>
     <span class='ocr_line' id='line_1_35' title="bbox 98 3123 1062 3206; baseline -0.003 -19"><span class='ocrx_word' id='word_1_239' title='bbox 98 3133 196 3187; x_wconf 93' lang='lat' dir='ltr'>totum</span> <span class='ocrx_word' id='word_1_240' title='bbox 229 3126 368 3188; x_wconf 87' lang='lat' dir='ltr'>dextrum</span> <span class='ocrx_word' id='word_1_241' title='bbox 401 3145 496 3189; x_wconf 87' lang='lat' dir='ltr'>cornu</span> <span class='ocrx_word' id='word_1_242' title='bbox 529 3129 635 3189; x_wconf 88' lang='lat' dir='ltr'>avertit</span> <span class='ocrx_word' id='word_1_243' title='bbox 668 3133 757 3206; x_wconf 88' lang='lat' dir='ltr'>atque</span> <span class='ocrx_word' id='word_1_244' title='bbox 790 3126 854 3185; x_wconf 85' lang='lat' dir='ltr'>suis</span> <span class='ocrx_word' id='word_1_245' title='bbox 874 3123 1062 3202; x_wconf 82' lang='lat' dir='ltr'>inglentibus</span> 
     </span>
     <span class='ocr_line' id='line_1_36' title="bbox 98 3209 1102 3289; baseline -0.002 -19"><span class='ocrx_word' id='word_1_246' title='bbox 98 3212 253 3289; x_wconf 89' lang='lat' dir='ltr'>suppetias</span> <span class='ocrx_word' id='word_1_247' title='bbox 276 3213 322 3272; x_wconf 87' lang='lat' dir='ltr'>ire</span> <span class='ocrx_word' id='word_1_248' title='bbox 350 3211 513 3273; x_wconf 90' lang='lat' dir='ltr'>contendit.</span> <span class='ocrx_word' id='word_1_249' title='bbox 563 3210 650 3283; x_wconf 84' lang='lat' dir='ltr'>Quod</span> <span class='ocrx_word' id='word_1_250' title='bbox 677 3209 732 3272; x_wconf 89' lang='lat' dir='ltr'>ubi</span> <span class='ocrx_word' id='word_1_251' title='bbox 760 3209 868 3271; x_wconf 74' lang='lat' dir='ltr'>Caesen</span> <span class='ocrx_word' id='word_1_252' title='bbox 894 3211 1102 3287; x_wconf 60' lang='lat' dir='ltr'>canapariae</span> 
     </span>
     <span class='ocr_line' id='line_1_37' title="bbox 98 3293 1062 3374; baseline -0.002 -20"><span class='ocrx_word' id='word_1_253' title='bbox 98 3294 266 3355; x_wconf 87' lang='lat' dir='ltr'>Labienum</span> <span class='ocrx_word' id='word_1_254' title='bbox 289 3295 328 3356; x_wconf 92' lang='lat' dir='ltr'>ab</span> <span class='ocrx_word' id='word_1_255' title='bbox 350 3298 413 3357; x_wconf 90' lang='lat' dir='ltr'>suis</span> <span class='ocrx_word' id='word_1_256' title='bbox 435 3297 530 3374; x_wconf 90' lang='lat' dir='ltr'>copiis</span> <span class='ocrx_word' id='word_1_257' title='bbox 551 3295 671 3372; x_wconf 84' lang='lat' dir='ltr'>longius</span> <span class='ocrx_word' id='word_1_258' title='bbox 687 3297 746 3354; x_wconf 88' lang='lat' dir='ltr'>iam</span> <span class='ocrx_word' id='word_1_259' title='bbox 761 3293 954 3362; x_wconf 85' lang='lat' dir='ltr'>abscessisse,</span> <span class='ocrx_word' id='word_1_260' title='bbox 977 3295 1062 3372; x_wconf 90' lang='lat' dir='ltr'>equi·</span> 
     </span>
     <span class='ocr_line' id='line_1_38' title="bbox 98 3378 1062 3447; baseline -0.002 -9"><span class='ocrx_word' id='word_1_261' title='bbox 98 3385 178 3439; x_wconf 86' lang='lat' dir='ltr'>tatus</span> <span class='ocrx_word' id='word_1_262' title='bbox 207 3381 254 3440; x_wconf 90' lang='lat' dir='ltr'>sui</span> <span class='ocrx_word' id='word_1_263' title='bbox 282 3380 360 3442; x_wconf 85' lang='lat' dir='ltr'>alam</span> <span class='ocrx_word' id='word_1_264' title='bbox 383 3382 536 3447; x_wconf 83' lang='lat' dir='ltr'>simstram</span> <span class='ocrx_word' id='word_1_265' title='bbox 558 3379 595 3442; x_wconf 89' lang='lat' dir='ltr'>ad</span> <span class='ocrx_word' id='word_1_266' title='bbox 617 3378 860 3441; x_wconf 86' lang='lat' dir='ltr'>intercludendos</span> <span class='ocrx_word' id='word_1_267' title='bbox 882 3378 984 3440; x_wconf 81' lang='lat' dir='ltr'>hostes</span> <span class='ocrx_word' id='word_1_268' title='bbox 1006 3379 1062 3437; x_wconf 91' lang='lat' dir='ltr'>im·</span> 
     </span>
     <span class='ocr_line' id='line_1_39' title="bbox 96 3464 193 3523; baseline -0.01 0"><span class='ocrx_word' id='word_1_269' title='bbox 96 3464 193 3523; x_wconf 88' lang='lat' dir='ltr'>misit.</span> 
     </span>
    </p>
   </div>
   <div class='ocr_carea' id='block_1_3' title="bbox 0 0 1188 3870">
    <p class='ocr_par' dir='ltr' id='par_1_5' title="bbox 0 0 1188 3870">
     <span class='ocr_line' id='line_1_40' title="bbox 0 0 1188 3870; baseline 0 0"><span class='ocrx_word' id='word_1_270' title='bbox 0 0 1188 3870; x_wconf 95' lang='lat' dir='ltr'> </span> 
     </span>
    </p>
   </div>
  </div>
 </body>
</html>
