2356 3870
288 244 779 302 ommwfflmm
960 213 1051 312 rm

64 407 189 470 Galliam
204 410 293 469 mittit
308 407 347 487 ad
358 407 487 468 colonias
502 410 607 469 civium
618 408 817 469 Romanorum
832 409 964 479 tuendas,
981 429 1018 471 ne

63 492 146 570 quod
161 492 255 552 simile
274 492 493 551 incommodum
514 492 660 553 accideret
680 492 854 554 decursione
877 492 1017 554 barbaro·

62 594 142 645 rum,
158 594 191 635 ac
201 577 355 654 superiora
365 583 475 635 aestate
487 575 667 652 Tergestinis
680 576 833 645 acciderat,
850 577 901 654 qui
911 595 1017 656 repen·

62 660 126 719 tino
142 658 295 719 latrocinio
315 667 402 734 atque
422 661 532 737 impetu
547 658 666 718 illorum
682 669 765 719 erant
779 661 922 738 oppressi.
951 660 1017 740 lpse
1034 668 1050 717 l

62 741 102 804 ad
115 742 271 803 vastandos
286 741 565 820 depopulandosque
580 745 652 802 lines
663 742 838 820 Ambiorigis
857 743 1017 822 proficisci·

62 832 129 892 tur;
145 842 233 902 quem
248 828 440 903 perterritum
455 843 489 885 ac
504 827 664 903 lugientem
680 844 746 885 cum
767 827 860 904 redigi
880 845 968 904 posse
987 829 1016 887 in

62 927 148 970 suam
167 917 342 988 potestatem
363 908 562 987 desperasset,
588 912 754 988 proximum
776 929 846 969 suae
872 910 1018 986 dignitatis

63 1010 131 1054 esse
141 992 274 1061 ducebat,
290 992 363 1051 adeo
374 992 447 1052 fines
463 995 526 1051 eius
537 999 650 1053 vastare
666 992 785 1060 civibus,
802 993 948 1061 aedificiis,
964 1013 1016 1072 pe·

63 1093 149 1144 core,
170 1083 202 1135 ut
221 1076 288 1135 odio
304 1093 427 1135 suorum
441 1074 606 1145 Ambiorix,
627 1078 740 1152 siquos
756 1077 874 1136 fortuna
888 1075 1017 1154 reliquos
1092 1147 1094 1151 ¹

61 1160 191 1228 iecisset,
208 1158 321 1219 nullum
336 1159 464 1218 reditum
479 1169 601 1237 propter
622 1167 716 1220 tantas
732 1159 909 1220 calamitates
928 1158 1017 1220 habe·

61 1249 110 1305 ret
124 1243 156 1301 in
171 1243 325 1303 civitatem.

125 1324 212 1387 XXV.
242 1326 314 1387 Cum
329 1327 360 1386 in
375 1345 478 1386 omnes
492 1334 592 1405 partes
607 1327 709 1386 finium
722 1325 898 1404 Ambiorigis
913 1333 962 1386 aut
976 1327 1018 1387 le·
1035 1334 1047 1384 ι

61 1410 165 1488 giones
180 1417 231 1469 aut
246 1409 349 1470 auxilia
362 1410 518 1470 dimisisset
534 1416 621 1485 atque
637 1411 734 1469 omnia
749 1409 901 1479 caedibuS,
917 1411 1017 1471 incen-

63 1493 127 1561 diis,
144 1495 254 1572 rapinis
268 1502 422 1562 vastasset,
439 1510 544 1571 magno
559 1510 682 1553 numero
697 1491 849 1553 hominum
862 1495 1018 1554 interiecto

62 1583 114 1636 aut
136 1583 221 1655 capto
236 1576 397 1637 Labienum
419 1595 486 1636 cum
506 1575 620 1636 duabus
640 1575 803 1652 legionibus
823 1575 1019 1637 in'Treveros

61 1661 166 1728 mittit,
188 1676 314 1736 quorum
337 1661 437 1720 civitas
450 1667 574 1738 propter
589 1658 762 1719 Germaniae
776 1661 953 1719 vicinitatem
969 1677 1017 1718 co·
1033 1669 1050 1717 t

61 1742 181 1802 tidianis
201 1746 359 1803 exercitata
380 1742 466 1802 bellis
486 1741 567 1802 cultu
588 1749 617 1801 et
636 1743 751 1802 lenitate
771 1760 832 1802 non
858 1741 982 1802 multum
1003 1760 1019 1803 a

61 1825 217 1886 Germanis
237 1826 390 1886 differebat
410 1842 507 1902 neque
529 1828 671 1904 imperata
692 1842 831 1902 umquam
856 1827 912 1886 nisi
933 1844 1017 1886 exer·

60 1910 124 1970 citu
140 1915 238 1969 coacta
252 1908 384 1969 iaciebat.

125 1991 225 2053 XXVI.
256 1992 377 2052 lnterim
393 1992 482 2052 Gaius
497 1991 635 2051 Caninius
650 1990 778 2068 legatus,
802 2009 868 2051 cum
885 1999 1050 2068 magnaml
1126 2063 1128 2066 ¹

60 2074 280 2136 multitudinem
292 2074 606 2136 convenisse-hostium
621 2077 651 2134 in
662 2075 735 2134 fines
746 2075 899 2135 Pictonum
914 2075 1020 2135 litteris

60 2159 232 2235 nuntiisque
253 2158 355 2220 Durati
376 2167 584 2236 cognosceret,
608 2160 658 2234 qui
676 2168 821 2236 perpetuo
841 2160 872 2218 in
893 2160 1018 2218 amicitia

60 2242 427 2311 manseratRomanorum,
444 2239 593 2320 cum'pars
599 2241 741 2318 quaedam
754 2243 877 2301 civitatis
889 2243 953 2303 eius
968 2242 1018 2302 de·

60 2326 194 2394 lecisset,
217 2324 253 2386 ad
274 2325 413 2404 oppidum
434 2326 596 2385 Lemonum
611 2323 770 2385 contendit.
807 2325 870 2396 Quo
886 2324 954 2386 cuin
969 2326 1051 2384 adt

59 2415 196 2468 ventaret
210 2415 298 2484 atque
313 2427 349 2469 ex
365 2409 484 2487 captivis
500 2410 609 2468 certius
630 2416 836 2486 cognosceret,
852 2408 952 2468 multis
967 2408 1019 2468 ho·

61 2493 176 2552 minum
187 2490 304 2551 milibus
320 2511 335 2551 a
352 2493 517 2560 Dumnaco,
534 2490 609 2553 duce
623 2491 758 2560 Andium,
774 2492 928 2552 Duratium
940 2491 1019 2551 clau-

61 2592 130 2636 sum
145 2574 266 2635 Lemoni
283 2577 462 2654 oppugnarl,
483 2591 580 2651 neque
594 2576 725 2635 infirmas
739 2573 871 2652 legiones
885 2573 1020 2635 hostibus

62 2659 248 2719 committere
259 2659 390 2728 auderet,
407 2667 503 2719 castra
513 2658 682 2737 posuitloco
693 2660 815 2718 munito.
842 2657 1019 2727 Dumnacus,
1035 2665 1052 2717 3

61 2759 131 2802 curu
150 2741 388 2820 adpropinquare
409 2742 561 2803 Caninium
582 2751 754 2821 cognosset,
777 2743 869 2820 copiis
884 2741 1020 2801 omnibus

61 2824 99 2886 ad
112 2823 243 2902 legiones
256 2827 406 2886 conversis
421 2833 516 2885 castra
532 2825 732 2886 Romanorum
749 2842 920 2903 oppugnare
935 2826 1019 2883 insti-

60 2909 127 2968 tuit.
173 2909 245 2969 Cum
257 2909 423 2988 complures
434 2908 497 2968 dies
511 2910 541 2969 in
557 2910 774 2987 oppugnatione
791 2909 1022 2985 consumpsisset
1034 2918 1051 2968 t

61 2998 93 3052 et
107 3009 214 3070 magno
229 3010 351 3052 suorum
367 2993 543 3052 detrimento
564 2991 673 3052 nullam
694 2998 808 3069 partem
824 2992 1020 3052 munitionum

61 3074 227 3136 convellere
246 3078 405 3154 potuisset,
437 3093 541 3136 rursus
570 3075 605 3135 ad
634 3074 828 3135 obsidendum
858 3073 1019 3136 Lemonum

60 3157 147 3219 redit.

125 3241 236 3303 XXVll.
269 3244 378 3304 Eodem
400 3251 535 3322 tempore
551 3242 581 3302 C.
598 3241 705 3302 Fabius
726 3241 839 3320 legatus
860 3241 1048 3320 conpluresl

61 3327 193 3386 civitates
208 3329 237 3386 in
255 3325 341 3387 fidem
357 3330 476 3406 recipit,
498 3325 649 3386 obsidibus
670 3327 767 3386 tirmat
786 3326 952 3402 litterisque
968 3325 1020 3385 Gai

61 3408 165 3469 Canini
176 3408 272 3470 Rebili
286 3412 318 3471 lit
330 3413 448 3479 certior,
466 3427 540 3487 quae
555 3411 585 3469 in
599 3409 769 3471 Pictonibus
782 3418 932 3488 gerantur.
949 3408 1018 3478 Qui·

61 3490 118 3553 bus
133 3492 223 3553 rebus
239 3496 362 3570 cognitis
372 3495 573 3573 proficiscitur
588 3493 625 3556 ad
640 3494 918 3558 auxiliumburat'm
930 3493 1036 3552 ienen-
