2356 3870
144 183 187 248 90
424 190 574 245 BELLUM
591 188 814 244 ffnloanuu.

108 349 122 398 1
209 336 349 399 Lxxxx.
383 338 508 398 Postero
523 337 571 398 die
586 355 674 397 mane
689 338 720 397 in
736 338 880 416 oppidum
902 339 1021 399 introiit
1036 357 1108 401 oon·

144 424 285 502 tioneque
308 421 449 482 advocata
470 421 626 483 Uticenses
648 422 764 483 incolas
793 421 967 484 cohortatus
994 425 1108 502 gratias

143 525 198 585 pro
221 524 325 566 corum
348 523 420 583 erga
441 524 473 566 se
496 506 596 566 studio
618 508 694 584 agit,
723 509 804 568 cives
834 515 933 566 autem
955 507 1108 569 Romanos

144 591 346 667 negotiatores
368 597 398 649 et
420 608 480 658 eos,
504 592 556 668 qui
577 593 657 652 inter
670 601 735 650 ccc
757 593 901 670 pecunias
917 591 1109 653 contulerant

142 674 219 735 Varo
242 682 272 734 et
292 673 439 753 Scipioni,
461 674 564 734 multis
585 672 687 735 verbis
709 682 865 737 accusatos
887 683 916 735 et
942 674 979 734 de
1002 693 1107 738 eorum

143 757 310 819 sceleribus
333 758 468 835 longiore
497 757 598 818 habita
628 758 763 819 oratione
791 758 828 820 ad
857 766 1040 828 extremum,
1075 769 1108 820 ut

143 844 209 902 sinc
236 849 318 903 metu
351 843 524 921 prodirent,
557 843 662 903 edicit:
697 860 729 903 se
762 844 807 904 eis
831 843 984 922 ‘duntaxat
1017 845 1107 905 vitam

143 944 373 994 concessurum;
403 927 481 987 bona
503 926 625 1005 quidem
647 944 752 987 eorum
774 945 806 988 se
828 925 1034 995 venditurum,
1065 929 1107 989 ita

141 1017 257 1080 tamen,
281 1013 332 1089 qui
355 1028 457 1070 eorum
481 1012 548 1088 ipse
571 1029 624 1071 sua
645 1008 724 1072 bona
744 1011 930 1089 redemisset,
953 1010 1106 1072 3313333-

141 1113 210 1155 rum
231 1093 432 1154 venditionem
461 1094 654 1154 inducturum
676 1103 706 1154 et
732 1096 889 1172 pecuniam
916 1094 1028 1156 mirltao
1050 1114 1106 1155 no·

140 1178 221 1240 mine
257 1177 440 1246 relaturum,
477 1186 512 1238 ut
547 1178 784 1239 incolumitatem
820 1180 954 1239 retinere
991 1188 1105 1258 posset.

105 1271 121 1319 a
143 1259 260 1333 Quibus
280 1268 362 1322 metu
385 1261 587 1338 exsanguibus
608 1261 645 1321 de
667 1264 786 1342 vitaque
809 1281 845 1323 ex
861 1280 916 1324 suo
937 1266 1106 1341 promerito

142 1345 386 1424 desperantibus,
416 1344 516 1406 subito
539 1345 638 1420 oblata
659 1347 756 1407 salute
784 1346 915 1407 libentes
943 1348 1107 1428 cupidique

141 1429 349 1491 condicionem
382 1437 564 1508 acceperunt
598 1431 811 1510 petieruntque
842 1449 860 1490 a
893 1431 1034 1500 Caesare,
1072 1441 1106 1492 ut

103 1521 120 1570 a
141 1514 291 1573 universis
306 1523 369 1573 ccc
392 1532 452 1575 uuo
474 1515 595 1573 nomine
617 1517 775 1593 pecuniam
797 1516 970 1593 imperaret.
1001 1516 1106 1595 ltaque

140 1597 262 1659 miliens
284 1599 425 1660 sestertio
452 1598 501 1659 his
528 1599 674 1676 inposito,
711 1607 745 1657 ut
776 1616 831 1677 per
864 1601 1029 1661 triennium
1052 1617 1105 1661 sex

140 1681 334 1760 pensionibus
367 1682 478 1760 populo
511 1682 645 1744 Romano
678 1682 842 1750 solverent,
881 1683 965 1744 nullo
998 1701 1105 1747 eorum

141 1778 298 1831 recusante
314 1788 349 1830 ac
365 1786 397 1829 se
413 1786 449 1829 eo
457 1767 556 1849 [dem]
580 1771 628 1831 die
644 1769 764 1832 domum
782 1777 868 1832 natos
890 1769 1100 1850 praedicantes

142 1853 211 1915 laeti
232 1856 343 1931 gratias
365 1862 457 1931 agunt
478 1853 607 1914 Caesari.

104 1953 117 2000 1
202 1941 356 2004 cxxxii.
392 1940 455 2000 Rex
478 1940 600 1999 interim
621 1936 706 2007 luba,
728 1942 762 1995 ut
776 1954 813 1997 ex
834 1935 951 2013 proelio
973 1936 1102 2011 fugerat,

139 2047 197 2089 una
227 2046 294 2088 cum
321 2026 441 2087 Petreio
477 2022 611 2083 interdiu
645 2023 677 2082 iu
701 2019 781 2080 villis
808 2018 953 2081 latitando
981 2017 1103 2078 tandem

139 2113 296 2173 nocturnis
318 2107 479 2169 itineribus
500 2107 647 2171 conlectis
669 2107 699 2165 in
715 2122 839 2182 regnum
861 2104 999 2182 pervenit
1013 2110 1103 2181 atque

140 2196 176 2256 ad
204 2193 347 2273 oppidum
375 2192 509 2261 Zamam,
542 2188 597 2250 ubi
630 2193 694 2268 ipse
723 2188 924 2256 domicilium,
960 2188 1105 2266 coniuges

140 2279 312 2357 liberosque
335 2276 475 2345 babebat,
497 2294 556 2356 quo
579 2292 616 2336 ex
631 2282 739 2336 cuncto
755 2290 849 2350 regno
869 2291 988 2334 omnem
1010 2288 1103 2352 pacu-

140 2367 222 2426 niam
250 2365 477 2442 carissimasque
506 2378 556 2420 res
584 2365 822 2440 comportaverat
855 2358 994 2438 quodque
1025 2357 1104 2417 inito

102 2461 119 2511 a
141 2449 221 2516 bello
244 2449 386 2530 operibus
400 2450 539 2511 maximis
554 2450 720 2516 munierat,
743 2443 867 2506 accedit.
905 2443 999 2515 Quam
1016 2448 1104 2502 antea

140 2538 282 2620 oppidani
310 2553 431 2596 rumore
457 2540 596 2612 exoptato
623 2533 661 2593 de
683 2532 819 2593 Caesaris
847 2529 972 2589 victoria
1000 2525 1104 2587 audito

141 2624 179 2685 ob
201 2624 257 2682 has
279 2636 383 2683 causas
406 2618 517 2698 oppido
539 2616 770 2695 prohibuerunt,
794 2613 874 2693 quod
897 2611 976 2673 bello
999 2619 1104 2672 contra

140 2708 283 2788 populum
311 2706 478 2767 Romanum
506 2709 646 2780 suscepto
676 2702 707 2760 in
736 2698 847 2777 oppido
874 2696 979 2757 Zamae
1012 2695 1105 2772 lignis

141 2793 292 2871 congestis
314 2791 474 2850 maximam
497 2789 529 2848 in
550 2785 650 2847 medio
671 2785 738 2844 ioro
760 2799 864 2862 pyram
885 2785 1103 2845 construxerat,

142 2885 187 2947 ut,
218 2879 244 2938 si
266 2877 343 2936 lorte
370 2874 452 2934 bello
479 2875 558 2932 toret
585 2873 756 2950 superatus,
790 2864 931 2926 omnibus
952 2863 1046 2924 rebus
1068 2880 1105 2922 33

141 2962 336 3029 coacervatis,
359 2959 429 3019 dein
452 2954 570 3018 civibus
598 2955 717 3015 cunctis
745 2949 912 3012 interfectis
939 2946 1106 3026 eodemque

142 3046 287 3124 proiectis
314 3046 384 3120 igne
413 3041 550 3102 subiecto
577 3045 641 3099 turn
670 3037 788 3098 demum
822 3036 886 3112 ipse
915 3050 947 3093 se
980 3033 1106 3108 insuper

143 3130 328 3191 interficeret
350 3133 439 3207 atque
461 3142 521 3186 una
545 3141 613 3183 curn
635 3120 752 3189 liberis,
771 3116 960 3194 coniugibus,
989 3112 1107 3175 civibus

106 3223 122 3272 3
146 3220 312 3291 cunctaque
334 3229 405 3289 gaza
421 3211 504 3286 regia
520 3213 715 3268 cremaretur.
759 3203 918 3281 Postquam
940 3198 1014 3260 luba
1037 3205 1107 3258 ante

142 3303 245 3376 portas
268 3296 319 3357 diu
341 3295 528 3372 multumque
557 3293 656 3369 primo
678 3290 769 3350 minis
797 3304 852 3365 pro
875 3287 1004 3363 imperio
1026 3283 1106 3359 egis·

144 3389 190 3442 set
218 3398 285 3442 cum
314 3377 523 3445 Zamensibus,
553 3376 638 3443 dein,
668 3391 735 3435 curn
763 3389 795 3432 se
824 3386 931 3448 parum
959 3367 1108 3446 prolicere

142 3462 355 3534 intellexisset,
388 3459 535 3546 precibus
556 3465 686 3528 orasset,
720 3459 764 3517 uti
796 3472 828 3515 se
862 3453 898 3514 ad
931 3470 1002 3513 suos
1034 3450 1109 3543 deos
