2356 3870
167 227 210 292 22
489 233 537 287 Du
559 231 673 288 BELLO
697 231 806 288 OIVILI

170 419 261 481 opere
276 400 415 461 faciundo
430 399 541 460 milites
558 400 716 479 repentino
736 399 865 459 hostium
886 401 1009 459 incursu
1029 407 1127 458 exter·

170 492 311 546 rerentur
326 492 414 563 atque
429 501 519 562 opere
539 483 787 562 prohiberentur,
809 483 882 544 vallo
899 485 1009 544 muniri
1025 483 1126 551 vetuit,

171 570 249 650 quod
265 571 397 629 eminere
413 577 443 627 et
458 567 562 646 procul
578 567 673 627 videri
687 585 809 627 necesse
825 576 906 636 erat,
930 567 982 627 sed
998 586 1014 628 a
1029 569 1127 627 fronte

144 662 276 714 econtra
296 653 410 714 hostem
429 652 539 731 pedum
560 664 607 710 xv
628 651 738 711 lossam
757 653 823 712 lieri
845 653 943 711 iussit.
978 651 1078 711 Prima
1099 659 1129 711 et

172 736 301 799 secunda
316 738 395 797 acies
410 738 441 796 in
457 738 561 804 armis,
583 743 616 794 ut
631 734 668 795 ab
684 737 769 796 initio
784 738 944 796 constituta
959 744 1038 805 erat,
1059 754 1129 814 per·

171 820 324 891 manebat3
344 827 412 899 post
432 820 486 881 hos
501 837 575 898 opus
589 821 621 880 iu
636 819 750 879 occulto
766 838 782 879 a
797 832 847 879 111.
865 823 927 880 acie
949 819 1049 887 tiebat.
1080 820 1130 879 Sic

172 925 258 966 omne
273 908 358 984 prius
373 912 418 965 est
432 903 606 983 perlectum,
629 921 718 983 quam
733 904 970 981 intellegeretur,
993 905 1029 964 ab
1045 904 1129 964 Afra·

147 994 225 1051 onio
241 998 337 1050 castra
352 991 472 1048 muniri.
510 986 571 1047 Sub
586 1005 744 1066 vesperum
759 988 867 1048 Caesar
887 991 965 1048 intra
980 989 1056 1049 hanc
1070 989 1129 1048 los·

173 1093 237 1136 sam
250 1074 384 1151 legiones
397 1072 515 1132 reducit
530 1077 616 1150 atque
637 1071 682 1131 ibi
702 1071 758 1133 sub
774 1075 867 1133 armis
888 1076 1023 1152 proxima
1042 1078 1130 1132 nocte

174 1159 369 1237 conquiescit.

149 1252 163 1299 1
237 1240 378 1301 xxxxii.
407 1241 530 1301 Postero
546 1241 593 1301 die
610 1259 726 1301 omnem
742 1242 905 1303 exercitum
924 1243 1003 1303 intra
1022 1241 1132 1323 fossam

175 1329 306 1388 continet
326 1333 369 1395 et,
389 1325 469 1404 quod
489 1326 606 1402 longius
627 1333 692 1385 erat
712 1343 802 1402 agger
817 1325 978 1405 petendus,
1000 1327 1030 1385 in
1046 1343 1132 1404 prae·

176 1413 271 1472 sentia
286 1409 414 1470 similem
429 1411 575 1470 rationem
590 1413 690 1487 operis
705 1411 834 1486 instituit
849 1409 1024 1489 singulaque
1038 1409 1133 1470 latera

67 1531 75 1546 κ
175 1502 342 1556 castrorum
357 1493 482 1570 singulis
498 1491 635 1553 attribuit
654 1493 823 1572 legionibus
842 1494 1003 1554 munienda
1023 1494 1132 1553 fossas-

176 1597 234 1660 que
255 1579 291 1639 ad
312 1577 436 1638 eandem
452 1578 686 1654 magnitudinem
701 1578 805 1657 perfici
824 1577 923 1649 iubet;
945 1578 1076 1656 reliquas
1090 1578 1133 1637 le·

149 1667 280 1742 ugiones
294 1664 327 1722 in
343 1664 435 1723 armis
450 1661 601 1740 expeditas
613 1670 716 1723 contra
731 1662 845 1722 hostem
861 1662 1023 1723 constituit.
1049 1663 1133 1722 Aira-

177 1751 244 1808 nius
258 1747 453 1825 Petreiusque
467 1745 601 1806 terrendi
617 1764 706 1806 causa
722 1752 810 1824 atque
830 1749 930 1825 operis
951 1745 1134 1824 impediendi

176 1834 277 1911 copies
291 1849 360 1891 suas
376 1830 412 1890 ad
428 1831 543 1890 intimas
557 1831 667 1890 montis
681 1830 798 1889 radices
812 1831 981 1909 producunt
996 1837 1025 1889 et
1046 1848 1133 1910 proe-

176 1917 217 1976 lio
245 1916 408 1982 lacessunt,
445 1932 540 1993 neque
572 1914 685 1974 idcirco
714 1913 821 1974 Caesar
850 1932 924 1994 opus
953 1916 1133 1982 intermittit,

177 2000 305 2061 confisus
330 1999 480 2077 praesidio
505 1997 655 2074 legionum
682 1999 774 2058 trium
790 2005 820 2058 et
841 2001 1005 2058 munitione
1027 1999 1133 2060 fossae.

151 2084 224 2145 altu
244 2101 304 2143 non
325 2082 375 2142 diu
396 2083 568 2141 commorati
589 2098 644 2141 neo
664 2080 782 2158 longius
802 2081 839 2142 ab
860 2083 961 2143 intimo
977 2082 1049 2143 colle
1065 2102 1135 2162 pro·

151 2169 276 2246 egressi
305 2168 406 2244 copias
434 2169 465 2225 in
494 2173 591 2227 castra
619 2165 776 2226 reducunt.
825 2165 927 2227 Tertio
954 2166 1002 2226 die
1028 2168 1136 2229 Caesar

161 2251 252 2312 rollo
273 2258 369 2311 castra
385 2251 559 2319 communit,
582 2250 712 2329 reliquas
727 2249 877 2320 cohortes,
899 2268 972 2331 quas
993 2253 1024 2312 in
1046 2270 1135 2329 supe-

177 2333 309 2397 rioribus
321 2336 427 2394 castris
437 2335 609 2413 reliquerat,
626 2335 898 2413 impedimentaque
917 2335 953 2395 ed
970 2353 1001 2395 se
1020 2335 1136 2396 traduci

178 2419 272 2481 iubet.

154 2514 168 2563 t
242 2502 399 2563 XXXXlll.
429 2503 501 2563 Erat
517 2506 595 2564 inter
610 2503 753 2582 oppidum
773 2502 900 2564 Ilerdam
918 2511 948 2564 et
966 2506 1137 2583 proximum

179 2587 294 2656 collem,
310 2587 364 2648 ubi
379 2594 475 2647 castra
490 2587 626 2647 Petreius
642 2594 729 2666 atque
744 2588 883 2649 Afranius
899 2587 1058 2657 habebant,
1074 2589 1136 2667 pla·

178 2674 274 2733 uicies
287 2673 408 2731 circiter
424 2689 543 2751 passum
555 2683 628 2740 000,
643 2678 730 2751 atque
746 2673 777 2731 in
788 2671 843 2731 hoc
855 2673 918 2732 sere
930 2671 1029 2733 medio
1041 2675 1136 2751 spatio

152 2755 311 2819 utumulus
326 2764 390 2816 erat
404 2755 491 2834 paulo
509 2755 634 2824 editior;
654 2773 742 2835 quem
765 2757 791 2816 si
813 2758 1016 2835 occupavisset
1030 2757 1138 2818 Caesar

180 2848 210 2901 et
225 2842 451 2909 communisset,
474 2839 511 2900 ab
527 2839 636 2919 oppido
651 2847 681 2899 et
700 2847 790 2919 ponte
811 2848 841 2900 et
862 2848 1028 2900 commeatu
1044 2844 1136 2910 omni,

179 2943 268 3004 quem
291 2927 322 2984 in
343 2924 483 3003 oppidum
507 2923 707 2993 contulerant,
728 2941 760 2984 se
779 2925 1013 2986 interclusurum
1034 2925 1137 2985 adver·

154 3010 275 3069 esarios
295 3008 472 3069 confidebat.
514 3007 576 3068 Hoc
603 3026 726 3086 sperans
750 3008 884 3086 legiones
904 3021 945 3068 111
970 3027 1006 3068 ex
1032 3012 1138 3070 eastris

181 3092 282 3153 educit
302 3094 422 3172 acieque
449 3094 480 3152 in
501 3091 575 3151 locis
595 3093 713 3153 idoneis
737 3093 882 3152 instructa
902 3094 990 3153 unius
1010 3093 1138 3170 legionis

181 3177 388 3254 antesignanos
412 3193 592 3256 procurrere
614 3184 701 3255 atque
725 3193 791 3236 curn
822 3176 968 3237 tumulum
991 3194 1137 3256 occupare

154 3259 275 3322 4iuhet.
316 3260 379 3330 Qua
399 3279 432 3321 re
453 3262 570 3336 cognita
591 3260 744 3330 celeriter,
771 3278 846 3339 quae
873 3263 905 3320 in
931 3263 1057 3322 statione
1083 3280 1138 3340 pro

181 3347 286 3406 castris
301 3353 388 3405 erant
398 3345 501 3406 Afrani
516 3344 662 3412 cohortes,
680 3343 818 3404 breviore
834 3346 942 3405 itinere
959 3345 995 3405 ad
1011 3346 1138 3407 eundem

153 3429 385 3506 §occupandum
408 3428 506 3488 locum
525 3431 694 3492 mittuntur.
735 3427 931 3490 contenditur
957 3430 1070 3508 proelio
1097 3440 1137 3500 et,

161 3511 351 3588 quodprr'us
365 3514 398 3574 in
415 3511 565 3576 tumulum
581 3513 739 3576 Afraniani
752 3521 911 3584 uenerant,
929 3517 1026 3574 nostri
1040 3515 1138 3593 repel-
