2356 3870
160 201 221 264 114
480 207 528 262 DE
549 207 664 263 13me
687 206 797 264 01le

157 374 341 452 praetorium
358 373 491 442 contulit,
509 391 640 434 summae
656 376 702 434 rei
717 374 855 435 diflidens
871 381 1013 436 ettamen
1029 393 1122 438 even·

157 464 220 517 tum
237 463 407 536 expectans.

132 549 146 598 ι
221 539 390 601 lxxxxv.
426 540 534 602 Caesar
555 540 745 622 Pompeianis
761 561 798 602 ex
818 544 888 620 fuga
908 545 987 604 intra
1007 543 1121 604 vallum

158 625 321 704 compulsis
333 624 445 685 nullum
458 627 585 704 spatium
598 628 770 704 perterritis
779 626 850 687 dare
861 634 1002 705 oportere
1014 628 1121 688 existi·

158 726 242 768 maus
256 709 366 768 milites
381 708 553 769 cohortatus
568 717 624 779 est,
637 718 672 785 ut
685 708 831 770 beneflcio
846 711 984 771 fortunae
995 718 1120 772 uteren-

130 800 207 852 2tur
226 799 382 872 castraque
403 802 620 872 oppugnarent.
660 791 732 864 Qui,
760 795 817 854 etsi
842 811 949 872 magno
972 802 1056 856 aestu
1075 828 1121 842 -

156 894 224 936 nam
240 877 277 937 ad
292 877 449 937 meridiem
465 895 515 936 res
530 887 595 938 erat
608 877 752 957 perducta
763 909 814 948 --,
831 885 930 938 tamen
946 878 982 938 ad
997 896 1120 941 omnem

129 959 290 1021 3laborem
311 963 409 1021 animo
430 964 527 1039 parati
547 963 674 1040 imperio
694 971 868 1041 paruerunt.
904 962 1008 1023 Castra
1029 982 1046 1023 a
1066 981 1118 1023 co·

155 1044 303 1114 hortibus,
319 1063 395 1124 quae
410 1044 454 1104 ihi
469 1045 619 1124 praesidio
635 1053 721 1107 erant
737 1043 876 1115 relictae,
897 1046 1043 1107 industrie
1064 1047 1118 1108 de·

156 1126 365 1198 tendebantur,
380 1128 473 1188 multo
489 1132 579 1189 etiam
594 1131 693 1189 acrius
708 1129 904 1190 aThracihus
919 1128 1118 1210 barbarisque

128 1212 287 1272 tauriliis.
323 1211 407 1281 Nam,
428 1215 479 1290 qui
500 1215 615 1274 exacte
630 1213 804 1290 refugerant
822 1213 949 1281 milites,
972 1220 1003 1273 et
1017 1216 1117 1275 animo

156 1297 311 1374 perterriti
331 1303 361 1355 et
380 1295 555 1356 lassitudine
577 1298 720 1366 confecti,
745 1298 845 1357 missis
864 1297 1000 1377 plerique
1024 1301 1118 1359 armis

156 1381 308 1458 signisque
323 1377 502 1440 militaribus
516 1383 612 1456 magis
627 1381 663 1440 de
678 1381 795 1460 reliqua
815 1382 885 1458 fuga
905 1399 994 1459 quam
1009 1380 1046 1442 dc
1067 1399 1117 1442 oa·

128 1471 287 1524 astrorum
303 1463 475 1524 defensione
491 1463 671 1541 cogitabant.
706 1464 810 1542 Neque
825 1482 897 1525 vero
911 1466 1040 1535 diutius,
1062 1468 1117 1546 qui

155 1550 187 1608 in
202 1547 276 1607 vallo
291 1549 494 1617 constiterant,
510 1547 733 1609 multitudinem
746 1548 874 1608 telorum
890 1550 1039 1609 sustinere
1061 1568 1116 1629 po·

154 1638 285 1700 tuerunt,
302 1632 353 1692 sed
369 1632 496 1692 confecti
511 1631 685 1693 vulneribus
705 1632 800 1692 locum
823 1632 1024 1712 reliquerunt,
1046 1652 1116 1713 pro·

154 1719 294 1796 linusque
319 1734 422 1777 omnes
444 1714 571 1776 ducibus
596 1718 643 1776 usi
669 1715 896 1777 centurionibus
921 1715 1114 1797 tribunisque

153 1801 281 1861 militum
296 1802 329 1860 in
344 1800 504 1861 altissimos
518 1807 649 1868 montes,
671 1802 723 1879 qui
738 1800 775 1860 ad
794 1807 890 1861 castra
911 1799 1114 1880 pertinebant,

157 1885 363 1961 confugerunt.

129 1976 144 2025 1
217 1966 401 2028 Lxxxxvx
436 1968 468 2029 ln
488 1971 594 2030 castris
608 1969 732 2047 Pompei
751 1967 853 2029 videre
874 1968 960 2029 licuit
978 1969 1116 2032 trichilas

155 2060 299 2120 structas,
321 2070 460 2129 magnum
475 2054 591 2129 argenti
611 2052 728 2131 pondus
742 2054 920 2131 expositum,
941 2052 1115 2115 recentibus

154 2134 319 2214 cespitibus
339 2135 529 2196 tabernacula
545 2143 710 2204 constrata,
732 2135 819 2196 Lucii
840 2139 929 2197 etiam
943 2135 1061 2196 Lentuli
1083 2146 1116 2198 et

155 2219 361 2280 nonnullorum
375 2219 565 2281 tabernacula
580 2228 713 2299 protecta
729 2219 834 2288 edera,
855 2219 1006 2300 multaque
1025 2239 1114 2299 prae·

156 2312 250 2373 terea,
272 2321 346 2382 quae
362 2305 484 2364 nimiam
505 2304 652 2365 luxuriam
668 2309 699 2364 et
718 2305 861 2364 victoriae
881 2304 1018 2365 fiduciam
1034 2304 1114 2366 desi·

154 2395 289 2464 gnorent,
311 2393 344 2448 ut
364 2386 450 2448 facile
466 2390 632 2449 existimari
646 2395 756 2468 posset,
778 2387 854 2449 nihil
874 2405 927 2448 eos
946 2388 983 2448 de
1003 2398 1115 2450 eventu

154 2475 219 2532 eius
234 2473 294 2533 diei
309 2474 459 2540 timuisse,
480 2475 532 2552 qui
553 2491 612 2533 non
632 2474 816 2533 necessarias
836 2474 1049 2551 conquirerent
1061 2491 1114 2533 vo·

127 2556 295 2635 sluptates.
324 2558 362 2617 tlt
375 2556 407 2616 hi
424 2558 592 2616 miserrimo
607 2575 641 2617 ac
657 2557 875 2635 patientissimo
890 2558 1024 2617 exercitu
1039 2556 1116 2643 Qec·

156 2642 232 2700 saris
247 2640 395 2700 luxuriem
412 2639 597 2708 obiciebant,
619 2642 668 2700 cui
689 2657 807 2719 semper
831 2642 930 2700 omnia
951 2640 987 2700 ad
1007 2657 1114 2702 ueces-

127 2727 265 2785 tsarium
280 2741 366 2784 usum
378 2722 551 2784 defuissent.
574 2725 741 2804 Pompeius,
757 2726 817 2784 iam
828 2741 896 2783 cum
911 2726 990 2784 intra
1002 2723 1115 2786 vallum

154 2811 248 2869 nostri
269 2815 476 2878 versarentur,
507 2827 616 2888 equum
643 2816 749 2870 nactus
774 2807 915 2868 detractis
942 2805 1115 2883 insignibus

154 2895 342 2972 imperatoris
357 2893 518 2953 decumana
534 2900 618 2972 porta
630 2911 662 2952 se
679 2910 715 2953 ex
734 2893 839 2953 castris
853 2893 942 2952 eiecit
960 2894 1114 2971 protinus·

127 2985 212 3056 eque
228 2994 304 3053 equo
325 2979 415 3037 citato
429 2977 562 3037 Larisam
582 2976 745 3038 contendit.
781 2975 883 3056 Neque
905 2975 948 3036 ibi
969 2977 1113 3046 constitit,

154 3061 206 3120 sed
222 3061 323 3120 eadem
334 3061 486 3121 celeritate
501 3079 611 3140 paucos
625 3078 695 3121 suos
705 3078 741 3120 ex
755 3061 824 3137 fuga
836 3069 950 3129 nactus,
966 3067 1114 3121 nocturno

155 3146 263 3205 itinere
278 3163 338 3204 non
355 3147 540 3214 intermisso,
561 3147 703 3206 comitatu
723 3146 858 3223 equitum
878 3158 952 3204 xxx
971 3144 1008 3204 ad
1028 3162 1113 3205 mare

153 3230 290 3309 pervenit
311 3247 473 3308 navemque
494 3230 720 3290 frumentariam
740 3228 926 3298 conscendit,
950 3245 1055 3307 saepe,
1077 3236 1113 3289 ut

154 3311 317 3381 dicebatur,
334 3331 471 3391 querens,
485 3321 598 3375 tautum
619 3332 651 3374 se
672 3314 843 3393 opinionem
863 3312 1014 3382 fefellisse,
1035 3319 1113 3380 uta

153 3414 211 3476 quo
238 3413 347 3474 genere
373 3397 526 3458 hominum
546 3400 701 3459 victoriam
722 3396 944 3477 sperasset„ab
965 3415 1001 3461 eo
1022 3396 1112 3458 initio

144 3482 237 3558 fugae
250 3481 331 3542 facto
343 3499 441 3563 paene
455 3482 592 3563 proditus
606 3482 768 3544 videretur.
