2356 3870
148 213 215 283 214
375 212 492 271 mnan
508 208 685 270 romulum
702 212 750 268 ar
768 211 906 269 aarum

164 355 220 423 bit,
239 362 282 424 37,
298 362 326 423 53
353 355 408 425 ipsi
434 354 623 411 Indutiomaro
649 354 733 423 Elis,
752 356 838 426 caput
854 352 987 425 regionis
1002 355 1045 411 Cr

164 427 312 482 interfecto
331 444 394 481 oum
407 426 517 481 Nerviis
535 425 623 480 disce·
668 425 848 496 cognominis.
868 425 914 480 Ibi
928 428 1038 482 eodem

165 497 242 565 dunt,
262 502 343 564 38,7;
369 496 452 551 Mena
471 497 493 551 ii
510 496 624 566 propin-
667 496 774 567 templo
799 495 945 552 Minervae
975 499 1045 567 port

164 567 214 636 qui
238 573 302 621 sunt
324 583 420 622 eorum
482 567 555 636 'bus,
576 566 624 635 VI,
667 567 712 635 fit,
737 582 793 634 quo
812 563 915 621 Caesar
932 568 1045 637 proelia

165 643 230 704 3,4;
250 655 275 692 a.
289 636 381 693 DCCI.
400 654 464 692 cum
479 636 624 692 Caesarin
668 637 788 690 cundum
811 637 848 690 ad
865 636 1043 694 Pharsalum

164 724 213 762 eos
225 708 393 775 revertisset,
407 724 471 778 pars
486 724 581 763 eorum
593 706 624 761 in
670 705 698 762 C.
714 707 763 775 111,
778 713 839 776 105,
849 713 874 762 3.

164 777 249 832 silvas
263 781 293 833 et
301 779 417 848 paludes
425 777 560 848 prodigit,
573 777 625 833 Ca·
650 777 820 846 Elusates,
852 794 920 848 gens
955 778 1045 847 Aquil

163 848 300 916 turclcus,
314 865 364 903 rex
378 848 512 904 dimidiae
525 847 623 918 partis,
667 848 698 903 P.
718 846 814 903 Crasso
838 865 868 903 se
891 848 1019 919 dedunt,
1039 855 1045 902 4

163 922 231 974 taxo
272 936 302 974 se
341 919 496 987 exanimat,
521 926 569 987 31,
594 925 623 984 53
669 924 748 986 27,1.

165 989 252 1060 Segni
268 989 466 1058 Condrusique,
484 989 533 1058 qui
550 990 625 1044 inter
652 987 683 1052 Q.
706 987 833 1043 Ennius
865 988 1016 1061 Rudinus,

164 1059 196 1115 E.
215 1060 405 1128 Treverosque
434 1062 510 1127 sunt,
536 1065 623 1127 32,1,
668 1057 837 1114 clarissimus
852 1076 924 1115 saec.
936 1077 965 1116 a.
977 1060 1045 1116 Chr.

165 1147 229 1184 cnm
264 1130 373 1200 legatos
409 1131 446 1185 ad
478 1129 624 1185 Caesarem
668 1131 698 1183 et
706 1131 740 1183 11.
758 1130 800 1183 Ex
810 1130 869 1184 eius
878 1131 1045 1187 Annalibus

164 1200 313 1268 misissent,
332 1200 392 1268 hic,
415 1200 439 1254 si
456 1200 505 1269 qui
522 1200 559 1254 ad
578 1217 624 1256 ecs
668 1199 820 1255 afferuntur
837 1200 872 1254 H.
892 1207 938 1271 23,
946 1209 974 1257 3.
992 1208 1038 1272 31,

163 1269 196 1325 Ε.
216 1287 250 1325 ex
267 1271 336 1353 fuga
357 1272 562 1339 convenissent,
588 1271 625 1325 ad
650 1271 862 1340 Epasnactus
884 1272 1045 1343 Arvernus,

163 1357 194 1395 se
212 1341 307 1397 reduci
325 1341 416 1408 iubet,
434 1341 472 1396 ib.
490 1348 519 1408 2;
537 1341 625 1411 impe·
669 1341 796 1395 sissimus
809 1341 915 1411 populo
925 1341 1045 1398 Roman

164 1410 290 1466 dimenta
301 1411 426 1466 omnium
438 1411 581 1481 legionum
594 1412 625 1466 in
669 1411 788 1466 etenum
800 1412 928 1466 vinctum
938 1414 980 1468 ad
990 1412 1045 1470 Cae

165 1482 311 1535 castellum
332 1482 522 1550 Aduatucam,
568 1481 625 1537 uod
669 1481 790 1550 deducit,
811 1481 843 1537 C.
857 1482 999 1555 V111‚.44,
1009 1492 1036 1542 3,

164 1551 253 1606 estin
273 1551 373 1607 mediis
396 1568 492 1607 eorum
513 1551 562 1606 fini
581 1570 623 1620 us,
651 1551 815 1621 Ephesus,
844 1552 986 1622 oppidum
1013 1555 1045 1611 Ic

164 1621 284 1691 confert,
302 1622 342 1676 ib.
355 1629 386 1690 3;
413 1639 508 1678 omnes
528 1621 624 1678 Gallos
668 1622 752 1677 Asiae
769 1623 892 1678 Minoris.
917 1623 1020 1696 Scipio
1040 1646 1045 1679 4

163 1692 201 1747 ad
232 1709 279 1748 eos
311 1692 482 1762 diripiendos
516 1696 624 1762 evocat,
668 1693 776 1767 Dianae
805 1693 952 1763 depositas
982 1697 1045 1752 anti

132 1816 136 1827 ,
163 1769 207 1832 34,
226 1769 250 1819 8.
269 1768 362 1832 ao,1;
382 1780 430 1819 eos
452 1763 539 1834 diripi
560 1780 624 1818 cum
667 1763 800 1832 pecunias
825 1763 890 1818 tolli
919 1764 1019 1835 iubet,
1042 1778 1045 1813 4

162 1834 623 1901 translthenumnuntiatumesset,
667 1840 712 1902 33,
728 1840 742 1888 1
758 1836 813 1904 (2),
844 1834 922 1888 idem
957 1841 1045 1893 conat

162 1903 201 1957 ib.
215 1911 246 1972 4,
274 1903 406 1959 Germani
428 1904 549 1973 praedae
574 1921 623 1973 spe
668 1904 794 1974 Ampius,
814 1910 910 1973 106,1.
931 1937 969 1946 —
989 1909 1045 1964 Ind

164 1973 279 2028 adducti
302 1991 397 2030 eorum
424 1975 492 2029 fines
520 1975 624 2030 adeunt
651 1975 741 2029 -sia
767 1975 926 2045 pecunia,
964 1979 1013 2033 cni
1038 1981 1045 2032 4

163 2061 321 2114 magnoque
333 2044 440 2114 pecoris
449 2061 564 2101 numero
573 2062 623 2115 po·
667 2044 711 2099 bis
730 2063 759 2100 se
778 2045 914 2100 auxilium
931 2049 1038 2105 tulisse

162 2114 279 2181 tiuntur,
297 2115 336 2169 ib.
351 2123 376 2171 6.
667 2116 706 2169 ib.
721 2122 764 2183 33,
774 2122 799 2170 2.
820 2121 880 2184 105,
891 2123 916 2171 2.

146 2183 367 2251 Eburovices,
387 2203 413 2239 v.
431 2184 572 2240 Aulerci
584 2185 623 2253 d.)
650 2185 840 2254 Epidaurus
862 2186 1006 2257 oppidum
1022 2190 1045 2244 1]

146 2253 235 2324 Egus
262 2254 335 2308 filius
357 2254 500 2310 Adbucilli
521 2255 623 2324 princi·
667 2256 737 2325 tiae,
769 2273 841 2311 nunc
865 2257 1029 2316 Rachusa

163 2325 207 2394 pis
225 2325 420 2395 Allobrogum,
445 2325 532 2380 frater
549 2326 623 2380 Rau·
668 2326 757 2395 chia,
784 2344 803 2382 a
825 2344 881 2397 quo
906 2327 1045 2385 Octaviur

163 2395 236 2462 cilli,
258 2413 378 2464 quocum
400 2413 416 2452 e
439 2396 536 2450 castris
555 2395 623 2451 Cae·
667 2397 1045 2466 pugnantemVatiniusdiss

164 2465 232 2520 saris
255 2467 292 2521 ad
312 2466 478 2536 Pompeium
499 2466 624 2536 perfugit
667 2467 752 2536 cogit,
770 2468 814 2521 Al.
829 2474 872 2536 44,
883 2475 908 2524 5.

163 2553 314 2605 omnesque
327 2553 370 2592 res
386 2536 510 2592 Caesaris
524 2537 623 2606 defert,
649 2536 785 2606 Epirus,
813 2539 900 2592 semel
925 2558 1017 2612 -os,
1037 2543 1045 2596 4

165 2606 195 2664 C.
209 2607 311 2675 nise,
322 2614 345 2663 1.
356 2610 401 2676 (—
411 2615 453 2663 61.
473 2614 515 2675 63,
525 2612 561 2673 c.)
581 2613 622 2676 79,
669 2614 750 2675 12,4,
768 2608 846 2678 regio
863 2609 1004 2667 Graeciae
1022 2629 1045 2668 se

164 2679 197 2744 6(
203 2720 209 2744 ,
228 2678 307 2732 brevi
320 2678 386 2732 ante
400 2695 524 2748 pugnam
536 2678 623 2732 Phar·
667 2678 802 2746 trionalis,
821 2695 892 2746 quae
910 2681 1045 2752 Pompeis

53 2746 58 2753 ’
163 2749 279 2803 salicam
314 2748 421 2817 proelio
458 2748 579 2816 equestri
605 2765 623 2803 a
666 2749 809 2817 plementa
848 2749 997 2819 legionum
1032 2771 1045 2807 s

164 2818 281 2874 Caesare
299 2818 471 2886 interficitur,
491 2824 533 2886 84,
548 2821 583 2887 3).
667 2819 753 2887 ditat,
772 2827 797 2888 4,
814 2826 843 2886 2;
870 2821 934 2875 tota
961 2823 1045 2879 Caesa

145 2890 280 2958 Elaver,
302 2889 405 2944 flumen
428 2888 537 2944 Calliae
560 2888 621 2943 Cel·
667 2889 756 2957 dedit,
782 2896 827 2958 12,
845 2897 874 2955 43
908 2891 1029 2963 milites,

162 2960 245 3028 ticae,
263 2976 336 3014 nunc
355 2959 506 3026 l'Allier,
525 2976 622 3014 secun-
666 2959 731 3014 inde
760 2960 911 3030 Pompeius
942 2962 975 3016 in
1007 2982 1045 3019 exc

162 3031 229 3084 dum
256 3030 332 3098 quod
355 3029 455 3086 Caesar
473 3030 512 3083 VI
534 3031 622 3112 legio·
666 3030 800 3112 habebat,
820 3032 855 3086 ab
874 3047 907 3085 eo
926 3033 965 3086 ad
984 3033 1045 3090 crs

161 3118 211 3156 uss
236 3101 273 3155 ad
296 3100 431 3170 oppidum
455 3100 622 3171 Gergoviam
665 3100 839 3224 perfugiunt,
864 3107 906 3169 13,
921 3109 947 3156 2.
968 3111 1045 3174 61,2

163 3171 249 3240 ducit,
264 3170 457 3237 (1.11Π,34,2.
477 3176 520 3238 33,
529 3177 560 3240 2,
577 3172 621 3226 bis
678 3173 863 3227 rumentariae
880 3189 967 3228 causa
981 3172 1045 3231 Caes

163 3243 199 3297 ab
217 3260 250 3297 eo
268 3241 403 3309 traicitur,
423 3247 501 3310 33,4.
667 3241 782 3296 Tillium
806 3245 835 3296 et
855 3242 885 3296 L.
906 3243 1045 3301 Canuleiu

145 3312 299 3368 Eleuteti
327 3312 405 3380 (olim
428 3311 499 3366 falso
522 3311 620 3366 Eleu·
665 3312 767 3380 mittit,
800 3319 842 3381 42,
862 3320 894 3379 3;
926 3313 995 3370 inde
1027 3335 1045 3370 n

161 3383 276 3452 cupri
292 3381 459 3449 Cadurci),
474 3399 541 3452 gens
556 3382 621 3438 Gal·
666 3381 791 3437 Caesaris
809 3383 944 3439 frumenti
963 3387 1045 3456 inopi

159 3454 217 3510 liae
232 3452 354 3509 Celticae
368 3454 419 3508 sub
437 3452 556 3524 imperio
569 3454 620 3507 Ar·
664 3453 744 3508 ducti
752 3471 888 3509 summam
896 3457 1009 3524 pecoris
1019 3474 1045 3513 cc

154 3544 315 3602 vernorum,
335 3525 369 3585 G,
382 3524 449 3598 VII,
461 3531 543 3596 ‘le
667 3523 827 3588 13313333,ζῖ
834 3525 990 3590 &Curam
1002 3545 1045 3596 pel
