2356 3870
327 198 822 264 cotut.1.cnP.xxxxv1111-n111.
905 152 909 160 ·
1017 211 1059 276 29

96 364 184 428 nIbus
204 363 313 424 dentes
333 363 535 443 inplorabant„
557 384 596 426 ne
617 384 649 426 se
670 368 701 428 ln
722 371 895 431 servitutem
916 371 1057 434 Romanis

95 450 261 512 traderent.
1095 498 1098 503 .

148 533 211 594 LII.
225 532 334 593 Caesar
343 531 466 610 singulis
477 531 643 610 legionibus
655 533 787 612 singulos
799 535 913 614 legatos
927 549 956 598 et
967 555 1056 616 quae·
1073 547 1087 599 1

95 626 209 679 storem
223 617 377 695 praefecit,
389 618 433 676 nti
448 633 499 676 eos
515 624 606 678 testes
616 636 686 679 snae
699 620 824 696 quisque
835 623 953 682 virtutis
963 621 1055 684 habe·

94 710 156 771 ret;
180 703 279 779 ipse'a
294 700 398 760 dextro
414 717 522 769 cornu,
545 701 625 777 quod
648 719 712 761 earn
732 709 849 780 partem
868 707 990 766 minime
1004 708 1088 767 tir-2

94 804 174 846 mam
194 783 326 844 hostium
352 801 417 844 esse
442 783 703 854 anImadverterat,
725 785 874 864 proelium
899 791 1055 850 commisit.

93 870 136 931 lta
150 869 250 929 nostri
263 868 374 927 acriter
388 868 420 926 in
432 864 535 927 hostes
555 869 639 945 signo
655 868 723 928 dato
742 870 887 946 impetum
907 872 1055 942 iecerunt,
1071 881 1088 931 3

92 957 196 1030 itaque
210 949 313 1011 hostes
327 956 453 1029 repente
468 950 667 1028 celeriterque
685 960 920 1029 procurrerunt,
940 962 974 1015 ut
988 973 1055 1034 spa·

93 1039 170 1098 tium
184 1034 245 1114 pila
258 1036 290 1094 in
304 1032 406 1094 hostes
421 1034 588 1094 coniciendi
601 1052 663 1095 non
677 1033 808 1096 daretur.
845 1036 974 1098 Reieotis
988 1038 1057 1117 pihs
1071 1048 1088 1095 4

94 1119 264 1182 commInus
278 1117 382 1195 gladiis
395 1123 560 1197 pugnatum
576 1124 631 1177 est.
661 1118 698 1179 nt
712 1117 852 1179 Germani
867 1119 1005 1182 celeriter
1020 1140 1056 1182 ex

94 1202 313 1266 consuetudine
327 1218 381 1261 sua
394 1199 540 1279 phalange
554 1202 631 1261 laeta
644 1202 774 1280 impetus
788 1201 953 1279 gladiorum
968 1222 1055 1265 exce·

93 1293 215 1368 perunt.
253 1284 376 1365 Reperti
401 1292 473 1352 sunt
496 1282 656 1362 conplures
681 1287 777 1344 nostri
801 1285 923 1356 milites,
951 1290 1002 1363 qui
1026 1289 1088 1347 ino

93 1370 259 1450 phalangas
271 1368 420 1429 insilirent
434 1373 466 1428 et
478 1374 562 1427 scuta
576 1366 713 1428 manibus
726 1366 908 1429 revellerent
923 1379 953 1430 et
967 1371 1054 1431 desn-

93 1472 147 1535 per
159 1452 362 1513 vulnerarent.
387 1451 461 1511 Cum
471 1449 601 1511 hostium
612 1453 690 1511 acies
702 1470 719 1512 a
731 1453 852 1513 sinistro
864 1471 958 1514 cornu
972 1453 1058 1532 pulsa
1072 1461 1089 1513 o

94 1547 185 1615 atque
199 1538 232 1596 iu
246 1536 347 1612 fugam
361 1551 504 1595 conversa
519 1541 613 1602 esset,
635 1553 651 1594 a
666 1533 772 1595 dextro
788 1553 882 1596 cornu
896 1535 1056 1598 vehemen-

94 1629 140 1682 ter
151 1618 345 1680 multitudine
356 1635 480 1679 suorum
493 1624 627 1677 nostram
638 1620 732 1677 aciem
742 1617 927 1696 premebant.
944 1619 977 1680 ld
989 1638 1057 1680 cum
1071 1629 1087 1677 7

94 1702 353 1765 animadvertisset
366 1699 489 1761 Publius
504 1699 627 1760 Crassus
642 1698 830 1770 adulescens,
848 1703 899 1777 qui
914 1705 1057 1779 equitatui

95 1795 250 1867 praeerat,
267 1783 347 1862 quod
362 1783 527 1862 expeditior
549 1790 612 1843 erat
633 1799 722 1860 quarn
736 1784 771 1852 ii,
794 1785 845 1858 qui
863 1787 942 1845 inter
963 1788 1057 1847 aciem

95 1869 306 1938 versabantur,
328 1868 446 1928 tertiam
466 1867 559 1925 aciem
573 1865 777 1926 laborantibus
798 1868 909 1928 uostrIs
924 1869 1056 1930 subsidio

95 1955 189 2015 misit.

157 2035 233 2096 LIII.
257 2035 301 2095 lta
314 2033 462 2114 proelium
476 2033 646 2094 restitutum
662 2041 716 2101 est,
735 2040 824 2110 atque
839 2051 942 2095 omnes
957 2033 1058 2096 hostes
1073 2043 1086 2092 1

94 2131 179 2198 terga
193 2124 351 2180 verterunt
363 2121 463 2193 neque
476 2117 561 2194 prius
575 2117 680 2193 lugere
695 2115 888 2186 destiterunt,
911 2134 999 2195 quam
1020 2117 1057 2178 ad

94 2204 209 2265 llumen
219 2201 358 2263 Rhenum
368 2199 449 2260 mllio
458 2217 601 2277 passuum
613 2217 649 2260 ex
665 2217 701 2259 co
715 2198 781 2260 loco
792 2202 911 2260 circiter
926 2204 1058 2278 quinque

94 2293 309 2368 pervenerunt.
332 2283 378 2345 lbi
391 2284 535 2363 perpauci
546 2290 597 2342 aut
610 2281 723 2343 viribus
735 2285 837 2367 contisi
851 2290 971 2345 tranare
986 2302 1056 2344 con·
1072 2295 1089 2341 2

94 2371 261 2433 tenderunt
274 2377 325 2429 aut
337 2365 478 2428 lintribus
491 2368 619 2427 inventis
634 2367 690 2427 sibi
704 2366 830 2428 salutem
845 2379 1055 2446 reppererunt.

95 2457 129 2517 ln
143 2453 193 2514 his
208 2455 265 2514 luit
277 2453 455 2520 Ariovistus,
477 2453 529 2526 qui
549 2449 712 2511 naviculam
732 2449 888 2528 deligatam
910 2451 946 2510 ad
960 2453 1058 2528 ripam
1072 2458 1088 2507 3

94 2546 203 2601 nactus
229 2555 263 2596 ea
287 2536 434 2614 profugit3
462 2533 595 2611 reliquos
620 2551 723 2594 omnes
749 2536 881 2613 equitatu
907 2536 1059 2596 consecuti

94 2623 195 2684 nostri
207 2620 435 2680 interfecerunt.
473 2617 555 2678 Duae
569 2617 693 2678 luerunt
705 2618 844 2678 hriovIsti
858 2636 983 2687 uxores,
1000 2627 1089 2679 unat

95 2705 198 2768 Sueba
212 2704 341 2772 natione,
358 2719 447 2779 quarn
461 2699 549 2761 domo
565 2718 667 2761 secum
682 2700 816 2770 duxerat,
833 2701 925 2762 altera
939 2702 1056 2772 Norica,

94 2791 177 2867 regIs
198 2787 354 2848 Vochonis
375 2803 475 2854 soror,
497 2801 585 2860 quam
605 2787 636 2844 in
660 2784 754 2845 Gallia
778 2785 904 2846 duxerat
929 2803 946 2845 a
964 2786 1058 2845 tratre

95 2876 235 2934 missam:
258 2878 403 2947 utraeque
425 2870 457 2928 in
479 2885 513 2928 ea
526 2869 597 2945 Iuga
615 2870 780 2947 perierunt.
818 2869 899 2928 Duae
915 2866 991 2928 filiae
1006 2867 1057 2929 ha·

95 2976 164 3018 rum
179 2955 274 3016 altera
289 2955 399 3022 occisa,
422 2952 514 3013 altera
534 2959 619 3031 capta
640 2961 693 3012 est.
732 2952 821 3012 Gaius
836 2950 971 3013 Valerius
985 2953 1089 3014 Pro-o

95 3040 192 3108 eidus,
208 3056 277 3100 cum
291 3056 308 3099 a
323 3035 495 3098 eustodIbus
509 3036 540 3094 in
555 3036 624 3113 iuga
639 3037 725 3096 trinis
740 3036 852 3097 catenis
867 3039 981 3097 vinctus
996 3045 1056 3098 tra·

95 3124 230 3193 beretur,
246 3124 277 3182 in
291 3123 389 3201 ipsum
401 3120 558 3181 Caesarem
572 3118 665 3180 hostis
681 3122 813 3197 equitatu
826 3130 1058 3199 persequentem

94 3207 209 3270 incidit.
234 3206 316 3278 Quae
331 3205 449 3283 quidem
465 3221 515 3264 res
527 3203 645 3264 Caesari
659 3222 719 3265 non
733 3207 881 3269 minorem
893 3222 981 3282 quam
994 3207 1059 3285 ipsa
1073 3212 1090 3264 o

95 3292 220 3354 victoria
234 3288 415 3368 voluptatem
429 3286 541 3356 adtulit,
559 3287 638 3363 quod
651 3287 802 3350 hominem
816 3287 1058 3350 honestIssimum

96 3375 269 3456 provinciae
284 3373 403 3443 Galliae,
420 3389 508 3433 suum
521 3370 696 3433 familiarem
709 3381 738 3433 et
751 3373 909 3452 hospitem,
922 3380 1059 3451 ereptum

98 3457 272 3522 emanlbus
293 3458 438 3526 hostium,
459 3453 517 3517 sibi
535 3458 707 3519 restitutum
727 3455 860 3528 ridebat,
881 3471 984 3536 neque
999 3459 1066 3519 eius
