2354 3864
162 206 205 269 46
451 206 597 264 BELLUM
612 205 835 264 exululavit

165 361 231 421 data
255 358 396 421 facultate
419 357 534 418 litteras
556 356 721 418 conscribit
743 364 773 417 et
795 374 845 418 eas
861 357 980 433 captivo
996 352 1049 416 dat
1061 372 1126 433 per·

126 445 304 507 alerendas
328 445 359 502 in
388 441 532 520 oppidum
561 441 597 502 ad
620 439 804 502 Considium.
854 439 921 512 Quo
948 439 1127 519 simulatque

165 530 301 606 captivus
323 544 391 587 cum
420 528 605 604 pervenisset
631 525 823 604 litterasque,
852 531 887 585 ut
914 530 981 584 erat
1007 522 1126 585 mande·

164 622 238 681 tum,
262 611 401 672 Considio
423 612 579 688 porrigere
602 611 757 688 coepisset,
780 609 955 687 priusquam
978 610 1127 686 acciperet

169 696 230 766 ille,
257 695 356 770 Unde,
380 697 491 773 inquit,
514 692 613 755 istas?
653 692 728 754 lum
751 695 901 772 captivus:
939 691 1128 768 Imperatore

128 786 146 834 4
166 798 186 841 a
209 782 348 840 Caesare.
393 779 476 839 Tunc
499 777 672 847 Considius,
697 779 780 838 ilaue
800 784 857 846 eat,
880 777 996 855 inquit,
1025 773 1129 851 Salpia

98 872 100 878 '
165 864 333 940 imperator
354 865 410 924 boa
432 870 565 937 tempore
580 863 692 937 popula·
711 860 861 930 Romani5
884 858 995 921 deiude
1010 861 1045 919 in
1060 876 1128 921 con·

167 958 271 1028 spectu
294 967 348 1009 suo
371 949 473 1007 statim
502 947 652 1023 captivum
679 945 811 1005 interfici
839 944 925 1005 iubet
952 944 1129 1023 litterasque

167 1033 299 1094 nondum
326 1031 490 1109 perlectas,
524 1033 603 1089 siout
631 1035 718 1090 erant
750 1032 900 1107 signatae,
936 1028 987 1089 dat
1014 1027 1129 1089 homini

166 1127 250 1177 certo
272 1114 310 1174 ad
332 1114 502 1193 Scipionem
525 1113 729 1192 perferendas.

230 1199 264 1258 V.
307 1198 465 1278 Postquam
495 1215 555 1257 una
583 1204 669 1257 nocte
698 1204 728 1256 et
760 1197 808 1258 die
835 1195 873 1256 ad
895 1194 1037 1274 oppidum
1060 1212 1131 1255 eon·

167 1290 285 1360 sumpta
314 1300 410 1360 neque
437 1299 614 1359 responsum
642 1281 736 1342 ullum
769 1299 785 1341 a
813 1279 955 1340 Considio
991 1278 1130 1348 dabatur,

169 1386 264 1445 neque
287 1370 316 1425 ei
337 1365 471 1444 reliquae
494 1368 598 1442 copiae
621 1365 852 1432 succurrebant,
876 1381 973 1442 neque
998 1365 1131 1442 equitatu

169 1449 342 1511 abundabat
365 1457 394 1509 et
416 1449 453 1508 ad
475 1449 617 1528 oppidum
640 1447 873 1527 oppugnandum
894 1464 956 1508 nou
978 1449 1053 1508 satis
1083 1465 1132 1508 co·

169 1538 286 1614 piarum
311 1531 440 1593 habebat
463 1539 493 1592 et
515 1551 565 1594 eas
588 1534 735 1601 tironum,
761 1549 858 1609 neque
880 1533 981 1610 primo
1004 1530 1131 1591 adventu

169 1618 381 1680 convulnerari
404 1619 568 1677 exercitum
592 1616 720 1685 volebat,
745 1624 775 1677 et
797 1616 900 1693 oppidi
923 1615 1044 1693 egregia
1066 1633 1132 1676 mu·

75 1759 80 1767 .
169 1705 245 1764 nitio
259 1710 289 1763 at
300 1702 432 1763 difficilis
444 1700 481 1760 ad
497 1700 729 1780 oppugnandum
752 1708 816 1760 erat
838 1716 987 1770 accessus,
1011 1706 1041 1759 et
1056 1716 1133 1759 nun·

170 1786 317 1855 tiabatur,
347 1787 457 1846 auxilia
479 1803 586 1862 magna
615 1787 766 1864 equitatus
793 1782 951 1862 oppidanis
979 1786 1135 1862 suppetias

169 1875 290 1948 venire,
319 1887 380 1946 non
409 1876 454 1930 est
482 1872 543 1930 visa
572 1871 649 1930 ratio
676 1869 712 1928 ad
736 1867 969 1946 oppugnandum
989 1866 1133 1946 oppidum

171 1953 391 2022 commorandi,
420 1971 473 2021 ne,
498 1953 568 2014 dum
591 1956 623 2013 in
646 1970 680 2013 ea
702 1970 735 2012 re
758 1952 867 2013 Caesar
889 1959 935 2012 est
957 1961 1133 2029 occupatus,

173 2042 394 2099 circumventus
416 2054 432 2096 a
456 2043 541 2113 tergo
563 2036 600 2097 ab
624 2039 757 2115 equitatu
780 2036 912 2096 bostium
935 2034 1097 2096 laboraret.

136 2130 150 2176 1
235 2120 281 2179 Vl.
326 2119 427 2197 ltaque
461 2129 557 2180 castra
588 2138 655 2180 oum
683 2138 802 2182 morere
829 2119 935 2187 vellet,
965 2119 1066 2180 subito
1098 2136 1133 2178 ex

172 2203 281 2282 oppido
305 2205 402 2279 erupit
424 2204 600 2272 multitudo,
630 2210 717 2283 atque
746 2206 895 2283 equitatus
919 2199 1054 2260 subsidio
1073 2220 1142 2263 uno·

172 2297 308 2364 tempore
331 2289 376 2346 eis
405 2305 474 2347 casu
502 2288 668 2357 succurrit,
697 2290 749 2368 qui
777 2296 842 2347 erat
868 2288 977 2348 missus
1010 2307 1027 2347 a
1060 2286 1135 2347 Iuba

173 2372 209 2432 ad
243 2370 424 2448 stipendium
457 2372 680 2450 accipiendum,
715 2379 888 2450 castraque,
923 2370 1003 2431 unde
1025 2371 1137 2432 Caesar

174 2474 313 2534 egressus
335 2458 394 2515 iter
416 2457 517 2517 lacere
541 2463 695 2534 coeperat,
719 2463 867 2534 occupant
888 2462 918 2515 et
941 2457 1005 2515 eius
1028 2472 1135 2533 agmen

137 2555 153 2603 2
175 2548 343 2601 extremum
364 2540 483 2616 insequi
505 2548 679 2618 coeperunt.
729 2541 810 2611 Quae
839 2557 888 2598 res
911 2556 978 2600 cum
1000 2539 1134 2600 animad-

174 2640 259 2683 versa
288 2628 380 2692 esset,
414 2622 516 2682 subito
543 2623 701 2700 legionarii
731 2625 911 2693 consistunt,
945 2630 976 2682 et
1008 2626 1135 2702 equites

175 2724 354 2786 quamquam
376 2714 462 2766 erant
483 2708 587 2785 pauci,
616 2715 715 2767 tamen
737 2714 842 2768 eontra
864 2713 978 2767 tantam
1000 2708 1135 2768 multitu-

138 2806 154 2853 3
176 2792 277 2853 dinem
299 2790 501 2851 audacissime
525 2798 718 2851 concurrunt.
762 2790 878 2852 Accidit
901 2808 950 2851 res
972 2790 1137 2852 incredibi-

176 2875 226 2943 lis,
250 2884 282 2936 ut
306 2877 423 2954 equites
445 2877 544 2935 minus
566 2888 640 2934 xxx
663 2875 739 2936 Galli
761 2875 933 2935 Maurorum
954 2877 1086 2953 equitum
1109 2886 1136 2934 11

139 2972 156 3020 4
176 2959 259 3018 milia
278 2960 344 3020 loco
356 2957 503 3037 pellerent
520 2961 717 3038 fugarentque
733 2961 763 3018 in
780 2958 932 3037 oppidum.
977 2958 1137 3038 Postquam

176 3042 288 3119 repulsi
301 3050 330 3102 et
342 3044 470 3103 coniecti
485 3049 571 3102 erant
581 3045 660 3104 iutra
671 3044 862 3113 munitiones,
875 3043 983 3103 Caesar
995 3044 1052 3103 iter
1065 3061 1139 3104 con·

139 3140 155 3186 a
175 3128 310 3185 stitutum
333 3128 378 3186 ire
401 3126 565 3186 contendit.
610 3127 694 3198 Quod
717 3144 785 3187 eum
807 3129 926 3206 saepius
949 3128 1085 3188 lacerent
1107 3134 1142 3187 et

175 3208 263 3269 modo
278 3211 518 3287 insequerentur,
542 3209 630 3269 modo
653 3227 758 3269 rursus
780 3210 817 3270 ab
840 3209 993 3288 equitibus
1007 3213 1136 3290 inoppi-

176 3293 245 3352 dum
268 3293 495 3370 repellerentur,
519 3292 693 3353 cohortibus
714 3297 818 3371 paucis
834 3297 1041 3366 exueteranis,
1064 3314 1142 3375 quae

176 3394 278 3437 secum
300 3375 445 3446 habebat,
476 3379 509 3437 in
531 3384 664 3437 extremo
687 3379 807 3454 agmine
828 3379 981 3440 collocatis
1003 3387 1032 3440 et
1054 3388 1141 3459 parte

140 3472 157 3522 e
177 3461 325 3540 equitatus
348 3462 406 3522 iter
427 3459 535 3523 leniter
558 3478 625 3522 curn
648 3461 775 3542 reliquis
796 3463 896 3523 lacere
924 3466 1033 3542 coepit.
1084 3464 1141 3535 lta,
