2356 3870
336 223 451 282 0011111.
464 225 500 282 11.
521 225 597 283 CAP.
611 225 816 284 xviri-xxi.
1012 221 1055 288 53

95 400 132 452 nt
152 388 320 451 Gallonium
340 409 376 452 ex
397 393 506 471 oppido
522 392 719 471 expellerent,
741 392 847 452 urbem
868 393 1053 472 insulamque

95 473 218 535 &osori
233 484 397 536 servarent.
433 477 495 536 Hoc
514 479 589 537 inito
610 478 735 538 consilio
750 476 969 538 denuntiavisse
985 477 1079 553 Gal-³

95 559 187 628 lonio,
202 566 236 620 ut
250 576 304 619 sua
318 567 432 638 sponte,
449 561 518 621 dum
533 563 598 622 sine
613 558 746 640 periculo
760 561 879 629 liceret,
896 560 1054 621 excederet

95 642 246 713 Gadibus;
261 644 287 702 si
302 643 332 702 id
348 662 407 703 non
422 644 557 714 lecisset,
573 644 631 705 sibi
647 646 805 706 consilium
820 652 968 723 capturos.
991 645 1053 705 Hoc

94 728 210 787 timore
226 727 384 787 adductum
399 727 565 789 Gallonium
580 727 711 790 Gadibus
731 729 906 788 excessisse.
935 729 988 789 llis
1003 736 1078 788 co·4
1112 756 1114 760 ·

95 813 190 888 gnitis
205 810 296 870 rebus
311 811 403 871 altera
418 830 454 871 ex
470 812 584 873 duabus
597 812 784 890 legionibus,
806 829 881 889 quae
895 813 1052 873 vernacrda

96 893 314 974 appellabatur,
337 912 373 956 ex
388 898 493 956 castris
507 897 648 958 Varronis
669 895 801 955 adstante
822 905 852 955 et
867 897 1051 974 inspectante

94 980 164 1058 ipso
178 980 263 1056 signa
277 979 398 1039 sustulit
411 997 535 1058 seseque
550 980 695 1059 Hispalim
709 980 824 1058 recepit
838 984 926 1057 atque
941 981 973 1039 in
987 981 1053 1040 loro

95 1069 128 1123 et
142 1062 307 1141 porticibus
327 1065 392 1123 sine
407 1064 552 1124 maleficio
572 1063 728 1137 consedit.v
754 1061 838 1133 Quod
852 1064 963 1124 iactum
978 1064 1077 1124 adeoo
1146 1095 1151 1103 ι

95 1148 164 1206 eius
178 1153 340 1207 conventus
355 1149 435 1208 cives
445 1149 568 1208 Romani
585 1147 868 1227 comprobaverunt,
884 1154 918 1207 ut
933 1148 1052 1208 domum

94 1231 135 1291 ad
149 1248 181 1290 se
196 1233 320 1309 quisque
335 1230 465 1310 bospitio
479 1232 671 1311 cupidissime
685 1233 844 1310 reciperet
875 1228 989 1300 Quibus
1004 1241 1079 1292 ret

94 1313 154 1374 bus
166 1316 344 1392 perterritus
360 1315 461 1385 Varro,
477 1332 544 1376 cum
559 1317 668 1376 itinere
684 1333 826 1391 converso
841 1332 907 1374 sese
920 1315 1052 1375 Italicam

93 1404 254 1459 venturum
274 1401 492 1477 praemisisset,
515 1401 626 1461 certior
646 1398 684 1460 ab
700 1401 762 1460 suis
776 1400 871 1459 lactus
885 1406 944 1469 est,
966 1416 1051 1477 prae·

94 1482 194 1543 clusas
207 1500 273 1543 esse
287 1490 397 1560 portas.
427 1483 503 1544 Turn
516 1502 587 1544 vero
602 1485 682 1545 omni
697 1482 876 1544 interclusus
889 1484 998 1543 itinere
1013 1483 1076 1543 adt

97 1567 254 1627 Caesarem
269 1568 375 1635 mittit,
397 1575 533 1646 paratum
548 1585 581 1628 se
595 1585 660 1629 esse
674 1567 836 1646 legionem,
857 1568 907 1627 cui
920 1567 1050 1635 iusserit,

93 1649 226 1712 tradere.
254 1649 308 1709 llle
324 1651 361 1710 ad
376 1669 444 1711 eum
459 1651 581 1712 Sextum
595 1652 751 1714 Caesarem
766 1650 858 1709 mittit
878 1656 966 1729 atque
981 1649 1051 1710 huic

94 1733 175 1794 tradi
189 1732 282 1794 iubet.
316 1735 438 1795 Tradita
457 1736 574 1813 legione
593 1735 687 1794 Varro
708 1733 874 1794 Cordubam
894 1733 931 1793 ad
946 1733 1079 1795 Caesa-8

94 1834 162 1879 rem
181 1820 276 1888 venit;
299 1819 403 1879 relatis
422 1818 458 1879 ad
479 1837 547 1880 eum
565 1819 696 1897 publicis
716 1836 782 1878 cum
797 1817 855 1877 ilde
875 1816 1051 1887 rationibus,

94 1902 176 1981 quod
189 1919 282 1980 penes
296 1919 364 1962 eum
379 1910 425 1963 est
438 1904 598 1982 pecuniae,
613 1903 706 1964 tradit
720 1908 763 1971 et,
787 1899 858 1980 quid
874 1899 984 1980 ubique
999 1901 1051 1962 ba·

95 1985 167 2046 beat
180 1987 322 2046 frumenti
338 1994 368 2047 et
382 1990 516 2057 navium,
532 1988 672 2049 ostendit.

159 2067 236 2130 Xlll.
266 2070 373 2130 Caesar
391 2075 528 2133 contione
548 2071 650 2133 habita
665 2069 819 2134 Cordubae
840 2068 978 2130 omnibus
999 2076 1077 2147 ge-1

94 2155 224 2214 neratim
239 2156 349 2230 gratias
370 2157 445 2232 agit:
467 2155 582 2217 civibus
594 2155 749 2223 Romanis,
771 2154 849 2232 quod
864 2153 1004 2232 oppidum
1019 2155 1050 2214 in

95 2255 150 2297 sua
165 2244 309 2316 potestate
325 2239 508 2300 studuissent
523 2239 648 2310 babere,
669 2240 822 2318 Hispanis,
843 2237 922 2316 quod
936 2240 1050 2315 praesi-

95 2322 145 2381 dia
161 2321 357 2401 expulissent,
379 2322 548 2394 Gaditanis,
572 2323 651 2404 quod
671 2331 793 2383 conatus
813 2320 1050 2382 adversariorum

94 2405 286 2481 infregissent
305 2423 430 2486 seseque
451 2409 483 2468 in
502 2406 671 2468 libertatem
684 2406 898 2473 vindicassent,
919 2403 1051 2465 tribunis

94 2488 224 2549 militum
243 2490 541 2570 centurionibusque,
563 2495 614 2572 qui
635 2509 670 2550 eo
691 2489 834 2569 praesidii
854 2505 942 2548 causa
962 2505 1050 2548 vener

94 2580 178 2642 rant,
208 2573 286 2652 quod
315 2591 417 2636 eorum
447 2575 570 2638 consilia
599 2594 652 2637 sua
680 2577 790 2635 virtute
816 2573 1050 2632 confirmassent.

94 2656 257 2726 Poenulus,
279 2676 352 2737 quas
367 2667 452 2719 erant
471 2662 503 2719 in
516 2660 668 2737 publicum
681 2658 808 2720 Varroni
829 2658 908 2716 cives
922 2654 1075 2717 Romanis

94 2740 236 2820 polliciti,
251 2743 391 2812 remittit;
406 2741 484 2803 bona
498 2746 632 2806 restituit
645 2745 693 2812 iis,
709 2759 785 2823 quos
799 2738 925 2801 liberius
937 2739 1050 2799 locutos

94 2825 172 2884 banc
187 2842 312 2903 poenam
327 2826 430 2886 tulisse
446 2835 631 2904 cognoverat.
653 2825 790 2886 Tributis
803 2821 981 2901 quibusdam
995 2829 1076 2901 pud

95 2906 184 2969 blicis
197 2908 380 2988 privatisque
394 2911 535 2988 praemiis
548 2911 679 2990 reliquos
692 2913 725 2970 in
739 2915 890 2988 posterum
905 2905 982 2966 bona
997 2924 1051 2986 spa

94 2991 225 3071 complet
243 2991 424 3072 biduumque
440 2994 593 3056 Cordubae
613 2999 858 3055 commemoratus
874 2989 963 3051 Gadis
981 3007 1049 3069 pro-

94 3077 253 3146 ficiscitur;
275 3080 417 3156 pecunias
432 3079 686 3157 monimentaque,
706 3095 782 3156 quae
797 3093 834 3135 ex
852 3073 921 3134 iano
935 3073 1050 3134 Hercu·

94 3159 132 3220 lis
147 3160 254 3220 collata
269 3169 354 3222 erant
369 3163 399 3220 in
416 3163 561 3238 privatam
576 3163 710 3231 domum,
730 3160 841 3222 relerri
860 3160 893 3219 in
906 3157 1049 3236 templum

94 3243 189 3305 iubet.
217 3243 390 3305 Provinciae
405 3245 439 3315 Q.
452 3245 584 3307 Cassium
598 3246 748 3326 praeficit3
763 3245 834 3307 huie
848 3254 903 3304 1111
917 3241 1048 3319 legiones
1060 3248 1076 3298 4

94 3327 243 3388 attribuit.
281 3327 348 3408 lpse
369 3331 408 3390 iis
428 3330 568 3400 navibus,
590 3349 663 3410 quas
678 3329 714 3389 bl.
730 3329 824 3390 Varro
843 3344 974 3408 quasque
995 3326 1049 3386 Ga-

94 3411 191 3473 ditani
205 3413 289 3472 iussu
299 3413 441 3473 Varronis
455 3415 598 3484 fecerant,
613 3414 811 3474 Tarraconem
825 3411 929 3494 paucis
944 3409 1051 3469 diebus

91 3497 240 3578 pervenit.
272 3495 317 3558 lbi
334 3491 424 3559 totius
443 3498 509 3561 lere
524 3499 680 3564 citerioris
698 3499 881 3584 prouinciae
893 3493 1075 3571 tegernscens
