2356 3870
173 215 213 279 76
492 213 532 270 un
547 212 652 270 unito
667 212 806 271 cantico

172 394 273 438 secum
293 385 559 456 transportaverat,
580 375 712 453 legiones
732 377 763 436 in
784 377 845 436 acie
859 394 915 455 pro
936 380 1040 440 3333313
1056 398 1128 442 con·

145 463 274 523 astItuit.
305 461 469 522 Commisso
490 459 604 538 proelio
620 459 729 520 dlutius
744 467 915 521 nostrorum
929 461 1056 522 militum
1070 466 1126 523 im·

171 555 273 623 petum
297 544 399 604 hostes
425 544 505 604 ferre
528 561 587 603 non
613 550 776 621 potuerunt
797 562 831 603 ac
852 552 935 620 terga
961 555 1125 608 verterunt.

143 628 250 698 30303
269 635 350 688 tanto
372 629 465 706 spatio
485 629 593 694 secuti,
617 636 760 703 quantum
781 644 870 688 eursu
887 636 917 687 et
936 629 1048 690 viribus
1064 632 1126 690 elli·

171 729 239 771 cere
253 718 423 789 potuerunt,
440 710 598 788 conplures
613 712 700 770 exiis
715 709 896 779 occiderunt,
913 710 1020 773 deinde
1031 716 1127 773 omni·

169 794 225 856 bus
251 795 338 872 longe
357 794 475 871 lateque
500 794 639 854 aedificiis
665 795 793 854 incensis
813 813 846 855 se
866 796 896 854 in
922 809 1017 856 castra
1043 815 1125 858 rece·

169 888 287 956 perunt.

143 968 156 1018 1
230 961 358 1023 XXXVI.
389 961 500 1023 Eodem
520 960 567 1019 die
586 959 675 1036 legati
697 960 734 1020 ab
750 960 884 1022 hostibus
905 963 987 1023 missi
1003 962 1039 1022 ad
1055 963 1127 1023 Cae·

140 1053 264 1105 233303]
280 1045 316 1105 de
331 1063 405 1124 pace
421 1051 574 1104 venerunt.
604 1043 657 1103 ins
674 1044 780 1104 Caesar
800 1063 957 1105 numerum
980 1047 1126 1116 obsidum,

169 1144 258 1204 quem
278 1136 346 1188 ante
371 1131 582 1207 Imperaverat,
611 1126 770 1205 dupnearit
789 1145 901 1204 eosque
920 1130 951 1189 in
973 1132 1125 1190 eontinen-

168 1220 228 1270 tem
244 1211 349 1272 adduci
364 1212 463 1280 iussit,
486 1209 565 1287 quod
585 1212 753 1288 propinqua
773 1211 821 1270 die
843 1214 1023 1287 aequinoctii
1043 1213 1125 1273 infir·

168 1297 224 1354 mis
244 1295 367 1355 naribus
387 1294 477 1354 hiemi
497 1295 711 1370 navigationem
731 1293 934 1355 subiciendam
949 1313 1009 1355 non
1025 1297 1125 1356 existi-

140 1377 272 1437 amabar.
309 1380 376 1457 Ipse
399 1377 536 1437 idoneam
561 1383 766 1454 tempestatem
792 1384 917 1437 nanctus
945 1377 1033 1455 paulo
1058 1387 1128 1458 post

140 1461 293 1521 emediam
312 1468 431 1521 noctem
450 1478 539 1520 nares
559 1460 659 1527 solvit3
683 1477 884 1535 quaoomnes
904 1460 1068 1523 incolumes
1090 1462 1126 1523 ad

169 1546 369 1605 continentem
387 1551 601 1623 pervenerunt;
624 1542 677 1603 sed
691 1560 727 1602 ex
742 1544 779 1603 ils
798 1545 953 1603 onerariae
968 1543 1043 1606 dnae
1059 1563 1126 1605 eos-

168 1628 249 1696 dem,
274 1645 348 1704 quos
362 1628 483 1704 reliqui,
500 1636 605 1706 portus
620 1644 726 1704 capere
741 1644 801 1686 non
815 1633 979 1704 potuerunt
994 1635 1024 1687 et
1037 1630 1125 1706 paulo

159 1713 242 1772 ’13133
258 1712 371 1772 delatae
384 1720 462 1773 sunt
780 1751 787 1767 ‚-

141 1806 154 1856 1
230 1794 368 1854 XXXVII.
401 1794 513 1865 Quibus
530 1812 565 1853 ex
581 1791 703 1853 naribus
719 1811 786 1853 curn
808 1803 908 1854 essent
929 1795 1056 1873 expositi
1070 1797 1123 1855 rni-

166 1877 233 1937 lites
254 1880 372 1939 clrcltor
391 1879 517 1938 trecenti
538 1887 625 1952 atque
645 1878 676 1936 in
696 1884 793 1936 castra
813 1877 1040 1945 contenderent,
1063 1878 1123 1937 Illo·

165 1962 238 2029 rini,
259 1978 335 2037 quos
351 1962 458 2022 Caesar
472 1962 503 2019 in
518 1960 698 2019 Britanniam
714 1959 906 2036 proficiscens
921 1968 1040 2040 pacatos
1054 1961 1125 2020 reli·

167 2052 280 2119 querat,
296 2063 350 2122 spe
364 2045 491 2121 praedae
507 2043 624 2103 adducti
639 2045 736 2122 primo
750 2060 810 2103 nou
824 2045 866 2104 ita
880 2061 986 2120 magno
1002 2062 1125 2104 suorum

165 2144 289 2186 numero
305 2130 567 2188 circumsteterunt
581 2144 628 2194 ac,
645 2129 670 2186 31
685 2143 751 2186 3030
766 2127 892 2186 interfici
906 2126 1027 2195 nollent,
1044 2145 1124 2189 arma

138 2218 153 2265 2
164 2226 277 2287 ponere
297 2211 457 2270 iusserunt
489 2210 563 2270 Cum
582 2208 625 2268 1111
647 2209 720 2269 orbe
740 2211 817 2269 iacto
833 2227 900 2269 sese
919 2209 1123 2278 defenderent,

166 2292 302 2353 celeriter
318 2293 354 2353 ad
375 2294 534 2354 clamorem
554 2291 707 2353 hominum
723 2294 840 2353 circiter
855 2292 934 2352 milla
949 2311 1001 2352 sex
1017 2311 1123 2353 eonve-

165 2384 283 2436 nerunt.
311 2377 375 2447 Qua
388 2395 423 2437 re
436 2378 568 2436 nuntiata
584 2376 690 2437 Caesar
706 2394 824 2436 omnem
840 2394 875 2435 ex
891 2377 995 2435 castris
1011 2378 1124 2453 equita·

137 2466 228 2520 atum
250 2461 311 2521 suis
331 2460 441 2521 auxilio
467 2460 555 2519 misit.
592 2459 714 2519 Interim
735 2461 830 2519 nostri
856 2457 965 2519 milites
990 2460 1125 2536 inpetum

164 2541 293 2603 hostium
309 2545 514 2603 sustinuerunt
529 2550 616 2618 atque
631 2542 756 2621 amplius
770 2543 853 2602 boris
868 2550 1008 2618 quattuor
1022 2543 1122 2602 sortis·

165 2629 238 2686 sime
253 2634 459 2705 pugnaverunt
474 2634 503 2686 et
517 2628 619 2705 paucIs
633 2625 805 2687 vulneribus
820 2626 949 2703 acceptis
965 2625 1125 2703 conplures

136 2717 200 2769 403
215 2709 261 2770 bis
276 2712 456 2770 occiderunt
486 2711 592 2770 Postea
611 2727 683 2770 vero
705 2726 793 2787 quarn
814 2711 961 2786 equitatus
976 2716 1079 2790 noster
1094 2709 1124 2767 in

165 2800 356 2872 conspectum
378 2795 472 2862 venit,
493 2793 595 2852 hostes
615 2792 737 2854 abiectis
758 2794 848 2853 armis
868 2799 951 2869 terga
973 2799 1125 2852 verterunt

165 2895 348 2955 magnusque
366 2893 471 2937 eorum
484 2894 628 2936 numerus
643 2884 689 2937 est
703 2878 828 2937 occisus.

137 2965 151 3015 1
227 2960 380 3022 XXXVIII.
399 2961 505 3023 Caesar
519 2968 639 3038 postero
654 2959 808 3022 diel'itum
819 2959 983 3021 Labienum
994 2959 1124 3036 legatum

165 3061 232 3105 cum
247 3046 283 3103 iis
297 3043 477 3122 legionibus,
494 3060 567 3120 quas
582 3062 616 3103 ex
633 3045 783 3105 Britannia
796 3044 971 3111 reduxerat,
987 3044 1019 3103 in
1034 3042 1123 3101 Mori·

135 3135 232 3195 anos,
255 3128 306 3204 qui
325 3126 517 3187 rebellionem
538 3127 686 3196 fecerant,
709 3128 797 3188 misit.
835 3127 892 3199 Qui
912 3143 980 3186 cum
999 3129 1124 3203 propter

164 3212 310 3271 siccitates
324 3210 481 3289 paludum,
499 3227 558 3287 quo
573 3229 605 3271 se
620 3213 798 3290 reciperent,
814 3228 873 3272 non
887 3207 1047 3276 haberent,
1065 3225 1124 3284 quo

164 3295 318 3373 superiore
333 3312 410 3355 auno
424 3294 560 3372 perfugio
573 3292 722 3375 [lu]erant
736 3295 791 3364 usi,
808 3311 911 3355 omnes
921 3293 986 3352 lere
995 3293 1027 3351 in
1039 3299 1122 3376 pote·

135 3383 267 3439 aetatem
287 3376 408 3440 Labieni
427 3387 635 3456 pervenerunt
665 3380 703 3439 m
723 3376 757 3448 Q.
779 3378 912 3439 Titurius
933 3383 963 3436 et
984 3373 1015 3435 t.
1040 3374 1122 3434 t'otta

163 3464 267 3540 egati,
284 3463 380 3539 quiin
395 3461 597 3539 Menapiorum
612 3463 686 3522 lines
699 3461 831 3540 legiones
846 3461 1005 3529 duxerant,
1028 3459 1122 3517 omni·
