2356 3870
314 666 356 747 C.
392 667 512 748 ¹IULI
548 665 826 749 CAESARIS

208 856 304 938 DE
351 855 607 938 BELLO
655 854 934 938 CIVILI

305 1021 651 1088 oouuuumnrus
673 1021 846 1109 paruus.

435 1329 708 1392 ARGUMENTUM.

128 1442 174 1513 [A.
192 1445 226 1496 U.
245 1442 274 1495 C.
293 1442 407 1510 DCCV.]
443 1444 465 1495 1.
495 1445 556 1497 Res
573 1446 606 1564 {n
624 1445 741 1509 Italia,
760 1446 888 1509 Africa,
908 1446 1018 1498 Gallia

510 1529 566 1577 ges
590 1529 633 1563 ae.

161 1597 202 1646 De
219 1597 320 1647 litteris
338 1595 460 1646 Caesaris
478 1612 533 1646 non
554 1597 668 1647 refertur
685 1597 719 1646 ad
741 1602 875 1658 senatum,
893 1597 940 1661 qui
961 1602 1054 1660 aperte
1154 1604 1157 1608 “

95 1663 170 1714 iavet
186 1664 323 1728 Pompeio.
357 1661 615 1714 senatusconsulta
631 1665 660 1714 in
678 1663 817 1714 Caesarem
834 1663 910 1714 fiunt.
940 1664 1053 1714 Provin-

96 1731 154 1780 eiae
175 1731 344 1796 Pompeianis
369 1730 560 1793 decernuntur,
583 1736 643 1782 tota
663 1731 744 1782 Italia
766 1731 885 1781 delectus
911 1730 1053 1793 habentur,

96 1814 118 1847 o.
137 1798 230 1847 I-VL
270 1797 367 1847 Caesar
394 1797 495 1847 frustra
517 1814 608 1862 pacem
626 1814 732 1850 servare
755 1806 868 1848 conatus
889 1798 977 1847 auctis
996 1797 1053 1846 suis

96 1865 182 1930 copiis
201 1865 273 1914 omni
296 1881 343 1914 ora
360 1864 503 1914 marituma
519 1865 615 1915 Italiae
632 1892 665 1902 -·
683 1866 796 1915 ma'xime
818 1863 937 1914 Corfinio
954 1864 1053 1928 oppido

96 1960 128 1969 -
146 1948 162 1983 a
179 1933 308 1983 Ravenna
325 1931 359 1981 ad
375 1931 548 1982 Brundisium
565 1932 683 1998 potitur,
706 1933 776 1982 unde
799 1933 941 1996 Pompeius
964 1931 1053 1982 obses·

96 2015 142 2050 sus
164 1999 197 2049 ab
219 2015 250 2050 eo
273 1999 452 2062 Dyrrachium
470 2000 574 2062 traicit,
601 2015 623 2049 o.
641 1999 874 2050 VH-XXVIIIL
914 1999 953 2048 Ex
978 1999 1054 2048 Pom·

96 2067 200 2132 peianis
216 2067 251 2116 M
264 2065 347 2116 Cotta
364 2066 501 2116 aValerio
518 2067 607 2130 legato
620 2066 742 2118 Caesaris
758 2067 856 2117 eicitur
872 2081 905 2115 ex
923 2065 1054 2117 Sardinia.
1157 2118 1161 2124 ,

95 2133 160 2183 item
171 2134 206 2182 M.
218 2133 286 2184 Cato
299 2134 332 2184 ab
345 2133 373 2182 C.
386 2132 503 2183 Curione
514 2149 547 2184 ex
560 2133 661 2195 Sicilia,
678 2135 707 2183 P.
719 2134 810 2183 Attius
823 2133 909 2183 Varus
923 2133 952 2183 in
964 2133 1055 2183 Africa

95 2201 201 2252 resistit
216 2201 248 2250 L.
260 2200 336 2251 Aelio
353 2200 488 2251 Tuberoni
502 2198 546 2267 [Q.
558 2200 631 2251 Tulli
647 2200 785 2251 Ciceronis
801 2197 916 2266 legatol,
933 2217 955 2250 o.
969 2199 1054 2249 XXX.

94 2267 194 2318 XXXI.
223 2267 321 2318 Caesar
333 2273 476 2332 postquam
488 2269 588 2319 Romae
605 2269 635 2317 in
647 2275 742 2318 senatu
753 2268 785 2317 de
797 2282 861 2332 paee
873 2268 928 2331 egit
941 2267 1054 2317 frustra·

88 2351 147 2401 ,que
165 2335 271 2400 legatos
288 2335 322 2384 ad
339 2337 493 2401 Pompeium
510 2336 655 2387 mittendos
672 2336 789 2396 censuit,
808 2335 837 2384 in
854 2333 968 2384 Calliam
987 2334 1054 2383 ulte-

93 2404 191 2452 riorem
216 2401 404 2468 proficiscitur.
443 2403 496 2452 Ubi
518 2419 578 2452 oum
595 2402 718 2454 Massilia
739 2402 764 2452 ei
786 2407 879 2467 portas
902 2401 1054 2466 clausisset,

93 2482 152 2519 eam
170 2475 322 2535 oppugnat,
341 2485 362 2520 o.
381 2469 645 2520 XXXH—XXXVI.

135 2587 171 2636 11.
205 2587 331 2638 Bellum
348 2588 382 2638 in
398 2588 648 2706 Hispaniateum
665 2587 804 2638 Afranio
822 2594 854 2638 et
871 2587 1009 2638 Petreio

504 2671 561 2720 ges
585 2671 643 2704 urn.

102 2716 111 2741 χ
129 2786 135 2793 ,
162 2736 259 2788 Caesar
276 2737 306 2788 C.
322 2738 455 2790 Trebonio
474 2744 501 2788 et
523 2739 556 2788 D.
573 2738 660 2789 Bruto
677 2738 711 2788 ad
727 2736 875 2790 Massiliam
898 2736 1000 2788 relictis
1023 2735 1053 2787 0.

94 2804 179 2854 Fabio
200 2803 288 2869 legato
310 2807 457 2870 praemisso
479 2806 490 2856 i
511 2820 538 2856 se
560 2805 590 2856 in
612 2805 772 2870 Hispaniam
793 2805 945 2865 contendit,
974 2819 1054 2868 quam

94 2871 127 2919 L.
137 2870 262 2922 Afranius
274 2877 302 2923 et
313 2872 349 2921 M.
360 2873 482 2923 Petreius
490 2823 577 2937 legati
588 2873 698 2937 Pompei
710 2872 875 2933 obtinebant,
888 2888 910 2921 o.
917 2871 1054 2920 XXXVII.

95 2937 246 2987 XXXVIII.
281 2938 347 2989 Cum
365 2939 408 2989 his
426 2940 547 3004 pluribus
564 2939 676 3005 proeliis
693 2944 790 3001 certat,
808 2940 922 2989 maxime
939 2939 973 2987 ad
990 2938 1053 2987 ller-

92 3005 162 3068 dam,
176 3020 198 3055 o.
210 3005 461 3057 XXXVHH—LII.
489 3007 579 3058 Rebus
591 3021 719 3072 prospere
733 3007 816 3070 gestis
830 3006 1056 3071 Pompeianorum

93 3072 178 3121 animi
194 3071 399 3135 confirmantem
423 3072 523 3125 Caesar
540 3079 648 3125 strenue
666 3073 782 3135 resistit,
805 3089 827 3124 e.
846 3074 1003 3123 Lffl-Lv.
1022 3099 1051 3109 —

93 3139 200 3190 interea
222 3139 324 3204 proelio
346 3140 438 3190 navali
457 3141 641 3192 Massilienses
659 3157 676 3191 a
696 3141 730 3190 D.
747 3140 833 3191 Bruto
851 3142 1013 3201 vincuntur,
1031 3155 1054 3190 e.

93 3206 325 3257 LV1÷LV11L-
334 3208 456 3258 Fortuna
464 3208 554 3259 subito
564 3213 669 3259 mutata
679 3207 786 3271 Caesar,
796 3214 939 3274 postquam
948 3206 1055 3272 aliquot

92 3273 242 3339 Hispaniae
259 3275 354 3340 populi
370 3275 404 3325 ab
420 3274 532 3325 Afranio
549 3275 733 3337 desciverunt,
755 3291 815 3326 oum
834 3275 885 3326 hoe
901 3281 929 3325 et
946 3274 1053 3324 Petreio

93 3355 219 3405 prospere
236 3347 354 3406 pugnat,
377 3341 641 3405 eLVIlIIt-LXX.
674 3343 745 3392 Dum
762 3341 859 3393 Caesar
878 3342 936 3393 sine
952 3341 1055 3407 proelio

94 3407 235 3482 victoriam
245 3424 272 3459 se
281 3413 481 3475 reportaturum
493 3414 584 3476 sperat
594 3419 622 3462 et
636 3410 669 3460 ab
679 3409 840 3460 adversariis
849 3409 880 3459 de
889 3409 986 3459 dueum
997 3409 1055 3458 vita

142 3503 166 3541 o.
183 3506 236 3543 mr..
255 3506 360 3542 crassa
390 3507 419 3542 11.
836 3494 851 3546 1
