2356 3870
273 227 387 284 conor.
401 227 450 283 nn
479 225 556 283 cnr.
570 226 808 283 nuni-mvn.
983 219 1026 288 99

64 394 157 454 inlato
171 393 298 473 reliquis
312 392 494 462 cohortibus,
510 400 541 453 et
554 392 593 453 M.
609 393 769 461 Antonius,
791 393 843 472 qui
857 393 1026 470 proximum

64 477 162 540 locum
177 478 395 556 praesidiorum
409 476 542 545 tenebat,
564 495 598 537 ea
612 495 646 536 re
662 479 796 538 nuntiata
814 494 882 536 cum
896 477 1025 538 cohorti·

64 562 122 623 bus
136 574 189 621 ΧΠ
204 561 387 622 descendens
402 579 438 621 ex
452 560 518 621 loco
533 563 688 639 superiore
706 559 899 622 cernebatur.
935 562 1027 623 Cuius

65 647 211 707 adventus
225 646 420 724 Pompeianos
435 647 613 724 compressit
635 652 812 725 nostrosque
827 645 971 716 firmavit,
993 653 1027 706 ut

64 749 98 791 se
114 748 149 790 ex
165 732 295 790 maximo
309 731 416 789 timore
432 729 616 806 colligerent.
646 729 749 809 Neque
764 720 939 808 multo‘post
953 730 1052 791 Cae-2

65 832 115 875 sar
130 814 348 891 significatione
364 829 418 892 per
428 812 549 873 castella
564 813 647 873 lumo
661 814 747 883 lacta,
761 821 795 874 ut
810 820 876 873 erat
891 816 1027 892 superio·

64 901 109 958 ris
124 900 268 978 temporis
283 897 475 966 consuetudo,
498 897 633 958 deductis
653 896 831 976 quibusdam
853 897 1027 958 cohortibus

65 1001 102 1043 ex
122 982 284 1061 praesidiis
299 981 402 1042 eodem
418 983 508 1041 veuit.
543 980 600 1051 Qui
621 983 740 1058 cognito
761 981 941 1041 detrimento
958 991 1052 1042 cuma

66 1067 324 1127 animadvertisset
347 1066 522 1145 Pompeium
547 1072 631 1125 extra
655 1066 836 1125 munitiones
863 1083 1026 1143 egressum,

65 1158 101 1212 ut
115 1150 211 1211 libere
232 1149 369 1230 pabulari
391 1157 492 1228 posset
513 1167 569 1210 nec
584 1151 684 1210 minus
700 1149 812 1209 aditum
827 1149 954 1211 naribus
975 1151 1027 1210 ba·

67 1235 162 1304 beret,
184 1241 363 1295 commutata
377 1236 493 1294 ratione
509 1233 590 1302 belli,
612 1237 752 1312 quoniam
767 1235 952 1312 propositum
968 1252 1028 1295 non

66 1325 215 1389 tenuerat,
232 1326 328 1379 castra
343 1319 506 1378 secuudum
520 1335 601 1379 mare
623 1321 706 1378 iuxta
721 1317 896 1397 Pompeium
911 1320 1028 1378 munire

66 1406 165 1464 iussit.

129 1486 228 1549 LXVI.
280 1491 342 1565 Qua
358 1487 490 1567 perlecta
506 1489 671 1548 munitione
692 1487 929 1549 animadversum
951 1495 1051 1548 estat

67 1570 306 1650 speculatoribus
327 1571 476 1641 Caesaris,
498 1571 636 1632 cohortes
656 1571 813 1651 quasdam,
834 1571 914 1650 quod
934 1573 1029 1632 instar

67 1656 196 1733 legionis
216 1655 382 1722 videretur,
410 1673 475 1715 esse
495 1662 561 1734 post
582 1656 684 1715 silvam
708 1663 738 1714 et
758 1657 789 1715 iu
810 1662 912 1715 vetera
932 1666 1028 1716 castra

68 1740 147 1800 duci.
170 1739 340 1800 Castrorum
354 1738 404 1798 hic
419 1740 494 1799 situs
506 1746 579 1799 erat.
603 1738 818 1817 Superioribus
833 1738 939 1799 diebus
950 1749 1052 1799 nouat

68 1825 204 1885 Caesaris
217 1823 294 1899 legio
309 1840 378 1883 cum
398 1839 430 1883 se
453 1822 614 1883 obiecisset
628 1822 819 1900 Pompeianis
833 1824 926 1902 copiis
942 1831 1028 1902 atque

68 1925 169 1985 opere,
186 1913 219 1966 ut
234 1908 511 1976 demonstravimus,
528 1909 783 1975 circummuniret‚
800 1912 897 1967 castra
913 1924 948 1967 eo
963 1907 1029 1966 loco

68 1993 179 2070 posuit.
215 1990 295 2051 Haec
316 1991 418 2052 silvam
439 1992 587 2070 quandam
608 1990 820 2067 contingebant
842 2009 938 2069 neque
964 1990 1054 2050 lon-3

67 2078 135 2152 gius
155 2093 171 2134 a
192 2077 266 2134 mari
286 2074 425 2153 passibus
439 2086 502 2135 ccc
523 2074 658 2135 aberant.
688 2074 758 2135 Post
774 2081 887 2135 mutato
902 2075 1055 2135 oonsiliot

67 2157 246 2239 quibusdam
259 2158 295 2219 de
308 2161 405 2220 causis
417 2159 525 2220 Caesar
539 2159 626 2238 paulo
642 2159 718 2219 ultra
734 2177 802 2219 eum
817 2160 915 2220 locum
931 2167 1029 2220 castra

67 2243 229 2311 transtulit,
250 2245 411 2322 paucisque
433 2245 614 2304 intermissis
629 2243 735 2304 diebus
750 2243 854 2303 eadem
869 2244 1029 2323 Pompeius

68 2336 265 2406 occupaverat
279 2333 317 2396 et,
335 2328 414 2407 quod
430 2346 466 2387 eo
480 2328 545 2388 loco
559 2329 663 2406 plures
678 2335 743 2387 erat
763 2327 896 2403 legiones
910 2327 1029 2390 babitu·

67 2431 135 2481 ruS,
157 2411 263 2472 relicto
284 2413 429 2471 interiore
453 2412 529 2472 vallo
550 2413 694 2472 maiorem
716 2411 869 2471 adiecerat
888 2414 1028 2471 munitio·

67 2514 147 2557 nem.
184 2495 227 2556 lta
243 2497 357 2556 minora
373 2503 470 2556 castra
491 2495 604 2556 inclusa
624 2494 790 2556 maioribus
811 2494 924 2555 castelli
939 2502 1055 2575 atqueo

68 2581 147 2641 arcis
161 2579 258 2640 locum
274 2579 459 2640 obtinebant.
496 2580 572 2640 ltem
587 2579 624 2640 ab
645 2579 753 2657 angulo
773 2586 940 2640 castrorum
955 2581 1054 2639 sini-e

68 2672 131 2726 stro
152 2666 348 2725 munitionem
367 2665 403 2724 ad
424 2664 535 2724 llumen
557 2664 752 2744 perduxerat,
779 2665 902 2723 circiter
926 2673 1030 2741 passus

69 2759 169 2818 cccc,
191 2767 250 2828 quo
270 2748 396 2809 liberius
415 2767 431 2809 a
452 2747 587 2827 periculo
607 2748 719 2808 milites
738 2754 930 2826 aquarentur.
969 2747 1053 2807 Sada

67 2834 95 2893 is
110 2850 227 2912 quoque
242 2839 355 2894 mutato
366 2833 490 2893 consilio
501 2831 680 2912 quibusdam
696 2832 732 2892 de
744 2833 850 2899 causis,
867 2848 940 2910 quas
952 2848 1030 2890 com·

67 2919 228 2977 memorari
249 2935 372 2978 necesse
393 2924 524 2987 nonest,
546 2934 582 2977 eo
602 2917 667 2976 loco
685 2922 864 2976 excesserat.
892 2914 934 2975 lta
950 2931 1030 2974 com·

68 3001 172 3080 plures
187 3001 251 3061 dies
266 3008 437 3062 manserant
456 3007 569 3072 castra;
589 3002 770 3061 munitiones
785 2999 907 3078 quidem
928 3015 1031 3059 omues

68 3088 203 3163 integrae
219 3094 315 3147 erant.
514 3083 516 3087 ’

131 3169 245 3232 LXVII.
280 3170 324 3231 llo
346 3172 431 3247 signo
452 3167 580 3248 legionis
599 3169 706 3237 inlato,
733 3169 935 3248 speculatores
957 3168 1053 3229 Cae-t

69 3256 129 3314 sari
145 3257 364 3315 renuntiarunt.
400 3255 463 3314 Hoc
484 3254 563 3314 idem
578 3255 674 3314 visum
689 3271 726 3314 ex
741 3251 949 3332 superioribus
964 3255 1031 3332 qui·

69 3337 195 3399 busdam
210 3339 340 3400 castellis
355 3339 624 3403 confirmaverunt.¹
650 3337 680 3397 ls
700 3338 783 3398 locus
798 3337 901 3399 aberat
916 3355 933 3398 a
948 3338 1032 3397 novis

67 3421 192 3502 Pompei
214 3425 320 3484 castris
340 3425 460 3484 circiter
474 3428 586 3503 'passus
607 3424 796 3502 quingentos.
836 3421 921 3494 Hauc
939 3421 1063 3495 legio-‘a

66 3524 137 3568 nem
153 3525 275 3586 sperans
291 3508 398 3570 Caesar
414 3525 448 3570 se
469 3509 644 3591 opprimere
664 3526 759 3592 posse
778 3515 814 3570 et
832 3508 968 3588 cupiens
987 3503 1063 3560 exus

813 3605 857 3664 ἾΏ
