2356 3870
435 193 512 254 CAP.
528 194 691 251 LVI-LX.
1000 194 1043 260 33

78 346 224 424 Pompeio
247 363 279 406 se
301 345 489 424 provinciam
510 347 683 423 reciperare
706 345 781 407 velle
799 347 902 425 ,palam
925 347 1043 409 dictita-

76 429 140 490 bat.
190 430 228 489 Et
257 430 384 489 forsitan
413 431 502 488 etiam
529 429 589 489 boo
616 430 725 491 fecerit
752 430 821 491 odio
850 432 985 492 Caesaris
1014 441 1081 494 eta

77 531 181 575 amore
215 513 354 590 Pompei,
390 515 475 572 cuius
508 530 617 574 nomen
658 514 785 575 multum
820 523 938 594 poterat
966 517 1044 595 apud

79 618 131 659 eas
157 598 309 674 legiones,
341 613 415 675 quas
441 595 480 656 ll.
503 596 597 658 Varro
625 597 812 667 obtinuerat;
843 601 894 660 sed
924 599 955 659 id
984 619 1042 679 qua

79 690 197 751 mente,
221 683 389 742 communis
411 687 476 740 erat
497 683 681 742 coniectura.
726 682 812 743 Certe
835 682 893 745 hoc
916 703 988 762 prae
1012 691 1077 745 sea
1146 724 1161 736 -.

78 767 209 827 Thorius
230 764 362 833 ferebat;
386 765 499 824 milites
521 765 595 826 adeo
617 765 801 844 fatebantur,
825 773 859 827 ut
881 768 933 828 Cn.
956 769 1044 829 Pom·

80 851 131 929 pei
157 868 269 911 nomeu
298 852 331 909 in
359 851 452 909 scutis
473 851 654 928 inscriptum
681 849 838 910 baberent.
888 851 1083 931 Frequensd

80 932 253 1013 Legionibus
276 939 441 994 conventus
463 931 580 994 obviam
602 933 717 1012 prodit,
745 953 843 1014 neque
866 941 980 996 tantum
1000 939 1043 994 vi-

79 1036 201 1087 rorum,
232 1016 285 1079 sed
308 1018 398 1078 etiam
419 1024 550 1078 matrum
572 1018 700 1080 familias
722 1036 757 1078 ac
779 1025 1042 1096 praetextatorum,

78 1103 336 1182 deprecaturque,
365 1118 402 1160 ne
435 1100 539 1162 hostili
565 1100 693 1163 adventu
727 1102 897 1164 Cordubam
930 1103 1044 1183 diripe-

80 1196 165 1248 rent:
194 1203 264 1246 uam
292 1204 324 1246 se
353 1193 458 1246 contra
485 1184 619 1247 Cassium
647 1189 761 1248 sentire
790 1205 859 1248 cum
886 1187 1049 1257 omnibus:

78 1278 186 1334 contra
209 1269 365 1331 Caesarem
386 1286 424 1330 ue
448 1270 596 1339 facerent,
620 1268 717 1332 orare'.

144 1351 258 1415 LVllll.
306 1353 418 1414 'lautae
451 1353 653 1414 multitudinis
679 1354 823 1433 precibus
851 1363 882 1416 et
908 1353 1043 1417 lacrimis
1065 1366 1080 1413 1

81 1439 235 1500 exercitus
263 1437 431 1498 commotus
458 1456 527 1498 curn
549 1437 680 1507 videret,
712 1437 749 1499 ad
771 1438 905 1501 Cassium
939 1459 1042 1518 perse·

77 1522 234 1603 quendum
262 1520 338 1582 nihil
361 1540 437 1600 opus
459 1539 524 1582 esse
546 1521 598 1582 Cn.
621 1521 745 1602 Pompei
772 1526 894 1584 nomine
923 1535 954 1584 et
981 1543 1043 1585 me-

82 1609 198 1676 moria,
221 1613 343 1685 tamque
365 1604 505 1666 omnibus
533 1604 720 1666 Caesarianis
742 1624 829 1684 quam
852 1607 1044 1686 Pompeianis

80 1692 251 1770 Longinum
274 1707 339 1751 essa
361 1692 394 1750 in
416 1689 495 1758 odio,
517 1706 615 1768 neque
637 1707 669 1750 se
692 1701 870 1751 conventum
894 1710 991 1770 neque
1003 1693 1042 1752 M.

79 1774 256 1838 Marcellum
290 1781 394 1834 contra
426 1773 562 1834 Caesaris
595 1791 714 1835 causam
748 1792 836 1853 posse
863 1775 1042 1854 perducere,

80 1878 192 1921 nomeu
213 1859 339 1937 Pompei
360 1877 397 1918 ex
419 1861 513 1919 scutis
536 1857 745 1928 detraxerunt,
769 1857 958 1928 Marcellum,
989 1863 1043 1940 qui

79 1964 114 2006 se
137 1944 273 2006 Caesaris
302 1960 423 2003 causam
455 1942 650 2003 defensurum
683 1941 896 2021 profitebatur,
936 1943 1042 2004 ducem

79 2029 273 2090 adsciverunt
288 2035 516 2106 praetoremque
532 2026 722 2106 appellarunt
737 2033 767 2088 et
782 2035 962 2089 conventum
983 2027 1043 2089 sibi

80 2114 286 2175 adiunxerunt
300 2119 456 2190 castraque
472 2110 508 2171 ad
524 2109 693 2183 Cordubam
709 2119 885 2190 posuerunt.
923 2112 1042 2174 Cassius
1062 2123 1078 2170 2

79 2217 117 2259 eo
142 2197 234 2258 biduo
258 2197 383 2256 circiter
405 2207 464 2278 111)
482 2195 564 2255 milia
588 2213 730 2275 passuum
759 2214 776 2256 a
799 2195 938 2258 Corduba
966 2199 1041 2257 citra
1104 2223 1108 2228 ·

80 2283 193 2343 flumen
214 2279 330 2342 Baetim
356 2282 389 2340 in
417 2278 521 2358 oppidi
548 2288 712 2359 conspectu
739 2279 805 2341 loco
828 2282 947 2342 excelso
969 2283 1042 2360 lacit

79 2374 194 2435 castra;
218 2365 337 2424 litteras
359 2363 395 2423 ad
418 2382 520 2441 regem
541 2363 695 2440 Bogudem
717 2366 749 2424 in
771 2363 981 2425 Mauritaniam
1011 2373 1042 2425 et

79 2451 120 2512 ll.
154 2447 302 2529 Lepidum
339 2447 552 2527 proconsulem
588 2450 619 2506 in
655 2447 830 2526 llispaniam
867 2451 1042 2509 citeriorem

80 2536 189 2604 mittit,
212 2531 350 2594 subsidio
371 2531 431 2592 sibi
453 2533 685 2610 provinciaeque
698 2531 834 2592 Caesaris
849 2550 938 2592 causa
953 2550 1042 2610 quam

78 2621 214 2699 primum
227 2618 355 2679 veniret.
394 2616 462 2695 lpse
478 2616 580 2677 hostili
596 2614 683 2676 modo
699 2615 939 2679 Cordubensium
954 2634 1042 2695 agros

79 2708 188 2771 vastat,
212 2701 349 2762 aedificia
372 2700 515 2761 incendit.
703 2740 706 2745 -

142 2785 203 2847 Lx.
248 2785 340 2847 Cuius
362 2787 408 2846 rei
430 2784 619 2845 deformitate
641 2791 729 2864 atque
751 2784 930 2863 indignitate
946 2785 1076 2862 legio-1

78 2889 149 2941 ues,
179 2888 256 2949 quac
284 2869 457 2930 Marcellum
486 2866 546 2928 sibi
574 2868 682 2928 ducem
710 2875 866 2947 ceperant,
901 2867 938 2927 ad
971 2886 1039 2927 eum

79 2960 319 3022 concurrerunt,
342 2961 376 3013 ut
398 2956 429 3013 in
451 2955 547 3013 aciem
570 2951 779 3022 educerentur,
794 2954 940 3032 priusque
968 2969 1040 3012 con-

76 3037 202 3118 fligendi
224 3037 284 3099 sibi
306 3044 438 3117 potestas
460 3038 554 3105 freret,
578 3054 666 3115 quam
689 3054 758 3096 cum
780 3043 862 3097 tanta
884 3043 1040 3097 contume-

32 3172 38 3176 .
78 3124 120 3186 lia
142 3122 349 3184 nobilissimae
377 3123 608 3200 carissimaeque
639 3122 843 3200 possessiones
866 3120 1040 3182 Corduben·

79 3211 158 3269 sium
181 3209 213 3266 in
236 3215 400 3285 conspectu
423 3224 477 3267 suo
499 3207 628 3284 rapinis,
656 3205 739 3264 ferro
766 3205 943 3283 fiammaque
967 3222 1039 3265 con·

76 3298 281 3353 sumerentur.
332 3289 506 3358 Marcellus
541 3306 609 3349 cum
642 3288 804 3366 confligere
833 3291 1079 3362 miserrimum2

64 3383 208 3454 putaret,
231 3374 312 3454 quod
334 3382 364 3436 et
386 3375 509 3436 victoris
532 3381 562 3434 et
583 3371 883 3434 victidetrimentum
907 3369 944 3432 ad
964 3389 1038 3432 eun·

75 3460 146 3521 dem
170 3459 327 3521 Caesarem
349 3467 428 3520 esset
449 3457 703 3528 redundaturum,
731 3475 831 3538 neque
857 3474 932 3516 suae
956 3464 1049 3532 pcto·

125 3572 144 3602 ct
158 3572 206 3602 m
220 3568 315 3601 amu.
343 3571 379 3605 m,
832 3546 852 3596 8
