2356 3870
264 215 380 271 133311
397 214 576 271 3311111311
593 215 642 271 as
659 215 795 272 33333.
875 169 878 175 ’
929 204 932 208 Α
957 215 1021 282 180

55 357 167 424 3113133,
181 355 220 410 ib.
233 361 263 423 3,
281 355 516 411 1333331333133
559 357 617 425 tur,
637 361 662 425 8,
682 360 711 422 5,
736 372 799 411 curn
815 373 919 429 magno
945 374 1021 414 3333-

35 428 155 482 ''urbem
176 424 275 480 habito
298 425 357 480 eius
385 425 473 480 oratio
498 442 516 481 3
560 426 618 480 citu
636 425 672 481 ad
695 427 849 496 Ruspinam
872 430 1020 499 appropin-

55 495 189 566 Pompeio
208 495 351 564 repetitur,
371 502 395 564 6,
414 504 442 562 1,
461 496 515 565 hy·
561 513 646 564 quare
665 497 818 566 nuntiatur,
837 504 879 566 30,
894 505 918 568 3,
938 500 1020 555 Utica

56 569 130 623 ciam
147 566 320 636 provinciam
338 566 459 634 sortitus,
477 566 515 621 ib.
559 566 744 622 adrumetum
761 568 957 640 proficiscitur,
977 577 1019 639 34,

57 645 83 706 5,
102 655 164 693 cum
179 639 205 690 Ii
217 636 374 718 legionibus
388 639 515 706 expecta·
562 642 590 704 1,
610 653 627 690 3
645 637 721 705 iuba,
741 637 789 706 qui
807 655 864 694 non
881 641 965 711 longe
984 643 1019 697 ab

55 711 103 762 tur
121 708 291 775 aPompero,
309 706 356 774 ΙΙΙ,
376 712 401 775 4,
421 713 450 772 3,
469 708 515 762 de·
560 722 594 761 eo
608 707 714 776 aberat,
724 707 829 762 auxilia
843 709 869 763 31
878 711 1019 766 abducun-

55 777 195 833 trimentis
219 776 259 831 ibi
282 777 404 846 acceptis
430 777 516 847 impe·
560 778 1018 848 133,36,4.5,313311331333333
1046 789 1056 809 ⁴

55 851 178 903 ratonem
201 863 231 902 se
254 847 393 915 appellat,
419 853 515 915 31,1,
561 847 672 903 33113133
695 848 897 918 condocefecit,
921 857 969 920 37,
996 859 1018 920 1,

57 917 211 987 (provincia
228 917 420 988 Pergamoque
441 918 515 973 male
562 917 651 972 Titios
669 917 770 973 fratres
785 919 821 973 ad
840 936 868 974 se
887 920 1020 977 deductos

56 989 169 1056 habitis,
185 1018 218 1027 -
233 993 276 1056 33,
291 991 327 1057 6,)
346 987 442 1042 fanum
451 987 516 1043 Dia·
560 987 798 1059 13133131334,
817 989 919 1044 cotidie
933 1009 1019 1062 prope

55 1075 109 1114 nae
126 1058 265 1127 Ephesiae
288 1058 446 1127 direpturus
469 1059 515 1114 lit-
560 1060 651 1113 castra
673 1058 733 1113 acie
754 1059 904 1128 instructa,
929 1068 975 1130 30,
996 1069 1019 1131 1,

55 1129 124 1184 13113
141 1128 257 1196 Pompei
274 1128 305 1182 in
323 1128 515 1184 Macedoniam
560 1129 668 1183 reducit
686 1128 794 1198 copias,
813 1136 846 1184 33
871 1136 899 1197 1,
923 1147 940 1184 3
958 1133 1018 1201 plu-

56 1199 357 1323 31333133,33,1(3ὲ,
385 1199 426 1254 ibi
452 1216 515 1254 cum
560 1199 637 1253 rimis
674 1199 803 1254 Numidis
839 1173 1019 1271 (laetulisque

55 1286 143 1339 prope
162 1270 271 1323 abesset
290 1284 308 1322 a
347 1288 374 1323 3.
383 1269 514 1340 Domitio,
560 1270 700 1335 desertus,
717 1270 755 1324 ib.
774 1276 799 1338 3,
825 1274 973 1340 postquam
992 1274 1019 1327 ΙΙ

55 1343 85 1394 in
104 1339 279 1394 Thessaliam
297 1339 333 1394 ad
352 1339 381 1394 C.
392 1339 516 1394 Cassium
560 1341 748 1409 speculatores
762 1340 798 1394 ad
808 1339 953 1397 Caesarem
968 1344 1018 1398 mi-

56 1428 85 1466 se
99 1409 244 1478 convertit,
263 1409 313 1478 qui
328 1409 393 1464 inde
407 1410 436 1464 in
450 1411 517 1481 Epi·
560 1411 609 1479 311,
627 1410 775 1480 legionarii
793 1412 829 1465 ab
851 1429 883 1466 eo
901 1413 1019 1470 31033-

55 1499 117 1536 rum
131 1479 283 1543 contendit,
298 1485 340 1541 36.
355 1481 479 1547 1.(-)5,
498 1497 516 1535 3
561 1497 650 1536 sarem
673 1480 848 1551 perfugiunt,
872 1488 921 1551 35,
946 1491 969 1538 1.
993 1491 1018 1539 4.

55 1550 179 1606 Favonio
190 1549 293 1605 auxilio
308 1550 468 1615 advocatus,
477 1547 516 1604 ib.
561 1557 590 1616 6;
628 1550 743 1605 Catonis
775 1552 928 1608 delectibus
959 1555 1019 1610 eius

57 1628 122 1689 -8,
141 1623 239 1675 contra
251 1619 405 1674 Domitium
424 1622 517 1675 castra
560 1621 893 1691 exercitusaugetur,36,
909 1630 936 1689 1,
956 1641 1019 1678 cum

56 1691 148 1762 ponit,
170 1696 217 1759 87,
239 1695 328 1759 1-5,
352 1689 382 1745 13
399 1690 515 1746 insidias
560 1689 1019 1759 Caesarpropiuseiusmunitiones

57 1763 93 1816 ab
112 1778 144 1815 33
162 1760 310 1828 inducitur,
330 1760 385 1830 (-)
399 1766 446 1830 38,
464 1767 514 1815 1.3
560 1759 727 1829 accessisset,
742 1766 785 1829 37,
796 1765 819 1814 5.
835 1767 877 1831 38,
888 1769 912 1830 3,
931 1780 1018 1832 31333

58 1834 143 1901 (-4);
162 1831 420 1885 1013113313133
436 1847 516 1899 man·¹
559 1830 684 1885 Uzittam
711 1830 837 1900 pellitur,
866 1837 913 1900 40,
941 1838 966 1886 4.
993 1842 1018 1888 a.

57 1903 130 1957 datis
147 1900 271 1955 Caesaris
290 1901 373 1955 adse
391 1901 514 1969 missum,
559 1907 611 1967 41,
630 1917 685 1954 non
699 1900 814 1969 propius
828 1901 864 1954 ad
873 1900 1019 1957 Caesarem
1055 1961 1056 1964 ,

56 1973 176 2027 maxime
194 1970 302 2026 Favoni
325 1970 461 2041 impulsu,
484 1988 515 2026 33
559 1970 745 2040 progreditur,
756 1977 800 2039 43,
813 1977 836 2039 1,
871 1974 960 2027 artem
974 1990 1018 2027 co-

55 2044 161 2098 iniecta
186 2041 316 2110 dimittit,
341 2047 387 2110 57,
412 2050 435 2096 1.
460 2041 514 2111 (Fr.
559 2041 668 2110 piarum
700 2039 730 2095 C.
763 1988 877 2095 (1333111
908 2043 1018 2114 3331311,

55 2132 82 2183 p.
104 2119 163 2167 143.
182 2130 208 2167 v.
229 2119 270 2167 10.
285 2113 357 2181 sqq.)
376 2118 402 2166 3.
421 2119 446 2168 5.
472 2118 515 2181 30,
560 2118 602 2166 43.
622 2112 705 2179 3313,
729 2127 763 2165 33
786 2112 905 2167 secundo
924 2114 1018 2169 Alieni

58 2192 87 2249 1,
114 2183 262 2251 Pompeius
282 2182 308 2238 ei
327 2183 429 2238 auxilio
451 2200 515 2253 pro·
560 2182 717 2237 commeatu
730 2181 756 2235 II
769 2182 887 2238 navibus
905 2184 941 2238 ad
955 2200 1019 2240 eum

55 2258 144 2324 perat,
165 2261 206 2317 78,
224 2257 302 2321 3-5,
321 2252 461 2310 Domitius
479 2254 515 2308 ab
560 2252 695 2321 deductis,
710 2258 752 2321 44,
763 2253 809 2322 (1.)
825 2259 849 2322 3,
869 2253 973 2309 milites
988 2255 1019 2309 13

57 2341 89 2380 33
108 2325 236 2392 discedit,
256 2329 298 2392 73,
317 2330 345 2391 3,
372 2324 515 2395 Gomphos
560 2339 607 2377 eas
633 2323 791 2392 impositos,
820 2339 882 2376 cum
908 2325 1019 2379 veniam

56 2395 159 2449 auxilio
178 2395 293 2449 vocatus
307 2392 433 2449 Larisam
451 2411 515 2448 con·
558 2393 1019 2461 aspernarentur,partiminterficit

55 2466 156 2534 tendit,
169 2471 212 2530 80,
223 2470 248 2518 3.
259 2469 284 2531 4,
304 2480 421 2533 eamque
436 2481 516 2519 occu·
560 2462 712 2530 partemin
726 2462 850 2532 legiones
864 2463 1016 2534 distribuit,

55 2537 119 2605 pat,
138 2541 185 2601 81,
204 2541 230 2588 3.
248 2538 278 2598 3,
306 2535 429 2588 exercitu
453 2550 516 2588 cum
560 2537 673 2600 45,1.3.
693 2537 778 2598 46,1,
796 2532 881 2588 Iubae
896 2533 1019 2589 adventu

55 2604 188 2673 Pompeio
223 2602 369 2658 coniuncto
403 2603 516 2658 honoris
561 2603 1018 2672 3311333331333133,48,1.3.

56 2676 115 2730 eius
129 2672 269 2743 particeps
281 2672 321 2741 fit,
336 2680 378 2743 83,
391 2680 414 2743 1,
434 2674 515 2728 Ρ313-
561 2678 585 2727 4.
609 2680 656 2740 43,
678 2680 705 2742 1,
733 2673 857 2728 Uzittam
885 2675 1019 2743 oppidum

56 2744 102 2815 pei
113 2743 229 2813 (generi)
246 2743 382 2799 affinitate
397 2745 516 2799 conlisus
560 2744 646 2812 tenet,
661 2749 703 2811 51,
718 2749 742 2796 3.
762 2749 805 2809 58,
820 2748 845 2810 4,
863 2743 971 2812 impetu
989 2745 1018 2800 in

56 2813 242 2870 sacerdotium
253 2813 378 2889 Caesaris
397 2815 516 2884 appetit,
562 2813 707 2868 Caesarem
748 2813 822 2867 facto
860 2830 1019 2884 magnaque

56 2890 140 2953 83,1,
159 2885 196 2937 ad
208 2883 376 2938 Pharsalum
394 2885 517 2940 mediam
561 2883 640 2937 clade
664 2884 780 2951 accepta
803 2899 820 2936 a
842 2884 938 2938 multis
963 2885 1019 2940 suis

56 2955 145 3010 aciem
158 2953 275 3023 Pompei
288 2956 375 3023 13331,
390 2961 432 3024 88,
447 2961 476 3021 3,
491 2955 517 3009 X
560 2953 1019 3023 (133331133,53,1.5,Α331313331
1133 2975 1135 2978 ·

54 3026 180 3095 legiones
194 3025 224 3080 in
237 3024 360 3080 Africam
371 3025 516 3080 adduxisse
561 3023 678 3078 Saserna
687 3023 857 3092 colloquium
868 3024 1019 3108 interdicit²

39 3097 169 3165 dicitur,
198 3095 256 3150 Afr.
286 3102 314 3164 1,
342 3102 372 3163 4,
407 3095 516 3151 litteras
562 3094 648 3148 lubae
662 3094 857 3164 superbissime
872 3098 1020 3164 segereutr

54 3167 152 3221 Planci
179 3166 208 3221 C.
233 3165 391 3235 Considius,
421 3182 438 3220 a
461 3182 516 3235 quo
561 3165 750 3234 obtemperat,
779 3170 835 3230 57.,
867 3165 944 3219 13333
976 3169 1020 3222 331

55 3255 126 3292 unus
157 3237 310 3306 imperator
336 3237 435 3307 populi
462 3236 516 3292 Ro·
560 3235 834 3305 perimpeditusante
849 3235 907 3290 eius
921 3235 1017 3306 aciem,

54 3308 131 3362 mani
140 3309 288 3377 iudicatur,
298 3308 335 3363 ad
345 3306 515 3377 summittit,
561 3312 608 3375 38,
627 3312 656 3375 3,
687 3321 759 3375 quae
788 3306 954 3361 describitur
976 3314 1018 3376 53,
1075 3308 1079 3313 ’

54 3384 85 3446 4,
105 3385 134 3446 4,
158 3379 242 3434 Iubae
262 3378 336 3450 regis
359 3378 516 3448 equitatum
560 3382 585 3430 3.
607 3377 670 3446 (-)
691 3383 720 3442 5,
757 3377 877 3432 secundo
913 3379 1018 3446 proelio

55 3466 89 3503 ex
102 3447 198 3504 Africa
214 3449 359 3520 provincia
377 3450 437 3517 alit,
457 3449 515 3504 eius
559 3447 683 3516 equestri
711 3447 787 3502 facto
813 3447 904 3502 laetus
931 3448 1023 3514 copiis

55 3519 246 3575 condicionem
272 3519 375 3576 Caesar
400 3520 514 3576 misera-
559 3517 686 3575 reductis
705 3510 809 3576 rur'sus
837 3515 1047 3572 calamitatem
