2356 3870
159 216 201 282 66
292 286 298 297 ,
418 201 424 218 “
479 221 528 277 ou
549 219 663 276 annuo
687 220 795 276 orum

128 389 285 468 aquisque
301 386 483 450 consulebat.
513 386 569 458 Qui
590 389 621 448 in
640 385 734 448 classe
755 393 855 455 erant,
878 386 1027 466 proficisci
1047 403 1119 465 pro·

158 472 313 552 perabant.
342 472 455 532 Horum
470 473 540 548 iuga
554 473 671 531 navium
684 472 889 531 onerariarum
900 472 1060 547 magistros
1072 472 1121 531 in·

159 556 285 616 citabat:
310 559 398 635 pauci
413 555 564 616 lenunculi
580 556 615 615 ad
632 556 761 615 officium
777 557 997 633 imperiumque
1011 571 1121 615 conve·

132 648 148 696 4
163 638 294 701 aiebant.
324 639 383 701 Sed
398 648 478 700 tanta
494 649 557 700 erat
572 639 727 717 completis
741 639 881 699 litoribus
891 639 1050 706 contentio,
1066 639 1119 717 qui

158 725 346 807 potissimum
361 742 396 784 ex
412 741 517 802 magno
532 741 657 783 numero
672 723 920 790 conscenderent,
937 730 969 783 ut
984 719 1119 783 multitu·

160 809 231 869 dine
247 816 335 887 atque
350 826 441 869 onere
456 808 589 868 nonnulli
605 807 859 886 deprimerentur,
882 806 993 886 reliqui
1007 805 1065 866 hoc
1080 807 1120 866 ti·

160 892 698 970 mmepmmnmadbemmmmumm
1001 908 1008 922 ‘

134 984 148 1033 1
222 975 397 1036 XXXXllll.
419 974 533 1045 Quibus
547 975 638 1035 rebus
652 976 774 1045 accidit,
791 983 823 1035 ul
837 977 925 1053 pauci
941 973 1053 1034 milites
1066 992 1121 1053 pa·

159 1069 280 1138 tresque
296 1060 442 1129 familiae,
458 1061 509 1138 qui
525 1067 575 1119 aut
590 1061 685 1136 gratia
700 1067 750 1119 aut
765 1059 969 1118 misericordia
985 1057 1120 1118 valerent

160 1149 210 1203 aut
231 1161 320 1203 naves
337 1143 446 1203 adnare
462 1152 596 1222 possent,
618 1146 732 1222 recepti
753 1145 784 1203 in
801 1142 934 1202 Siciliam
955 1141 1120 1203 incolumes
1145 1182 1148 1186 -

159 1228 361 1306 pervenirent.
391 1227 532 1306 Reliquae
553 1229 656 1306 copiae
675 1229 775 1287 missis
790 1226 827 1286 ad
841 1226 951 1286 Varum
970 1234 1060 1286 noctu
1074 1226 1119 1286 le-

134 1316 296 1388 agatorurn
311 1329 434 1371 numero
450 1309 675 1372 centurionibus
689 1330 753 1371 sese
769 1313 803 1370 ei
813 1310 1001 1371 dediderunt.
1041 1309 1119 1379 ilua·

160 1413 228 1456 rum
253 1395 419 1454 cohortium
445 1395 556 1456 milites
577 1402 697 1474 postero
719 1395 768 1455 die
791 1402 857 1455 ante
880 1394 1021 1474 oppidum
1044 1393 1120 1455 iuba

160 1479 356 1556 conspicatus,
373 1497 455 1539 suam
471 1497 535 1539 esse
547 1478 724 1558 praedicans
734 1479 885 1559 praedam,
901 1495 1038 1555 magnam
1049 1496 1119 1558 par·

160 1571 219 1622 tem
236 1580 339 1623 eorum
354 1564 483 1624 interfici
497 1565 599 1633 iussit,
623 1581 733 1641 paucos
755 1561 865 1623 electos
884 1565 916 1623 in
930 1579 1056 1640 regnum
1069 1580 1119 1622 re·

160 1647 256 1716 misit,
284 1665 351 1707 cum
372 1647 466 1708 Varus
491 1664 573 1708 suam
599 1648 687 1708 fidem
712 1646 749 1707 ab
776 1665 811 1707 eo
835 1646 914 1706 laedi
939 1655 1119 1726 quereretur

135 1740 256 1810 bneque
276 1733 418 1792 resistere
439 1732 571 1807 auderet.
611 1731 679 1810 lpse
705 1749 780 1811 equo
800 1733 832 1791 in
854 1730 996 1810 oppidum
1016 1738 1119 1792 vectus

159 1815 411 1895 prosequentibus
425 1814 629 1895 compluribus
643 1815 845 1885 senatoribus,
867 1833 926 1894 quo
945 1816 978 1874 in
992 1833 1118 1876 numero

160 1907 225 1958 erat
242 1898 307 1959 Ser.
324 1898 474 1978 Sulpicius
489 1908 518 1960 et
532 1900 666 1960 Licinius
680 1883 891 1977 damasippus,
912 1901 1016 1978 paucis
1040 1897 1118 1979 [die-

160 1979 246 2060 bus],
269 2000 344 2061 quae
359 1983 425 2042 lieri
440 1983 541 2054 vellet,
559 1983 662 2044 Uticae
677 1984 831 2044 constituit
846 1991 933 2061 atque
949 1984 1118 2062 imperavit,

160 2065 325 2145 diebusque
345 2074 412 2144 post
432 2069 536 2145 paucis
550 2085 582 2126 se
598 2068 628 2127 in
644 2084 769 2144 regnum
785 2085 853 2128 cum
868 2067 1008 2129 omnibus
1022 2069 1120 2147 copiis

159 2149 281 2228 reoemt

538 2302 734 2312 ..ω-..ψ

382 2491 425 2573 Ο.
459 2491 580 2575 iULI
616 2491 895 2578 CAESARIS

277 2679 373 2762 DE
418 2679 675 2764 BELLO
722 2683 1003 2767 OIVILI

353 2850 699 2917 connmnmmus
722 2851 917 2917 nunnius

498 3091 773 3152 ARGUMENTUM.

250 3222 293 3293 [A.
311 3225 346 3276 U.
364 3224 394 3275 d.
411 3223 540 3290 DCCVI]
576 3225 599 3275 1.
629 3223 749 3275 Caesar
766 3224 870 3290 Epiro
888 3226 1028 3291 potitur.

227 3307 324 3360 Caesar
342 3310 421 3360 rebus
439 3309 550 3359 urbanis
568 3308 735 3373 compositis,
753 3313 897 3374 postquam
909 3309 947 3358 XI
959 3309 1061 3360 dierum
1079 3309 1118 3360 di·

159 3382 267 3433 etetura
289 3392 318 3427 se
339 3377 486 3438 abdicavit,
509 3376 607 3426 iterum
630 3375 725 3425 consul
746 3375 834 3426 iactus
856 3376 1031 3428 Brundisium
1053 3377 1120 3440 abit,

159 3438 273 3494 e.1.11.
313 3445 457 3508 Pompeius
478 3459 511 3492 ex
532 3443 598 3494 Asia
616 3457 729 3506 magnas
752 3444 844 3509 copies
862 3445 948 3509 cogit,
970 3462 992 3495 c.
1010 3445 1119 3497 111-v.

152 3509 254 3562 Caesar
273 3517 354 3577 parte
377 3510 472 3564 classis
490 3512 591 3563 amissa
608 3512 637 3562 in
654 3510 793 3563 Graeciam
809 3512 911 3576 traicit3
933 3512 970 3564 M.
988 3512 1120 3565 Octavius
