2356 3870
136 195 178 262 ‘12
448 167 504 256 'un
525 201 640 257 nunno
663 200 773 257 crvnn
811 252 814 257 ,

110 373 213 437 orant,
229 370 260 428 in
275 369 410 447 pronima
425 367 527 428 Octavi
542 376 639 428 castra
653 370 843 447 inruperunt.
876 368 930 430 llis
945 384 1097 447 expugna·

136 455 176 513 tis
191 452 296 513 eodem
311 455 424 531 impetu
439 452 532 512 altera
547 460 617 512 sunt
631 452 738 522 adorti,
756 453 827 513 inde
842 455 932 513 tertia
947 460 978 513 et
992 459 1097 532 quarta

137 545 168 597 et
182 536 323 615 delneeps
337 537 462 615 reliqna,
479 535 675 616 omnibusque
690 555 742 598 eos
757 539 864 598 castris
878 535 1056 616 expulemnt
1067 543 1097 597 et

136 637 244 697 magno
258 638 384 681 numero
398 621 557 683 interiecto
571 621 702 700 reliquos
719 630 809 700 atque
824 624 925 700 ipsum
941 620 1097 682 Octavium

136 707 167 765 in
188 722 278 766 naves
298 706 459 784 confugere
480 711 651 782 coegerunt.
697 704 769 786 [Hic
789 707 847 766 luit
866 705 1098 784 oppugnationis

110 786 257 869 teritus]
290 789 410 870 lamque
431 789 527 850 hiems
547 789 820 870 adpropinquabat,
841 796 872 849 et
892 791 983 851 tantis
1002 788 1098 865 detri-

136 875 246 934 mentis
266 877 396 953 acceptis
416 873 556 935 Octavius
576 876 731 954 desperata
752 875 971 954 oppugnatione
992 871 1098 952 oppidi

136 957 355 1037 Dyrrhachium
370 976 437 1020 sese
452 958 489 1018 ad
503 958 678 1039 Pompeium
692 962 817 1039 recepit.

111 1051 125 1097 1
201 1041 237 1102 X.
267 1042 551 1113 Demonstravimus,
579 1043 613 1104 L.
638 1026 800 1104 Vibullium
823 1041 946 1110 Rodum,
971 1040 1098 1120 Pompei

135 1127 335 1204 praelectum,
357 1126 456 1187 bisin
476 1135 652 1206 potestatem
671 1129 842 1207 pervenisse
858 1125 992 1187 Caesaris
1007 1131 1099 1204 atquo

137 1208 174 1269 ab
190 1227 225 1268 eo
240 1229 305 1272 esse
321 1211 492 1281 dimissum,
513 1211 605 1272 semel
620 1211 657 1272 ad
672 1213 849 1280 Corinium,
870 1212 981 1271 iterum
996 1211 1028 1269 in
1043 1208 1100 1270 Hi·

109 1300 125 1348 2
138 1295 250 1372 spania.
280 1294 366 1355 Hunc
381 1313 436 1374 pro
451 1298 514 1357 suis
528 1296 683 1357 beneficiis
698 1297 806 1358 Caesar
826 1295 966 1356 idoneum
980 1293 1100 1354 iudica·

136 1386 232 1448 verat,
263 1396 353 1458 quem
372 1397 440 1440 cum
460 1380 606 1441 mandatis
626 1380 663 1441 ad
683 1381 736 1442 Cn.
757 1381 932 1458 Pompeium
951 1379 1098 1448 mitteret,

137 1462 323 1542 eundemque
343 1464 420 1542 opud
437 1464 489 1525 Cn.
505 1464 679 1544 Pompeium
699 1466 907 1525 auctoritatem
921 1461 1034 1522 babere
1049 1463 1099 1522 in·

109 1546 305 1624 stellegebat.
334 1547 409 1608 Erat
422 1555 520 1609 autem
536 1550 609 1609 haec
620 1567 732 1610 somma
747 1549 967 1608 mandatorum:
984 1545 1099 1607 debere

136 1638 294 1712 utrumque
315 1635 498 1710 pertinaciae
519 1635 609 1695 finem
621 1634 721 1694 lacere
737 1640 767 1694 et
781 1632 818 1693 ab
835 1633 925 1692 armis
941 1629 1097 1690 discedere

109 1722 234 1794 tneque
256 1716 382 1795 amplius
401 1718 551 1778 fortunam
576 1718 750 1796 periclitari.
795 1716 875 1777 Satis
898 1732 964 1776 esse
988 1731 1100 1792 magna

135 1802 284 1879 utrimque
313 1803 500 1865 incommoda
529 1809 664 1882 accepta,
695 1819 771 1881 quae
800 1818 855 1879 pro
880 1796 1041 1877 disciplina
1066 1805 1099 1860 et

134 1887 303 1963 praeceptis
328 1885 440 1946 babere
463 1893 599 1965 possent,
625 1895 660 1946 ut
677 1887 810 1964 reliquos
831 1902 917 1945 casus
936 1885 1096 1943 timerent=

107 1968 219 2029 nillum
233 1968 318 2029 ltalia
337 1970 493 2048 expulsum
513 1971 621 2030 amissa
635 1969 737 2031 Sicilia
758 1977 788 2030 et
804 1967 944 2029 Sardinia
964 1965 1096 2028 duabus·

134 2069 192 2130 que
207 2051 360 2131 llispaniis
380 2061 410 2113 et
430 2053 604 2114 cohortibus
622 2052 659 2116 iu
679 2054 764 2115 ltalia
784 2061 873 2131 atque
889 2052 1032 2130 Hispania
1051 2052 1095 2111 ci-

134 2137 215 2195 vium
230 2135 430 2196 Romanorum
445 2144 564 2197 centum
579 2145 666 2218 atque
682 2151 772 2208 xxx;
796 2155 828 2197 se
843 2143 940 2197 morte
956 2135 1099 2197 Curionis

135 2228 165 2279 et
186 2220 363 2283 detrimento
379 2222 511 2282 Africani
530 2225 680 2283 exercitus
702 2230 783 2284 tanto
804 2221 991 2300 militumque
1012 2218 1096 2280 dedi·

84 2305 218 2362 .utione
239 2304 276 2367 ad
307 2300 466 2366 Curictam.
503 2305 630 2367 Proinde
652 2306 711 2367 sibi
732 2324 765 2367 ac
785 2305 969 2384 reipublicae
989 2320 1098 2381 parce·

134 2394 218 2456 rent,
238 2405 322 2465 mm,
338 2392 527 2468 quantumin
543 2391 621 2452 bello
634 2393 752 2453 fortuna
767 2396 884 2468 posset,
901 2391 961 2450 iam
976 2389 1034 2467 ipsi
1048 2389 1096 2448 in·

108 2473 299 2533 'tcommodis
321 2476 383 2535 suis
403 2477 477 2535 satis
496 2482 597 2535 essent
614 2476 801 2536 documento.
831 2474 894 2535 lloe
913 2489 1007 2533 unum
1029 2489 1097 2532 esse

134 2564 252 2634 tempus
273 2557 309 2617 de
330 2576 404 2637 pace
425 2559 546 2636 agendi,
568 2561 639 2621 dum
660 2559 719 2620 sibi
739 2568 865 2638 uterque
886 2557 1050 2618 confideret
1064 2562 1098 2617 et

133 2657 222 2717 pares
242 2640 328 2702 ambo
348 2641 536 2714 viderentur;
566 2647 592 2704 si
613 2661 683 2704 vero
698 2645 786 2705 alteri
800 2643 920 2723 paulum
935 2641 1022 2702 modo
1037 2643 1095 2701 tri·

133 2723 249 2785 buissel
273 2726 409 2797 senuna,
435 2745 495 2787 non
520 2745 585 2789 esse
610 2746 735 2789 usurum
760 2726 985 2788 condicionibus
1009 2727 1097 2805 pacis

133 2827 211 2880 eum,
227 2812 280 2890 qni
294 2813 432 2891 superior
446 2811 607 2882 videretur,
625 2829 721 2892 neque
735 2813 799 2873 lore
815 2829 909 2892 aequa
923 2816 1007 2890 parte
1022 2827 1095 2870 con·

105 2900 258 2965 utentum,
275 2898 373 2974 quise
389 2898 488 2957 omnia
502 2896 674 2958 habiturum
688 2897 861 2958 confideret.
896 2894 1098 2957 Condiciones

131 2981 228 3055 pacis,
249 2983 390 3057 quoniam
410 2988 497 3041 antea
518 2984 678 3043 convenire
698 3000 757 3043 non
778 2983 959 3061 potuissent,
982 2979 1096 3039 Romae

105 3060 183 3130 aab,
200 3058 303 3123 senatu
333 3073 362 3126 et
391 3083 408 3125 a
436 3065 545 3144 populo
573 3068 635 3145 peti
664 3065 784 3126 debere.
828 3065 946 3149 lnterea
975 3072 1006 3123 et
1032 3065 1095 3124 rei·

131 3145 269 3223 publicae
297 3153 327 3206 et
353 3150 427 3226 ipsis
453 3150 573 3228 placere
596 3158 750 3231 oportere,
780 3152 805 3210 si
825 3157 951 3228 uterque
972 3149 1003 3208 in
1021 3164 1094 3207 con·

131 3231 212 3289 tione
242 3232 342 3292 statim
369 3233 541 3305 iuravisset,
572 3253 604 3295 se
633 3235 733 3297 triduo
762 3236 898 3314 proximo
928 3234 1094 3293 exercitum

93 3313 338 3376 sodimissurum.
372 3315 521 3395 Depositis
546 3321 638 3381 armis
663 3320 856 3399 auxiliisque,
882 3316 991 3397 quibus
1012 3332 1094 3376 nunc

131 3399 331 3470 confiderent,
361 3407 532 3464 necessario
557 3404 658 3483 populi
684 3412 863 3483 senatusque
889 3402 1001 3462 indicio
1026 3403 1094 3462 lore

87 3489 290 3565 metrumque
311 3492 493 3548 contentum.
540 3486 635 3570 [Haec
649 3507 709 3569 quo
728 3488 848 3550 lucilius
861 3487 1003 3568 Pompeio
1022 3504 1093 3566 pro·
