2356 3870
352 204 451 260 couti.
468 204 519 260 Vll
536 205 605 262 CAP.
621 206 814 262 Llll-Lllllll.
996 211 1056 272 155

97 377 144 431 tus
157 339 262 468 relicta
283 379 385 436 erant;
407 368 476 429 inde
499 387 567 429 cum
582 368 720 429 omuibus
741 371 833 448 copiis
848 371 885 432 ad
901 371 1057 433 Caesarem

95 460 257 597 pervlieilultll.
289 537 460 597 Defectione
474 537 646 598 Aeduorum
662 539 778 615 cognita
792 538 903 599 bobum
920 548 1056 616 augetur.
1074 547 1088 598 t

95 619 270 699 Legationes
299 623 330 681 in
354 638 458 680 omnes
477 629 578 699 partes
599 623 885 691 circummittuntur3
914 631 1090 699 quantuma

95 706 196 782 gratia,
212 707 399 773 auctoritate,
414 706 540 783 pecunia
556 703 668 774 valent,
685 704 722 765 ad
736 705 935 767 sollicitandas
957 709 1057 768 civita·

94 797 138 850 tes
151 789 303 855 nituntur:
326 790 405 848 nacti
425 788 558 857 obsides,
582 805 656 865 quos
672 789 778 850 Caesar
799 790 877 867 apud
901 808 952 850 eos
966 790 1090 869 depo-3

94 880 209 942 suerat,
230 871 338 933 horum
359 871 505 950 supplicio
531 872 698 933 dubitantes
724 875 869 934 territant.
911 875 1022 934 Petunt
1042 883 1090 936 aa

94 958 336 1034 Vercingetorige
349 955 458 1024 Aedui,
474 963 508 1016 ut
520 957 600 1017 adse
615 958 712 1017 veniat
721 959 913 1034 rationesque
924 957 995 1018 belli
1005 976 1056 1035 ge·

93 1040 179 1101 rendi
195 1041 402 1100 communicet.
447 1039 491 1099 Re
515 1043 673 1119 impetrata
700 1040 899 1111 contendunt,
928 1051 960 1101 ut
985 1039 1090 1120 ipsis‘b

93 1143 208 1186 summa
222 1126 341 1203 imperii
360 1123 508 1192 tradatur,
531 1133 562 1183 et
579 1143 614 1184 re
633 1125 665 1185 in
686 1126 918 1186 controversiam
932 1125 1057 1200 deducta

93 1211 184 1268 totius
205 1207 317 1268 Galliae
337 1206 496 1268 concilium
510 1206 648 1269 Bibracte
667 1209 818 1270 indicitur.
855 1209 968 1269 Eodem
988 1218 1091 1270 con-d

93 1296 217 1353 veniunt
238 1291 370 1368 undique
390 1293 572 1367 frequentes.
613 1291 809 1354 Multitudinis
836 1293 984 1370 suffragiis
1009 1312 1058 1353 res

93 1377 292 1456 permittitur:
309 1375 345 1435 ad
361 1394 453 1436 unum
466 1393 568 1436 omnes
580 1377 849 1456 Vercingetorigem
860 1376 989 1454 probant
1003 1379 1057 1437 im-

94 1471 276 1540 peratorem.
297 1459 341 1520 Ab
352 1458 410 1519 hoc
422 1459 546 1519 concilio
557 1459 651 1528 Remi,
669 1460 826 1538 Lingones,
842 1461 965 1521 Treveri
977 1463 1058 1522 aiue-
1074 1469 1090 1517 't

92 1552 181 1614 runt,
196 1543 249 1613 illi,
266 1543 344 1620 quod
360 1544 517 1604 amicitiam
532 1543 733 1604 Romanorum
748 1543 967 1621 sequebantur,
984 1545 1058 1604 Tre-

93 1631 165 1698 veri,
184 1628 264 1705 quod
279 1627 402 1688 aberant
422 1627 539 1704 longius
560 1635 590 1687 et
610 1628 646 1688 ab
663 1628 816 1688 Germanis
833 1627 1058 1706 premebantur,

93 1731 171 1791 quae
186 1713 243 1772 luit
254 1730 352 1780 carisa,
369 1728 461 1788 quare
472 1719 534 1771 toto
546 1711 685 1772 abessent
695 1711 774 1771 bello
787 1718 816 1772 et
827 1713 941 1772 neutris
952 1711 1060 1772 auxilia

93 1800 261 1858 mitterent.
292 1795 398 1873 Magno
414 1794 517 1855 dolore
531 1795 625 1856 Aedui
640 1796 741 1856 lerunt
755 1814 787 1856 so
802 1796 934 1856 deiectos
947 1796 1059 1873 princi·
1075 1802 1092 1853 8

93 1888 181 1960 patu,
198 1886 367 1958 queruntur
381 1882 519 1940 iortunae
539 1881 800 1939 commutationem
821 1888 851 1938 et
866 1879 999 1940 Caesaris
1013 1881 1058 1940 in-

93 1964 277 2042 dulgentiam
296 1967 328 2023 in
348 1981 381 2022 se
401 1965 572 2040 requirunt,
595 1980 692 2039 neque
713 1970 812 2023 tamen
826 1970 965 2041 suscepto
981 1962 1059 2023 bello

93 2066 183 2110 suum
198 2047 356 2107 consilium
371 2046 407 2107 ab
422 2046 546 2123 reliquis
561 2065 700 2127 separare
716 2047 834 2108 audent.
871 2047 957 2107 Inviti
977 2065 1058 2107 sum·
1073 2053 1090 2104 e

93 2151 161 2194 mae
177 2133 241 2210 spei
257 2132 460 2193 adulescentes
475 2131 660 2208 Eporedorix
676 2138 706 2191 et
720 2131 922 2193 Viridomarus
937 2132 1058 2192 Vercin-

96 2217 226 2295 getorigi
239 2223 355 2293 parent.

114 2318 117 2322 ’
161 2299 276 2360 LXlllL
303 2300 371 2378 lpse
386 2301 514 2378 imperat
524 2300 646 2377 reliquis
658 2300 824 2362 civitatibus
836 2300 954 2362 obsides
965 2300 1058 2360 diem·
1075 2307 1089 2357 t

96 2401 155 2462 que
170 2383 241 2444 huic
255 2385 301 2443 rei
316 2385 484 2452 constituit;
501 2402 605 2458 omnes
626 2387 755 2461 equites,
771 2403 813 2445 xv
828 2384 908 2445 milia
922 2401 1058 2451 numero,

96 2467 236 2529 celeriter
251 2469 409 2528 convenire
420 2467 511 2528 iubet.
542 2468 688 2538 Peditatu,
705 2486 797 2548 quem
804 2478 890 2528 antea
905 2466 1058 2536 babuerat,
1074 2476 1091 2524 2

95 2570 128 2614 se
142 2553 210 2612 iore
225 2560 398 2611 contentum
412 2552 491 2620 dicit,
506 2569 603 2629 neque
614 2555 764 2614 fortunam
778 2558 990 2630 temptaturum
1006 2560 1056 2611 aut

95 2637 126 2697 iu
141 2637 205 2696 acie
220 2634 441 2705 dinricaturum,
457 2635 519 2705 sed,
537 2639 675 2712 quoniam
687 2635 816 2696 abundet
827 2637 968 2712 equitatu,
983 2652 1051 2714 per-

96 2719 183 2781 lacile
199 2737 266 2778 esse
285 2719 366 2779 iactu
385 2719 663 2781 frumentationibus
682 2718 979 2797 pabulationibusque
998 2718 1058 2778 lio·

97 2821 202 2864 manos
222 2801 398 2881 probibere,
421 2820 516 2880 aequo
537 2804 624 2865 ruodo
645 2805 742 2864 animo
763 2820 817 2863 sua
837 2804 895 2880 ipsi
909 2804 1090 2862 frumcntat

97 2894 294 2966 corrumpant
307 2887 497 2964 aedificiaque
511 2888 686 2955 incendant,
709 2903 765 2962 qua
780 2886 826 2946 rei
845 2885 996 2946 familiaris
1017 2886 1058 2945 ia·

98 2979 184 3032 ctura
198 2979 378 3050 perpetuum
392 2972 551 3050 imperium
571 2971 798 3046 libertatemque
812 2988 845 3029 se
860 2971 1002 3046 consequi
1016 2971 1058 3029 vi·

98 3055 197 3116 deaut.
233 3054 286 3115 llis
307 3056 474 3115 constitutis
499 3054 591 3116 rebus
610 3054 720 3116 Aeduis
740 3053 980 3130 Segusiavisqu'e.
1008 3055 1090 3130 quit

98 3147 169 3200 sunt
178 3139 297 3198 linitimi
307 3140 483 3217 provinciae,
498 3138 600 3200 decem
613 3138 691 3199 milia
704 3138 835 3216 peditum
848 3139 988 3217 imperat;
1000 3137 1059 3198 buc

98 3221 180 3284 addit
192 3223 307 3298 equites
319 3224 512 3300 octingentos.
540 3222 591 3282 His
602 3223 735 3301 praelicit
746 3223 868 3283 fratrem
880 3221 1058 3301 Eporedori·
1074 3228 1090 3279 b

99 3308 145 3385 gis
159 3305 332 3384 bellumque
346 3307 453 3367 inlerri
466 3305 672 3384 Allobrogibus
687 3305 780 3366 iubet.
810 3305 910 3367 Altera
925 3325 960 3365 ex
975 3311 1091 3384 partec

100 3389 229 3452 Gabalos
244 3392 456 3470 proximosque
470 3408 562 3469 pagos
574 3392 774 3451 Arvernorum
790 3392 820 3449 in
835 3389 971 3457 Helvios,
986 3390 1059 3448 item

99 3472 234 3536 Rutenos
255 3474 463 3552 Cadurcosque
487 3473 523 3536 ad
547 3474 622 3538 lines
643 3473 805 3540 Volcarum
824 3475 1077 3539 Arecomicorum
