2356 3870
127 205 168 266 30
447 200 487 257 RE
504 201 610 258 BELLO
625 199 764 257 annulae

127 367 291 428 calamitate
302 365 339 425 de
351 372 432 426 tanta
442 364 592 443 voluptate
608 372 638 425 et
646 363 844 443 gratulatione
856 364 1013 441 quicquam
1023 365 1084 426 ior·

94 458 197 511 'Ituna
211 450 405 510 deminuerat.
443 448 472 509 is
487 466 520 510 se
534 455 691 527 praesente
707 448 743 508 de
758 465 791 508 se
805 456 852 508 ter
867 446 998 508 sortibus
1014 466 1085 508 con·

127 534 238 595 sultum
253 531 384 602 dicebat,
406 539 507 594 utrum
522 533 585 610 igni
598 533 697 593 statim
712 537 871 592 necaretur
896 552 933 594 an
959 532 990 591 in
1006 531 1087 593 aliud

125 625 244 697 tempus
264 623 484 678 reservaretur:
514 617 639 676 sortium
658 615 803 676 beneficio
824 633 858 675 se
884 633 950 675 esse
969 615 1085 676 incolu-

95 710 214 763 ssmem.
258 700 333 761 item
352 700 469 761 Marcus
490 700 597 760 Metius
622 706 761 780 repertus
787 698 877 759 etad
903 717 971 759 eum
996 699 1086 760 redu·

126 794 193 846 ctus
208 792 261 845 est.

94 875 109 926 t
187 868 275 928 LIIII.
298 867 362 928 Hoc
374 868 491 947 proelio
506 877 589 930 trans
603 867 740 930 Rhenum
754 867 890 927 nuntiato
906 865 1013 935 Suebi,
1036 868 1087 943 qui

127 953 163 1012 ad
177 953 258 1031 ripas
271 949 368 1011 Rheni
381 960 533 1020 venerant,
550 953 671 1012 domum
685 952 795 1011 reverti
810 957 990 1028 coeperunt;
1011 966 1086 1026 quos

126 1035 208 1104 Ubii,
231 1036 282 1112 qui
300 1037 429 1113 proximi
442 1035 579 1096 Rhenum
599 1034 747 1104 incolunt,
769 1035 946 1114 perterritos
968 1031 1085 1114 [sense-

93 1116 209 1198 nrunt]
224 1119 360 1186 insecuti,
373 1135 513 1196 magnum
528 1138 564 1180 ex
579 1118 625 1179 bis
639 1136 798 1180 numerum
813 1116 995 1178 occiderunt.
1013 1116 1085 1177 Cae·

126 1220 184 1272 sar,
197 1219 256 1261 una
267 1206 379 1262 aestate
393 1201 510 1263 duobus
520 1203 656 1263 maximis
670 1202 756 1264 bellis
772 1202 924 1269 coniectis,
940 1201 1086 1261 maturius

126 1285 229 1365 paulo,
255 1301 344 1362 quam
362 1291 480 1365 tempus
501 1288 570 1347 anni
589 1286 771 1364 postulabat,
793 1287 824 1346 in
843 1284 968 1346 hiberna
984 1286 1015 1344 in
1031 1283 1084 1344 Se·

95 1375 241 1445 aquanos
262 1370 425 1429 exercitum
450 1368 588 1437 deduxit3
616 1369 750 1430 hibernis
769 1368 934 1430 Labienum
957 1385 1085 1448 praepo·

125 1454 199 1518 suit:
227 1453 343 1530 ipsein
369 1454 538 1514 citeriorem
559 1451 681 1513 Galliam
706 1453 743 1514 ad
768 1459 930 1514 conventus
955 1452 1086 1530 agendos

125 1537 279 1615 proiectus
296 1542 349 1595 est.

354 2040 398 2122 O.
430 2042 552 2126 IULI
588 2043 866 2133 CAESARIS

116 2287 118 2290 >
213 2227 303 2309 DE
344 2230 604 2315 BELLO
648 2235 1019 2322 GALLIOO
1091 2298 1094 2303 -

290 2415 645 2489 communiales
675 2420 920 2489 sucunnns.

467 2760 738 2823 ARGUMENTUM.

172 2887 217 2955 [Δ.
235 2889 269 2940 U.
289 2889 320 2942 O.
337 2889 638 2956 DGLXXXXVH]
662 2893 684 2944 1.
703 2894 833 2945 Bellum
850 2895 1040 2961 Belgicam.

192 2990 296 3054 Belgae
314 3007 407 3042 omnes
421 2998 516 3044 contra
534 2993 664 3059 populum
675 2994 828 3046 Romanum
841 2998 987 3048 coniurant
1004 3011 1084 3061 prae·

126 3060 168 3106 ier
178 3054 285 3109 Remos.
303 3057 404 3108 Eorum
418 3059 547 3124 oppidum
557 3061 661 3112 Bibrax
679 3078 696 3113 a
708 3063 803 3128 Belgis
814 3068 1002 3130 oppugnatum
1014 3061 1084 3113 an-

125 3137 170 3172 aar
190 3122 312 3174 subsidio
334 3125 416 3176 misso
440 3127 581 3178 obsidione
605 3129 719 3194 liberat,
743 3130 869 3185 o.1-x.
901 3129 1084 3182 Discedentes

124 3189 227 3254 Belgas
244 3191 386 3242 insecutus
403 3193 432 3242 in
451 3194 545 3258 fugam
563 3196 679 3261 conicit,
705 3212 728 3250 c.
746 3197 794 3251 XI.
831 3197 1001 3262 Suessiones,
1018 3197 1083 3247 Bel·

124 3255 247 3320 lovacos,
259 3258 409 3309 Ambianos
422 3259 542 3311 infidam
555 3263 668 3328 accipit,
688 3279 712 3317 c.
723 3264 872 3319 XII-XV.
893 3266 1010 3316 Nervios
1028 3265 1083 3315 ior·

124 3325 190 3373 liter
207 3332 392 3390 repugnantes
411 3342 471 3376 cum
488 3327 668 3381 Atrebatibus
689 3346 723 3381 ae
740 3332 933 3384 Viromanduis
951 3332 1083 3394 devincit,

125 3405 149 3444 o.
167 3390 393 3445 XVI—XXVIII.
415 3393 485 3443 Item
502 3395 661 3448 Aduatucos
679 3399 806 3451 obsessos
823 3416 924 3465 magna
945 3398 1023 3450 elada
1041 3399 1083 3449 ai·

124 3456 190 3521 licit,
210 3475 234 3510 c.
251 3459 547 3515 XXVHH—XXXIII.
