2356 3870
126 208 185 268 108
446 201 485 257 DE
494 199 604 257 numo
619 197 759 256 omnmo

95 367 280 445 acepissent.
326 365 378 425 llis
406 365 585 425 confirmatis
612 363 703 424 rebus
725 362 890 426 Commium
912 360 1083 424 Atrebatem

125 468 193 510 cum
209 450 340 526 equitatu
361 447 491 508 custodis
505 446 571 507 loco
585 448 616 507 in
631 447 774 526 Menapiis
794 446 950 523 relinquit,
971 447 1083 526 ipsein

125 533 271 594 Treveros
285 532 491 611 proficiscitur.

95 623 108 673 1
188 615 247 677 Vll.
282 616 358 676 Dum
380 615 453 676 baec
468 633 484 676 a
499 614 624 675 Caesare
643 621 803 690 geruntur,
824 612 948 674 Treveri
967 613 1085 690 maguis

126 701 235 760 coactis
255 699 403 779 peditatus
424 700 631 776 equitatusque
651 698 743 777 copiis
759 694 921 756 Labienum
941 713 1010 756 cum
1026 713 1084 756 una

125 782 257 860 legione,
274 800 351 860 quae
365 785 395 843 in
412 800 516 843 eorum
530 780 638 841 finibus
652 779 848 849 hiemaverat,
870 779 982 840 adoriri
995 797 1083 858 para·

95 865 210 936 abant,
232 869 350 943 iamque
365 866 403 927 ab
419 885 454 927 co
469 883 530 926 non
549 864 666 942 longius
686 863 768 925 bidui
788 865 833 923 via
854 863 994 933 aberant,
1016 880 1084 923 cum

94 948 197 1011 aduae
219 951 334 1011 venisse
353 949 485 1027 legiones
505 949 597 1008 missu
618 946 750 1008 Caesaris
771 953 963 1025 cognoscunt
999 946 1083 1007 Posi·

126 1034 164 1092 tis
181 1034 284 1094 castris
299 1051 317 1093 a
331 1031 451 1093 mdibus
467 1049 608 1110 passuum
622 1051 664 1092 xv
679 1030 785 1092 auxilia
800 1031 1017 1092 Germanorum
1033 1047 1084 1090 ex·

96 1122 246 1194 spectare
267 1117 457 1177 constituunt
488 1114 636 1175 labienus
658 1114 789 1176 hostium
810 1116 928 1193 cognito
948 1113 1083 1183 consilio,

127 1216 266 1277 sperans,
288 1201 455 1260 temeritate
470 1217 576 1259 eorum
590 1198 656 1258 iore
676 1197 804 1276 ahquam
818 1197 976 1259 dimicandi
989 1195 1084 1258 lacul-

126 1288 232 1352 tatem,
253 1282 401 1361 praesidio
417 1283 548 1359 quinque
563 1281 730 1343 cohortium
744 1281 963 1361 impedimentis
977 1279 1084 1343 relicto

127 1384 193 1426 eum
208 1366 310 1443 viginti
325 1367 456 1443 quinque
471 1364 643 1426 cohortibus
658 1382 825 1444 magnoque
837 1367 968 1442 equitatu
980 1372 1084 1426 contra

125 1446 241 1509 hostem
261 1449 460 1527 proficiscitur
480 1456 510 1509 et
530 1448 610 1509 mille
635 1467 777 1528 passuum
795 1450 967 1510 intermisso
989 1450 1085 1527 spatio

43 1553 45 1557 ¹
94 1538 111 1589 o
126 1538 222 1592 castra
233 1534 403 1594 communit.
426 1532 497 1593 Erat
511 1533 590 1593 inter
604 1532 766 1593 Labienum
780 1539 869 1610 atque
881 1531 997 1593 hostem
1008 1531 1085 1592 diiii·

127 1614 175 1676 oili
190 1617 316 1676 transitu
336 1615 448 1678 llumen
466 1617 601 1695 ripisque
620 1617 798 1695 praeruptis.
829 1615 897 1676 lloo
907 1631 1006 1693 neque
1020 1617 1085 1694 ipse

125 1700 253 1761 transire
268 1698 395 1761 habebat
408 1701 440 1760 in
454 1701 552 1761 animo
567 1716 665 1776 neque
680 1699 781 1761 hostes
792 1701 971 1760 transituros
983 1700 1083 1760 existi·

94 1782 232 1843 amabat.
262 1784 433 1861 Augebatur
454 1783 631 1844 aurihorum
652 1783 760 1845 cotidie
780 1800 858 1862 spes.
889 1782 1035 1860 Loquitur
1053 1783 1085 1842 in

127 1866 249 1927 consilio
270 1867 383 1946 palam,
406 1869 544 1944 quoniam
565 1866 706 1928 Germani
725 1867 964 1946 adpropinquare
984 1865 1084 1926 dican·

125 1954 190 2019 tur,
213 1968 280 2011 sese
300 1969 369 2011 suas
390 1952 598 2026 enercitusque
619 1952 754 2011 fortunas
774 1949 942 2011 indubium
956 1967 1018 2010 non
1033 1947 1085 2010 de·

126 2040 299 2095 vocaturum
325 2040 356 2094 et
379 2041 500 2112 postero
521 2032 568 2093 die
593 2036 689 2112 prima
713 2034 782 2095 luce
807 2041 902 2095 castra
922 2040 1084 2094 moturum.

95 2114 271 2176 7Celcriter
292 2114 365 2176 haee
385 2117 422 2177 ad
443 2116 542 2177 hostes
563 2117 755 2186 deferuntur,
781 2124 815 2176 ut
836 2134 872 2177 ex
893 2133 1000 2194 magno
1017 2114 1085 2177 Gal·

127 2198 225 2258 lorum
246 2200 378 2276 equitum
397 2218 523 2260 numero
544 2200 703 2262 nonnullos
724 2200 842 2262 Gallicis
866 2199 958 2261 rebus
984 2200 1086 2261 lavere

95 2286 232 2343 enatura
253 2283 385 2360 cogebat.
423 2282 570 2344 Labienus
596 2292 687 2345 noctu
712 2283 840 2345 tribunis
868 2282 994 2344 militum
1022 2284 1085 2363 prl-

125 2366 241 2443 misque
264 2365 418 2427 ordinibus
439 2369 621 2438 convocatis,
645 2368 715 2445 quid
735 2369 783 2428 sui
803 2368 841 2428 sit
860 2365 989 2436 consilii,
1014 2384 1085 2445 pro·

125 2451 268 2528 penitet,
293 2467 351 2527 quo
372 2450 487 2512 facilius
506 2451 642 2512 hostibus
661 2453 778 2526 timoris
797 2449 849 2512 det
873 2451 1084 2530 suspicionem,

126 2535 239 2594 maiore
265 2535 393 2613 strepitu
419 2540 449 2594 et
473 2534 618 2605 tumultu,
645 2551 733 2611 quam
758 2532 861 2613 populi
879 2533 1004 2595 Romani
1027 2533 1087 2594 lert

127 2617 326 2686 consuetudo,
348 2624 444 2678 castra
463 2620 575 2678 moveri
594 2617 686 2679 iubet.
717 2618 771 2679 llis
790 2617 881 2679 rebus
902 2618 990 2694 fugae
1004 2618 1086 2677 simi·

94 2698 185 2760 alem
204 2702 421 2779 profectionem
442 2700 546 2761 effecit.
578 2702 658 2764 llaec
673 2718 792 2780 quoque
806 2719 862 2780 por
881 2700 1087 2779 exploratores

127 2791 196 2926 gnte
215 2784 313 2845 lucem
332 2785 364 2845 in
384 2790 464 2844 tanta
490 2787 711 2864 propinquitate
736 2791 903 2846 castrorum
922 2784 959 2845 ad
983 2782 1087 2844 hostes

148 2869 311 2929 eleruntur.

97 2958 110 3008 1
189 2952 261 3012 v111.
295 2953 350 3012 Vir
371 2970 476 3030 agmen
496 2953 688 3012 novissimum
712 2957 794 3011 extra
815 2950 995 3011 munitiones
1014 2967 1086 3030 pro·

128 3041 267 3104 cesserat,
284 3053 352 3096 cum
368 3034 451 3104 Galli,
468 3035 612 3096 cohortati
626 3037 704 3095 inter
718 3053 766 3103 se,
782 3052 821 3095 ne
835 3040 984 3113 speratam
998 3048 1086 3112 prae·

128 3115 195 3176 dam
211 3135 247 3177 ex
258 3117 395 3179 manibus
410 3117 606 3188 dimitterent;
623 3118 745 3196 longum
757 3136 831 3188 esse,
847 3117 1016 3197 perterritis
1026 3115 1086 3178 Ro·

127 3201 222 3261 manis
238 3200 454 3262 Germanorum
469 3202 609 3264 auxilium
626 3208 797 3282 expectare,
813 3218 911 3278 neque
925 3218 1010 3262 suam
1023 3200 1086 3280 pati

128 3282 310 3362 dignitatem,
327 3293 361 3346 ut
374 3285 463 3346 tantis
479 3288 571 3365 copiis
585 3294 644 3348 tam
656 3288 792 3363 exiguam
804 3302 934 3356 manum,
948 3300 1087 3364 praeser-

128 3369 181 3427 tim
197 3368 359 3447 iugientem
374 3375 462 3446 atque
475 3370 661 3512 impeditam,
678 3369 789 3430 adoriri
802 3385 862 3429 non
878 3367 1015 3436 audeant,
1030 3366 1088 3428 lla·

127 3470 197 3513 men
213 3454 341 3514 transire
356 3458 386 3514 et
399 3453 501 3530 iniquo
528 3471 582 3512 oco
599 3454 784 3513 committere
797 3450 946 3532 proellum
961 3468 1021 3512 uon
1033 3450 1088 3510 du·
