2356 3870
254 228 256 233 ’
311 221 427 276 ΙΝΒΕΧ
444 221 621 278 NOMINUM
638 222 687 278 ΕΤ
704 223 841 279 RERUM.
1003 224 1068 288 187

102 363 167 417 dem
185 361 324 417 Labienus
347 378 409 423 cum
427 363 453 416 Π
476 363 562 434 legio·
607 363 656 433 qui
666 379 729 418 eum
738 364 767 418 in
777 365 860 434 portu
870 365 1012 420 includere
1025 366 1068 420 in·
1164 380 1170 390 ’

104 433 196 500 nibus,
225 448 297 501 quae
320 433 358 487 ibi
381 433 505 501 fuerant,
533 433 563 487 in
608 433 713 502 stituit,
738 434 958 490 machinationes
977 441 1068 505 parat,

103 506 273 572 potestatem
295 503 410 572 redigit,
431 508 473 569 38,
487 511 499 557 1
512 505 563 571 (2),
608 506 711 573 -26.),
734 520 819 559 naves
843 521 876 559 eo
894 506 1069 575 Dyrrhachio

104 576 130 627 II
158 574 216 627 eius
242 573 373 628 civitates
401 573 510 628 obsides
534 573 564 628 in
606 576 791 640 revertuntur,
806 577 901 642 21,1(,
919 577 1067 646 Pompeius

104 644 220 697 hiberna
239 642 364 698 Caesaris
382 644 506 712 mittunt,
524 643 564 698 ib.
608 644 719 699 silentio
736 644 802 698 inde
819 646 1013 715 proficiscitur,
1032 678 1067 688 -

104 721 135 779 4,
154 713 392 768 commodissimus
405 730 437 768 eo
451 716 494 769 est
506 715 563 768 tra·
609 720 656 782 28,
674 718 716 782 3),
737 713 839 769 Caesar
861 732 946 771 naves
969 733 1002 771 eo
1021 717 1067 771 de·

103 785 191 838 iectus
210 801 244 838 ex
256 786 340 853 portu
358 784 420 853 Itio,
438 784 471 850 V,
491 791 515 852 2,
534 791 563 851 3,
610 784 675 839 duci
692 784 778 852 iubet,
792 791 835 853 30,
852 793 879 854 1,
898 788 934 841 ab
953 789 1020 841 urbe
1035 805 1068 842 eo

103 855 257 908 Dumnorix
284 854 431 909 Caesarem
463 854 565 908 iterum
610 855 738 923 pervenit
762 856 884 909 exercitu
908 858 1068 912 valetudine

105 941 137 979 eo
156 926 337 979 traiecturum
353 925 431 993 sequi
445 941 473 978 se
490 925 565 979 nolle
609 927 760 994 temptato,
779 925 880 992 111,a,
901 933 924 980 1.
944 934 968 980 3.
995 934 1024 994 6,
1045 935 1068 995 1,

104 995 186 1059 (11811,
210 1011 245 1049 ne
263 995 303 1050 ibi
326 995 520 1062 interficiatur,
539 1002 563 1064 6,
609 995 746 1050 militibus
770 995 799 1048 in
823 995 908 1064 Epiro
937 997 1070 1066 expositis

105 1072 136 1129 5;
170 1064 199 1118 0.
228 1081 260 1119 eo
286 1066 417 1120 traiciens
444 1066 565 1134 primum
609 1081 694 1120 naves
713 1082 745 1120 eo
764 1066 896 1134 remittit,
916 1073 945 1134 8,
966 1074 994 1134 1,
1018 1067 1069 1122 Ca-

104 1135 219 1204 longius
229 1135 359 1204 defertur,
378 1135 477 1190 deinde
492 1154 564 1190 surn-
608 1136 689 1190 lenus
703 1136 874 1205 (postquam)
894 1137 958 1192 inda
977 1138 1069 1206 solvit,

106 1222 153 1258 ma
180 1205 354 1260 contentione
382 1206 513 1275 appellit,
539 1212 563 1274 8,
610 1208 653 1274 (eo
680 1206 776 1275 18111)
797 1212 843 1272 14,
864 1212 878 1259 1
899 1210 936 1275 (2)
968 1208 1022 1276 (Pr.
1041 1226 1069 1276 p.

104 1283 131 1329 2.
152 1282 181 1341 6,
218 1275 262 1330 Β1.
290 1276 455 1332 describitur
483 1282 563 1345 12,1
611 1283 670 1331 148.
693 1279 807 1345 810),
834 1275 904 1331 Libo
928 1294 960 1332 eo
984 1279 1069 1343 venit,

106 1348 221 1415 (-l3.);
246 1346 380 1400 Hibernia
398 1347 513 1401 dimidio
531 1363 565 1400 ea
610 1353 657 1413 23,
678 1353 706 1415 1,
733 1363 750 1401 a
767 1346 804 1400 Μ.
822 1347 957 1416 Antonio,
976 1349 1025 1417 qui
1042 1350 1069 1403 II

106 1417 198 1470 minor
221 1417 408 1486 existimatur,
430 1417 479 1471 sed
503 1417 566 1485 pari
609 1416 650 1469 ibi
664 1432 749 1471 nares
762 1414 905 1472 iaciendas
914 1422 1069 1487 curaverat,

107 1487 198 1556 spatio
213 1488 249 1541 ab
263 1503 296 1542 ea
310 1489 391 1542 abest
405 1490 490 1556 atquc
500 1485 565 1541 Gal·
610 1487 750 1541 discedere
768 1487 834 1542 indo
850 1489 966 1558 cogitur,
986 1496 1028 1556 24,
1045 1488 1068 1543 l.

106 1558 157 1625 lia,
179 1563 219 1624 13,
235 1563 263 1625 2,
283 1556 385 1612 Caesar
402 1558 525 1626 vectigal
538 1557 565 1611 ai
609 1563 635 1624 4,
654 1556 764 1624 Caesar,
778 1574 841 1611 cnm
855 1560 991 1613 exercitus
1004 1559 1070 1613 inde

107 1627 238 1696 imponit,
271 1633 318 1695 22,
351 1634 381 1692 4,
418 1627 566 1696 disciplina
612 1642 667 1681 11811
690 1628 809 1696 veniret,
834 1629 986 1683 Antonium
1004 1629 1070 1683 inde

108 1698 236 1751 druidum
258 1697 298 1752 ibi
320 1699 431 1767 reperta
449 1714 507 1752 8888
526 1697 567 1751 di·
612 1697 737 1764 accersit,
757 1703 799 1764 25,
820 1703 842 1751 1.
861 1704 878 1752 3
902 1698 956 1765 (rr.
971 1716 998 1767 p.
1011 1706 1069 1754 148.

108 1768 181 1822 citur
194 1769 307 1836 eiusque
322 1768 470 1822 discendae
484 1783 568 1822 causa
611 1786 638 1823 v.
651 1771 717 1836 18),
736 1783 769 1820 ex
785 1768 876 1838 aegris
893 1783 912 1822 8
925 1767 955 1822 0.
973 1769 1015 1822 ibi
1028 1785 1070 1822 re·
1130 1784 1134 1797 ¹

109 1838 233 1893 Gallico
252 1839 444 1907 profiscuntur,
462 1838 510 1905 VI,
525 1844 567 1905 13,
612 1837 687 1891 118118
714 1837 840 1891 cohortes
863 1837 952 1892 factas
971 1838 1069 1893 Labie-

110 1915 209 1975 11.1a;
228 1908 331 1964 Caesar
348 1909 386 1963 ibi
401 1909 445 1962 bis
460 1907 567 1962 Commi
603 1920 665 1962 'nus
684 1907 760 1973 dicit,
779 1913 821 1976 87,
840 1914 869 1972 3,
888 1908 1000 1962 Laelius
1014 1909 1070 1962 Va·

107 1995 193 2048 opera
211 1998 276 2033 usus
295 1985 367 2047 erat,
387 1979 452 2048 VII,
472 1985 518 2046 76,
539 1984 566 2044 1,
610 1977 712 2032 tiniam
734 1978 800 2031 inde
823 1979 960 2046 expellere
989 1994 1070 2032 cona·

108 2065 192 2104 naves
206 2050 266 2104 fieri
279 2051 358 2105 iubet
371 2049 430 2103 eius
448 2048 566 2120 generis,
611 2051 670 2117 tur,
691 2055 752 2116 100,
775 2055 796 2101 l.
817 2049 862 2116 2(,
889 2065 944 2103 non
969 2051 1071 2118 potest,

129 2118 567 2191 8881818838818181,Ο.1,34,1,
612 2118 649 2174 ib.
674 2121 714 2187 3),
751 2117 880 2172 Vatinius
910 2118 976 2173 inde
1008 2137 1071 2173 cum

107 2139 204 2246 hinem
216 2190 247 2256 Q.
257 2192 372 2245 fratrem
385 2193 467 2260 rogat
479 2192 567 2244 mate·
613 2189 704 2259 aegris
719 2189 758 2243 ibi
771 2189 877 2244 relictis
890 2188 920 2242 in
929 2190 1072 2258 illyricum

107 2261 180 2315 riam
197 2262 334 2331 poematis
349 2262 384 2316 de
397 2263 479 2316 rebus
497 2259 569 2314 ibia
612 2260 761 2329 profectus,
771 2259 816 2312 Al.
826 2265 869 2328 44,
881 2266 903 2312 1.
914 2266 939 2327 4,
954 2259 1071 2314 Octavio

110 2330 567 2402 Caesaregestiscomponendi,l'r.
613 2329 687 2384 victo
711 2345 744 2384 eo
768 2329 853 2396 redit,
879 2335 927 2397 47,
947 2335 975 2394 8,
1007 2332 1072 2398 post

109 2410 205 2473 p.138.
221 2405 299 2470 extr,
313 2401 415 2456 Caesar
423 2401 489 2455 inde
498 2400 569 2454 redi-
613 2416 738 2469 pugnarn
759 2398 950 2452 Pharsalicam
972 2399 1072 2453 Labie-

109 2490 159 2527 ens
172 2473 252 2527 binas
267 2473 375 2526 litteras
385 2471 435 2525 dat
447 2471 483 2525 ad
493 2469 568 2524 Cice·
614 2487 665 2523 nus
684 2468 747 2522 inde
759 2468 943 2537 Pompeianos
961 2469 990 2522 in
999 2469 1071 2522 Airi-

109 2540 569 2610 181811,811880118181188140.
615 2555 676 2592 cam
694 2540 942 2607 transportaverat,
960 2538 1018 2592 Afr.
1031 2544 1072 2608 13,

110 2631 137 2667 v.
151 2619 176 2665 3.
191 2613 238 2678 (5.)
254 2617 366 2666 14-11.
379 2641 415 2653 -
434 2610 501 2665 Indo
515 2609 569 2679 adi
615 2615 645 2676 3,
670 2608 773 2664 Caesar
794 2608 891 2664 scribit
908 2609 944 2662 ad
963 2608 1072 2663 Cicero·

92 2681 326 2750 Britannicus,
614 2696 691 2748 nem,
714 2696 743 2734 88
766 2679 806 2733 ibi
828 2679 842 2732 Ι
863 2679 1002 2748 legionem
1024 2695 1073 2747 po-

93 2769 204 2806 ·-cum
222 2752 349 2806 bellum
367 2751 515 2819 (alterum),
534 2749 571 2804 ad
616 2750 714 2816 suisse,
738 2749 782 2802 Fr.
801 2765 829 2816 p.
850 2754 908 2802 142.
931 2767 958 2802 r.
978 2756 1007 2815 6,
1036 2748 1072 2802 ad

112 2822 186 2891 quod
201 2821 303 2876 Caesar
320 2838 416 2875 omnes
434 2838 477 2875 res
496 2837 570 2875 com·
616 2820 737 2889 Oppium
751 2822 780 2873 et
793 2817 919 2884 Balbum,
936 2834 965 2872 88
979 2833 1012 2872 88
1026 2835 1072 2872 re-

110 2894 273 2961 paraverat,
292 2890 323 2945 G.
342 2892 376 2958 V,
394 2897 425 2958 4,
445 2898 473 2960 1,
492 2891 569 2945 cuius
615 2887 1072 2958 111888,Ρ811188181111111888818.

111 2963 201 3018 exitus
215 2963 397 3031 exspectatur,
413 2961 457 3014 Fr.
471 2978 498 3030 p.
511 2967 569 3016 189.
614 2979 641 3029 p.
653 2966 711 3014 145.
729 2977 755 3013 v.
776 2965 817 3012 22.
831 2964 874 3024 23,
893 2959 929 3012 ad
946 2958 1072 3026 Pedium,

110 3052 136 3088 1.
153 3040 177 3088 ’1.
197 3034 233 3087 ab
251 3035 332 3098 8111,
615 3047 644 3084 88
672 3029 758 3084 moles
783 3028 824 3083 ibi
854 3028 944 3084 iacere
976 3031 1073 3083 contra

92 3120 192 3159 -cae
215 3121 279 3171 res,
307 3103 342 3157 de
369 3102 471 3169 quibus
494 3101 570 3171 prior
613 3100 788 3169 Pompeium,
810 3099 847 3154 ib.
871 3117 899 3168 p.
920 3103 978 3153 146.
1001 3117 1027 3154 v.
1047 3106 1072 3154 3.

111 3174 238 3229 Caesaris
270 3172 391 3243 epistula
422 3172 495 3243 agit,
531 3171 569 3226 ib.
614 3171 733 3224 -Eius
753 3169 861 3224 incolae

110 3263 138 3314 p.
154 3252 213 3300 140.
231 3265 257 3299 v.
273 3253 297 3298 5.
444 3292 449 3301 .
595 3240 796 3296 Brundisini
831 3239 1073 3294 Caesaritavent

93 3315 308 3371 Brundisium
334 3313 467 3384 oppidum
489 3312 569 3368 Cala·
613 3311 771 3379 militesque
803 3309 862 3364 eius
892 3309 920 3364 in
953 3309 1073 3365 navibus

111 3386 197 3440 briae.
221 3385 370 3455 Pompeius
383 3385 423 3438 ibi
438 3384 488 3452 est,
507 3401 570 3438 cum
613 3380 790 3450 Pompeianis
822 3379 963 3449 capiendis
995 3380 1073 3433 adiu·

111 3454 214 3510 Caesar
231 3472 264 3510 eo
280 3456 370 3522 venit,
389 3455 418 3510 C.
438 3455 463 3522 I,
482 3461 524 3523 24,
546 3460 569 3508 1.
614 3454 690 3520 vant,
710 3450 739 3506 C.
754 3452 775 3519 Ι,
794 3457 839 3516 28,
858 3457 884 3504 1.
896 3457 925 3505 4.
943 3479 979 3490 -
995 3450 1088 3501 idern.

111 3532 136 3581 8.
156 3533 199 3595 25,
216 3531 238 3579 1.
248 3527 290 3594 3,,
306 3529 402 3581 corba
416 3525 570 3598 Caesarem,
616 3523 691 3596 sing.
706 3541 788 3579 num.
804 3521 867 3576 adi.
