2356 3870
151 200 193 264 26
472 204 520 259 Du
541 204 655 260 BELLO
679 196 787 260 C‘NILI

52 392 66 421 υ
153 373 236 442 dine,
258 371 418 450 tumquod
440 389 476 431 ex
497 373 566 431 totis
586 373 661 449 ripis
682 372 714 431 in
735 388 827 431 unum
842 379 930 450 atque
952 333 1110 448 angustum

126 457 249 516 tlocum
269 456 326 526 tela
348 455 548 525 iaciebantur;
576 462 662 533 atque
684 463 749 515 erat
769 455 889 515 difficile
909 455 1013 515 eodem
1034 464 1108 514 tern-

151 558 224 619 pore
240 540 428 618 rapidissimo
444 539 565 599 flumine
580 557 671 618 opera
686 541 830 618 perlicere
846 546 876 599 et
891 540 948 599 tela
964 542 1069 599 vitare.

128 667 141 714 t
215 656 262 717 LI.
292 657 451 717 Nuntiatur
466 657 601 741 Afranio,
623 673 745 733 magnos
760 664 956 725 commeatus,
978 658 1028 735 qui
1050 657 1110 715 iter

151 740 301 802 habebant
322 741 358 801 ad
373 741 540 809 Caesarem,
562 739 598 799 ad
619 739 729 800 flumen
745 742 923 801 constitisse.
960 741 1111 800 Venerunt

151 845 186 885 eo
202 827 347 902 sagittarii
363 843 398 884 ex
414 825 548 893 Rutenis,
565 826 678 903 equites
693 843 729 884 ex
739 824 831 884 Gallia
844 842 911 884 curn
926 823 1027 884 multis
1042 842 1108 883 oar·
1149 900 1154 911 ι

127 926 129 936 ·
152 912 194 970 ris
208 912 382 988 magnisque
403 908 641 987 impedimentis,
663 914 697 968 ut
710 909 770 968 lert
785 908 896 969 Gallica
914 907 1108 968 consuetudo.

124 995 244 1054 abirent
257 1001 412 1072 praeterea
428 996 570 1071 cuiusque
586 994 704 1069 generis
718 992 874 1052 hominum
889 992 970 1052 milia
987 993 1110 1051 circiter

150 1092 187 1138 VI
203 1096 269 1137 cum
291 1079 385 1136 servis
404 1076 584 1155 liberisque;
606 1075 657 1135 sed
678 1076 778 1135 nullus
804 1076 894 1145 ordo,
918 1075 1030 1136 nullum
1051 1077 1109 1134 im·

151 1164 268 1240 perium
283 1168 412 1229 certum,
435 1178 502 1219 curn
518 1178 571 1219 suo
591 1162 716 1238 quisque
731 1159 855 1221 consilio
870 1169 1005 1221 uteretur
1021 1167 1109 1238 atque

151 1263 254 1305 omnes
268 1247 331 1304 sine
347 1247 453 1305 timore
469 1246 527 1304 iter
543 1245 693 1313 lacerent,
715 1245 763 1304 usi
785 1246 973 1322 superiorum
992 1252 1108 1321 tempo·
1130 1303 1132 1307 .

125 1338 221 1389 erum
242 1337 329 1407 atque
354 1330 495 1388 itinerum
519 1327 651 1387 licentia.
687 1326 780 1387 Erant
799 1327 966 1407 complures
990 1327 1109 1387 honesti

152 1413 370 1481 adulescentes,
391 1418 562 1472 senatorum
582 1412 636 1471 filii
657 1417 688 1470 et
708 1411 823 1471 ordinis
838 1414 1001 1491 equestris;
1023 1419 1110 1471 erant

151 1497 312 1574 legationes
333 1498 499 1565 civitatum;
526 1503 611 1554 crant
634 1494 725 1571 legati
744 1486 886 1557 Caesalis.
926 1496 986 1556 Hos
1005 1513 1109 1555 omnes

125 1581 274 1641 tllumina
298 1580 498 1640 continebant.
543 1579 586 1639 nd
616 1579 670 1639 hos
695 1579 905 1658 opprimendos
931 1598 999 1640 cum
1026 1580 1108 1639 omni

150 1667 285 1745 equitatu
306 1665 460 1744 tribusque
483 1662 648 1740 legionibus
664 1663 803 1724 Afranius
824 1663 860 1724 de
882 1671 967 1724 nocte
989 1664 1107 1742 profici-

152 1752 246 1810 scitur
266 1749 519 1828 inprudentesqne
540 1754 608 1807 ante
629 1749 728 1808 missis
749 1746 900 1826 equitibus
922 1748 1107 1824 adgreditur.

152 1833 296 1894 Celeriter
312 1852 376 1893 sese
392 1842 490 1893 tamen
503 1831 577 1891 Galli
593 1832 708 1910 equites
723 1831 886 1910 expediunt
899 1831 1107 1911 proeliumque

123 1919 350 1977 ooommittunt.
379 1917 417 1985 li,
434 1917 504 1976 dum
518 1917 583 1994 pari
598 1917 761 1975 certamine
776 1933 825 1975 res
839 1917 903 1992 geri
924 1919 1029 1994 potuit,
1045 1934 1107 1975 ma·

58 2023 62 2030 ·
150 2017 240 2077 gnum
256 2001 385 2061 hostium
400 2016 557 2060 numerum
571 2000 659 2077 pauci
674 2000 858 2069 sustinuere;
877 1999 938 2068 sed,
955 1999 1006 2060 ubi
1022 2001 1108 2077 signa

150 2085 301 2161 legionum
322 2085 558 2162 appropinquare
580 2091 757 2160 coeperunt,
779 2085 882 2162 paucis
904 2085 1021 2144 amissis
1041 2101 1107 2144 sese

123 2170 182 2227 oin
198 2169 350 2247 proximos
366 2176 479 2226 montes
494 2166 658 2226 conferunt.
696 2166 757 2227 Hoc
779 2185 896 2246 pugnae
911 2175 1029 2246 tempus
1044 2187 1106 2228 ma·

150 2270 240 2330 gnum
261 2250 360 2312 attulit
382 2249 543 2310 nostrised
565 2250 688 2311 salutem
706 2259 902 2311 momentum:
925 2255 1004 2312 nacti
1026 2255 1107 2313 enim

150 2339 277 2416 spatium
293 2353 323 2394 se
338 2338 370 2394 in
387 2335 449 2395 loca
465 2337 620 2412 superiora
635 2345 823 2413 receperunt.
857 2334 1020 2396 Desiderati
1037 2344 1108 2396 sunt

150 2439 185 2481 eo
200 2420 248 2480 die
264 2421 411 2497 sagittarii
427 2421 547 2479 circiter
562 2430 612 2487 cc,
629 2421 744 2498 equites
759 2421 854 2498 pauci,
871 2420 1004 2480 calonum
1016 2429 1105 2499 etque

148 2504 429 2585 impedimentorum
444 2522 502 2563 non
517 2520 641 2579 magnus
655 2521 805 2563 numerus

124 2630 138 2679 1
214 2621 274 2681 Lll.
311 2621 364 2680 His
384 2627 483 2681 tamen
504 2619 641 2680 omnibus
664 2639 778 2682 annona
804 2624 914 2691 crevit;
939 2640 1014 2700 quae
1041 2623 1106 2682 lere

150 2724 199 2766 res
214 2724 272 2766 non
284 2706 379 2765 solum
396 2707 494 2784 inopia
510 2707 690 2783 praesentis,
711 2705 762 2766 sed
778 2708 868 2766 etiam
883 2707 976 2787 futuri
992 2704 1127 2785 tempo-²

122 2793 192 2852 tris
212 2792 319 2849 timore
343 2791 549 2867 ingravescere
570 2791 732 2869 consuevit.
768 2786 944 2870 lamquead
967 2790 1130 2850 denarios·

148 2888 170 2934 L
185 2877 215 2934 in
232 2874 365 2950 singulos
379 2873 494 2934 modios
509 2891 626 2934 annona
640 2882 825 2953 pervenerat,
842 2882 872 2934 et
886 2876 1013 2934 militum
1028 2876 1106 2934 vires

148 2961 248 3036 inopia
268 2959 411 3018 frumenti
433 2958 633 3028 deminuerat,
662 2968 749 3038 atque
775 2959 960 3019 incommoda
987 2959 1105 3019 indies

122 3041 350 3119 tangebantum
367 3049 396 3101 et
411 3048 470 3102 tarn
485 3044 587 3121 paucis
599 3042 705 3103 diebus
715 3061 821 3120 magna
834 3052 898 3103 erat
911 3060 1011 3102 rerum
1027 3043 1105 3103 lacta

147 3127 391 3186 commutatione
412 3145 444 3186 se
464 3127 583 3187 fortuna
604 3128 815 3197 inclinaverat,
837 3134 870 3187 ut
885 3129 978 3187 nostri
999 3145 1105 3204 magna

147 3211 248 3288 inopia
264 3211 499 3270 necessariarum
515 3228 614 3271 rerum
631 3211 888 3281 conflictarentur,
904 3211 947 3271 illi
964 3210 1106 3271 omnibus

122 3292 335 3354 tabundarent
349 3292 440 3354 rebus
459 3297 689 3375 superioresque
709 3295 902 3356 haberentur.
938 3295 1046 3356 Caesar
1068 3298 1105 3355 iis

147 3377 331 3450 civitatibus,
360 3395 435 3456 quae
457 3378 493 3438 ad
519 3380 584 3440 eius
608 3379 768 3439 amicitiam
794 3387 998 3448 accesserant,
1026 3380 1105 3458 quod

144 3460 244 3523 minor
260 3468 324 3523 erat
339 3460 480 3522 frumenti
496 3465 597 3544 copia,
618 3481 709 3543 pecus
730 3463 912 3545 imperabat;
934 3463 1053 3524 calones
1067 3463 1106 3524 ad
