2356 3870
279 211 395 267 merx
412 202 590 270 NOMINUM
607 211 656 267 BT
673 211 812 270 RERUM.
970 214 1035 280 201

74 368 193 421 quorum
242 351 383 408 delectum
430 353 537 409 habent
579 359 628 422 21,
647 360 672 409 7.
687 355 734 423 (8.)
756 358 844 422 ee,1;
867 354 918 424 (161
940 355 1037 411 statim

74 421 248 492 Pompeiani,
268 421 336 491 (1.1,
357 430 399 491 14,
413 429 439 478 4.
579 424 731 479 inrincula
743 425 893 494 coniectus)
906 427 1036 494 postola-

57 493 217 561 Comana,
236 509 328 547 orum
345 495 381 561 a.)
400 493 535 563 oppidum
579 495 644 548 dem
672 494 867 550 Britannorum
897 495 971 550 redit
999 497 1037 562 ad

74 562 269 633 Cappadociae
308 563 368 618 fere
402 565 534 634 medium,
580 563 727 620 (16666666
745 571 788 635 27,
806 572 831 633 2,
850 567 906 635 (3.),
929 565 1037 635 equites

75 634 160 688 situm
189 633 220 688 in
246 633 394 688 Antitauro
430 636 535 704 monte,
579 635 638 690 eius
663 634 787 690 Caesaris
807 635 966 706 legionibus
988 637 1037 692 sd·

76 705 259 773 cumtemplo
273 704 414 760 Bellonae.
433 704 535 761 Caesar
577 705 737 776 iunguntur,
753 711 835 773 361,
853 705 1036 762 Cassivellau-
1147 743 1151 749 -

76 774 162 829 Tarso
177 790 210 829 eo
229 774 307 829 venit
324 779 360 843 (v.
375 774 534 844 Lycome-
577 793 630 829 nus
647 793 699 845 per
720 793 784 830 eum
804 776 914 846 legatos
936 777 971 832 de
990 777 1037 832 de·
1072 812 1075 818 ·

75 845 152 913 des),
168 843 235 899 inde
255 844 373 899 Pontum
390 845 470 916 petit,
487 847 533 901 AL
578 845 685 901 ditione
709 847 746 902 ad
768 846 915 902 Caesarem
939 848 1036 917 mittit,

76 921 119 981 66,
138 922 162 969 3.
182 917 240 984 (4.),
578 915 612 985 V,
632 922 680 985 22,
697 922 727 984 3,
753 916 784 971 16
809 916 947 987 Menapiis
974 934 1038 973 cum

56 986 95 1054 b.)
105 984 240 1054 oppidum
249 984 333 1040 Ponti
343 985 534 1042 feremedium
579 987 706 1055 equitatu
717 986 891 1056 relinquitur,
905 988 952 1058 VI,
967 995 992 1056 6,
1006 994 1037 1055 4,

76 1055 161 1109 situm
179 1056 215 1110 ad
228 1055 285 1109 Irin
299 1056 336 1124 fl,
349 1057 423 1111 unde
436 1057 534 1126 iugum
577 1057 678 1126 hospes
700 1057 924 1127 Bellovacorum,
948 1058 1037 1128 impe-

75 1125 205 1180 silvcstre
219 1126 342 1196 pertinet
360 1126 407 1196 [—-
420 1143 451 1182 re
465 1127 535 1182 dicit
577 1129 648 1194 6666,
683 1129 716 1182 66
748 1127 893 1183 Bellovaci
926 1130 1037 1197 purtem

75 1195 205 1265 scriptor]
233 1197 270 1251 ad
297 1196 417 1251 confinia
437 1199 533 1253 Arme·
577 1197 700 1252 militum
719 1215 738 1253 a
755 1197 874 1253 concilio
892 1197 1037 1254 Gallorum

74 1266 139 1321 niae
153 1265 272 1321 minoris
288 1270 318 1321 66
330 1265 533 1336 Cappodociae,
551 1322 553 1326 ,
577 1268 777 1337 imperatorum
814 1268 941 1337 mittant,
975 1269 1037 1337 Vll,

75 1353 130 1405 quo
155 1336 221 1406 iugo
246 1336 294 1391 Cn.
312 1337 452 1391 Domitius
471 1338 533 1393 Cal·
579 1343 621 1406 76,
632 1343 661 1404 6,
675 1338 865 1408 superioribus
877 1339 957 1393 annis
969 1339 1037 1394 fide-

74 1407 168 1475 sinus,
195 1409 345 1476 postquam
371 1406 476 1463 auxilia
499 1425 533 1464 eo
577 1408 612 1462 lis
631 1407 750 1476 Caesari,
769 1410 928 1478 (postquam
945 1410 992 1464 hic
1010 1410 1037 1465 ei

75 1480 270 1546 convenerunt,
284 1477 329 1532 Al.
341 1483 384 1547 34,
394 1485 419 1548 6,
436 1480 533 1535 Arme-
577 1478 700 1534 Morinos
723 1479 864 1547 attribuit,
887 1479 983 1534 deficit
1000 1480 1036 1534 ab

74 1547 152 1602 niam
168 1547 249 1617 petit,
268 1553 310 1616 36,
323 1553 348 1602 3.
578 1553 634 1615 6ο,)
661 1549 716 1602 dur
739 1547 884 1604 Gallorum
906 1553 980 1617 (cum
997 1550 1038 1605 Ill

59 1617 89 1684 Q.
102 1617 275 1674 Cominius
289 1634 373 1686 eques
382 1618 533 1687 Romanus,
578 1619 652 1687 aliis)
670 1619 802 1686 delectus,
822 1625 865 1686 76,
885 1626 908 1674 1.
924 1626 955 1689 3,
974 1637 1037 1675 cum

77 1687 268 1756 Caesarianus,
295 1706 358 1743 cum
380 1688 478 1744 Ticida
500 1705 534 1743 ex
577 1689 705 1744 omnibus
724 1689 812 1757 copiis
827 1689 953 1743 Alesiam
973 1707 1037 1759 per·

76 1758 174 1813 Sicilia
198 1759 230 1814 iu
253 1759 378 1813 Africam
401 1759 533 1813 traiciens
577 1759 663 1827 venit,
689 1764 781 1827 79,1,
808 1775 872 1813 cum
896 1758 1037 1814 lsabicuus

74 1831 244 1898 tempestate
262 1830 385 1884 defertur
407 1829 443 1884 ad
461 1830 534 1884 Tha-
579 1846 642 1884 eum
658 1828 779 1883 interfici
795 1827 922 1883 iussisset
938 1847 988 1898 per
1007 1829 1036 1885 C.

74 1918 164 1970 psum,
178 1916 196 1955 6
209 1899 334 1969 Vergilio
349 1899 533 1968 intercipitur,
577 1899 758 1967 Volusenum,
776 1899 947 1964 vulneratur,
963 1900 1037 1970 VIII,

75 1970 132 2026 dir.
151 1976 195 2039 44,
214 1976 239 2038 1,
265 1969 296 2024 16
314 1970 451 2038 Scipionis
468 1987 533 2025 cou-
579 1976 622 2036 23,
640 1975 665 2024 6.
684 1975 709 2024 6.
732 1974 776 2039 47,
795 1975 825 2036 2,
848 1985 912 2024 cum
936 1968 1038 2025 Correo

75 2043 202 2110 spectum
214 2057 271 2096 non
284 2041 437 2108 adducitur,
452 2046 495 2108 46,
507 2046 533 2095 3.
577 2040 791 2095 Bellovacorum
820 2038 877 2094 dux
903 2040 1038 2108 delectus,

58 2111 234 2166 comitium
258 2128 293 2166 ea
315 2123 380 2180 pars·
403 2109 457 2165 fori
478 2112 532 2165 Bo-
578 2116 604 2180 6,
618 2116 644 2178 2,
668 2109 869 2165 Germanorum
888 2109 916 2180 [i.
933 2128 955 2165 e.
973 2111 1037 2166 Bel·

75 2182 152 2236 mani
178 2182 327 2237 coniuncta
353 2180 457 2247 curiae,
484 2180 534 2236 ubi
578 2181 687 2251 garum]
720 2181 828 2249 equites
860 2180 963 2236 auxilio
996 2181 1038 2236 eis

75 2252 190 2307 comitia
225 2253 377 2320 habentur,
412 2252 532 2307 tribunis
577 2251 700 2318 adducit,
720 2258 744 2319 7,
759 2258 784 2307 6.
804 2258 847 2319 10,
860 2256 886 2320 4,
908 2252 1038 2306 Bellova-

76 2323 336 2391 ceuturionibusque
377 2323 535 2391 completur
577 2322 618 2376 cis
634 2321 716 2376 victis
738 2322 775 2376 ad
793 2321 907 2376 eosdem
925 2320 1038 2376 Cerma-

74 2394 121 2448 lll.
140 2393 211 2447 Non.
224 2394 283 2447 lan.
303 2409 328 2447 a
342 2393 376 2446 U.
386 2409 409 2447 c.
419 2391 534 2459 Dccv,
577 2407 629 2446 nos
643 2391 777 2460 confugit,
796 2398 839 2458 21,
855 2397 880 2459 1,
902 2391 933 2445 16
946 2391 1038 2445 cuius·

77 2463 106 2518 C.
126 2465 148 2531 Ι,
166 2470 191 2530 3,
210 2469 235 2517 3.
255 2493 288 2502 -
306 2462 374 2516 Inde
392 2462 447 2516 adi
578 2478 663 2528 quam
698 2460 818 2515 Romani
858 2464 1037 2529 conspectum

58 2531 258 2598 comitialis,
578 2531 673 2587 venire
686 2531 791 2585 veritus
806 2530 918 2586 Caesari
936 2547 965 2585 se
981 2547 1039 2586 non

58 2619 126 2669 -e,
144 2601 294 2670 biduum,
312 2600 366 2657 i.e.
385 2601 411 2656 61
425 2602 451 2656 11
465 2602 534 2670 dies,
578 2600 665 2667 dedit,
680 2606 723 2669 26,
736 2607 762 2655 2.
777 2607 807 2667 6,
826 2600 1040 2670 pabulatoribus

77 2672 178 2740 quibus
192 2688 255 2725 cnm
269 2670 383 2726 comitia
400 2672 534 2727 haberen·
577 2670 722 2725 insidiatus
728 2671 835 2740 proelio
843 2671 1040 2739 oumequitatu

75 2744 134 2809 tur,
158 2743 270 2796 senatus
293 2742 391 2796 eodem
407 2745 535 2811 tempore
580 2740 706 2796 Caesaris
720 2741 872 2809 contendit,
882 2747 937 2807 47.·,
952 2741 1037 2795 Voln-

76 2811 174 2866 haberi
195 2828 252 2866 non
276 2811 378 2880 potuit,
397 2830 423 2867 a.
441 2813 467 2867 d.
486 2813 535 2867 ΠΙ.
579 2829 676 2866 senum
687 2811 750 2866 611.
759 2810 882 2865 Antonio
896 2811 932 2865 ad
945 2810 1040 2880 ipsum

78 2884 107 2937 et
124 2880 215 2949 pridie
232 2881 304 2936 Non.
318 2882 376 2936 166.
395 2883 482 2938 eiusd.
500 2898 535 2951 a,
578 2881 801 2950 persequendum
814 2880 929 2934 missum
942 2880 1038 2935 vulne·

77 2952 177 3021 quibus
201 2951 300 3006 diebus
321 2951 471 3021 Pompeius
493 2969 536 3008 se·
578 2954 632 3020 rat,
650 2951 772 3007 Antonio
786 2949 931 3007 obsidibus
946 2950 1041 3006 missis

76 3026 174 3077 natum
191 3022 290 3077 haberi
302 3022 400 3091 noluit,
417 3023 454 3077 ib.
471 3027 496 3088 6,
509 3028 535 3077 4.
580 3038 610 3076 66
627 3021 714 3089 dedit,
733 3028 776 3090 48,
791 3027 815 3076 2.
830 3027 854 3075 3.
865 3026 889 3075 6.
900 3027 925 3079 8.
939 3023 1040 3090 (aaa)

61 3093 317 3165 Commagenus,
353 3110 379 3148 v.
415 3092 535 3147 Antio·
564 3090 924 3147 Conconnetodumnus
967 3091 1040 3145 alter

79 3165 168 3218 chus.
581 3162 637 3217 dux
657 3162 821 3228 Carnutum,
846 3179 872 3215 v.
892 3161 1041 3217 (166666-

61 3233 227 3289 Commius
246 3234 364 3288 Atrebas
383 3250 400 3289 a
418 3233 536 3288 Caesare
580 3234 646 3300 tus,
665 3232 697 3287 C.
716 3233 776 3301 VII,
795 3240 820 3298 3,
840 3239 864 3287 1.

76 3305 258 3360 Atrebatibus
268 3304 404 3374 superatis
414 3321 463 3360 rex
471 3321 536 3359 con·
564 3302 730 3358 Condrusi
751 3320 820 3372 gens
843 3301 950 3371 origiue
973 3301 1038 3356 Ger·

78 3374 193 3430 stitutus
215 3392 279 3430 cum
302 3374 404 3444 legatis
426 3374 536 3428 Britan-
580 3391 663 3428 mana
676 3372 784 3428 Galliae
799 3373 937 3441 Belgicae,
953 3372 1041 3438 G.V1,

77 3462 176 3500 norum
190 3447 220 3500 et
233 3444 311 3500 XXX
324 3445 381 3500 iere
396 3445 536 3514 equitibus
581 3450 624 3510 32,
644 3451 672 3511 1,
697 3460 768 3511 quae
785 3443 884 3497 incolit
902 3443 931 3495 iu
950 3443 1038 3496 Ardu-

76 3514 288 3572 inBritanniam
297 3514 427 3587 mittitur,
437 3514 537 3588 anu,
581 3530 654 3570 6666
671 3514 747 3570 silua
755 3511 1062 3571 mirabilissimis
