2356 3870
126 191 172 255 24
379 188 527 247 aennon
540 162 842 251 mammarum

91 356 108 405 1
192 342 324 404 XXXXI.
368 340 539 401 Pharnaces
559 339 653 402 rebus
674 340 816 402 secundis
838 340 943 410 elatus,
966 358 1038 402 cum
1058 340 1098 402 de

130 429 257 490 Caesare
280 444 330 495 ea,
354 442 429 503 quae
452 423 588 502 optabat,
619 432 768 503 speraret,
797 425 873 485 Pont
861 434 926 485 tum
953 423 1097 485 omnibus

130 515 228 592 copiis
250 511 409 588 occupavit
431 509 533 587 ibique
556 516 587 569 et
609 511 705 570 victor
727 517 757 570 et
779 509 1008 570 crudelissimus
1031 527 1095 577 rex,

130 615 200 657 cum
222 595 281 655 sibi
304 596 456 654 fortunam
477 600 633 671 paternam
661 591 797 653 feliciore
825 601 933 653 eventu
963 593 1095 655 destina·

129 688 187 749 r,et
211 680 303 739 multa
327 676 434 756 oppida
456 679 646 755 expugnavit,
670 676 790 738 bona
763 679 876 737 civium
889 677 1095 738 Romanorum

92 764 387 840 2Pont1corumque
409 761 543 839 diripuit,
566 761 713 841 supplicia
735 762 915 821 constituit
906 778 938 821 m
956 776 1018 830 eos,
1042 762 1095 841 qui

130 847 260 927 aliquam
275 848 390 907 formae
406 853 493 924 atque
506 847 611 906 aetatis
626 845 916 905 commendationem
930 843 1095 914 habebant,

129 951 179 1002 ea,
214 948 290 1010 quae
323 937 420 990 morte
448 937 549 990 essent
576 931 750 999 miseriora,
786 929 973 1008 Pontumque
1010 927 1096 991 nullo

129 1015 311 1077 defendente
326 1021 487 1093 paternum
509 1030 638 1090 regnum
659 1014 793 1092 glorians
816 1030 849 1074 se
871 1015 1025 1092 recepisse
1040 1012 1095 1075 ob·

129 1098 256 1160 tinebat.

94 1184 110 1232 ¹
193 1181 338 1243 xxxxii.
384 1180 447 1242 Sub
470 1182 549 1242 idem
571 1190 691 1261 tempus
712 1184 744 1242 in
766 1181 888 1260 illyrico
911 1188 957 1242 est
978 1181 1096 1243 incom-

128 1266 251 1328 modum
273 1273 448 1345 acceptum,
478 1284 555 1344 quae
576 1268 730 1344 provincia
752 1265 960 1344 superioribus
981 1267 1097 1326 mensi·

131 1350 187 1411 bus
209 1357 327 1411 retenta
349 1367 410 1409 non
433 1356 549 1409 tantum
572 1351 637 1409 sine
659 1352 834 1427 ignominia,
857 1348 1014 1409 sedetiam
1027 1367 1097 1409 cum

93 1435 109 1483 2
129 1433 218 1495 laude
241 1443 315 1493 erat.
360 1431 494 1510 Namque
517 1450 552 1493 eo
575 1435 685 1494 missus
707 1439 817 1494 aestate
830 1431 1029 1494 cumduabus
1052 1432 1096 1493 le·

129 1516 272 1596 gionibus
287 1517 322 1588 Q.
339 1517 528 1585 Cornificius,
552 1515 688 1578 Caesaris
700 1524 849 1596 quaestor,
872 1524 1097 1596 propraetore,

130 1619 309 1680 quamquam
332 1608 398 1660 erat
418 1601 572 1676 provincia
593 1601 716 1662 minime
739 1602 860 1680 copiosa
882 1600 921 1661 ad
943 1602 1098 1661 exercitus

130 1685 253 1746 alendos
275 1693 305 1746 et
326 1686 454 1747 finitimo
476 1683 556 1744 bello
579 1703 613 1746 ac
634 1683 875 1747 dissensionibus
897 1685 1037 1746 confecta
1065 1692 1097 1745 et

131 1777 258 1840 vastata,
282 1778 384 1830 tamen
404 1768 565 1847 prudentia
586 1786 621 1830 ac
645 1769 801 1847 diligentia
823 1787 893 1836 sua,
923 1768 1004 1848 quod
1032 1786 1097 1829 ma·

130 1872 220 1932 gnam
236 1871 340 1915 curam
355 1851 545 1931 suscipiebat,
571 1871 609 1912 ne
632 1871 691 1931 quo
713 1861 827 1913 temere
848 1853 1096 1932 progrederetur,

92 1945 162 1998 aet
182 1939 299 2015 recepit
321 1945 351 1997 et
372 1936 517 1997 defendit.
567 1935 700 2016 Namque
728 1945 759 1997 et
787 1937 911 1997 castella
938 1936 1097 2015 complura

131 2022 207 2083 locis
242 2021 331 2081 editis
365 2022 476 2100 posita,
510 2039 638 2099 quorum
672 2022 880 2100 opportunitas
913 2020 1097 2082 castellanos

131 2104 305 2183 impellebat
327 2104 365 2165 ad
387 2104 581 2167 decursiones
601 2105 754 2167 faciendas
777 2113 808 2166 et
829 2104 943 2166 bellum
958 2106 1096 2166 inferen-

131 2188 218 2258 dum,
247 2192 428 2267 expugnavit
450 2206 543 2267 eaque
571 2189 682 2269 praeda
704 2190 816 2250 milites
844 2189 981 2259 donavit,
1017 2207 1098 2269 quae

131 2275 189 2333 etsi
212 2280 277 2335 erat
298 2276 414 2343 tenuis,
442 2280 542 2332 tamen
569 2277 602 2334 in
623 2280 705 2335 tanta
726 2275 901 2353 provinciae
929 2274 1097 2352 desperati·

131 2375 190 2416 one
212 2364 277 2418 erat
298 2365 396 2436 grata,
419 2360 598 2436 praesertim
620 2361 729 2419 virtute
751 2365 846 2437 parta,
871 2365 902 2418 et
923 2376 993 2419 oum
1005 2357 1097 2419 Octa·

131 2443 198 2501 vius
221 2460 257 2501 ex
279 2443 350 2519 fuga
372 2442 538 2502 Pharsalici
561 2442 670 2521 proelii
692 2460 799 2520 magna
822 2442 917 2503 classe
946 2444 980 2502 in
1008 2441 1098 2504 illum

130 2544 163 2585 se
197 2527 296 2586 sinum
329 2527 522 2595 contulisset,
565 2529 670 2605 paucis
702 2525 829 2588 navibus
861 2526 1097 2596 ladertinorum,

130 2626 260 2686 quorum
288 2628 407 2688 semper
428 2612 460 2668 iu
483 2610 697 2688 rempublicam
730 2610 882 2688 singulare
919 2611 1098 2671 constiterat

130 2693 281 2763 foficium,
306 2694 451 2771 dispersis
472 2693 643 2755 Octauianis
664 2694 790 2754 navibus
812 2701 877 2755 erat
903 2695 1035 2789 potituS,
1063 2702 1098 2756 ut

129 2775 178 2836 vel
208 2778 303 2838 classe
332 2777 476 2838 dimicare
504 2787 606 2855 posset
632 2778 784 2841 adiunctis
815 2779 939 2857 captivis
968 2760 1098 2840 navibus

91 2865 111 2915 4
130 2877 293 2925 sociorum
336 2863 411 2923 Cum
437 2861 638 2924 diversissima
666 2870 752 2941 parte
774 2861 858 2922 orbis
872 2870 1024 2923 terrarum
1042 2862 1096 2924 Cn

128 2944 306 3023 Pompeium
329 2946 437 3006 Caesar
460 2947 555 3006 victor
578 2954 755 3026 sequeretur
783 2947 1016 3027 compluresque
1044 2947 1097 3008 ad·

128 3030 278 3090 versarios
300 3031 333 3088 in
355 3030 510 3108 illyricum
532 3038 656 3110 propter
670 3030 862 3092 Macedoniae
885 3033 1097 3110 propinquita-

128 3119 190 3171 tem
223 3131 255 3172 se
277 3113 416 3192 reliquiis
446 3132 483 3173 ex
509 3116 580 3191 fuga
608 3114 743 3176 collectis
772 3115 936 3177 contulisse
965 3115 1097 3184 audiret,

128 3195 249 3256 litteras
271 3196 308 3256 ad
330 3197 492 3258 Gabinium
514 3201 624 3268 mittit,
654 3200 699 3259 uti
728 3217 796 3260 curn
825 3198 998 3277 legionibus
1020 3202 1097 3261 tiro·

127 3296 218 3348 num,
242 3297 317 3358 quae
340 3299 438 3359 nuper
460 3289 546 3341 erant
569 3285 773 3382 conscriptae,
798 3285 1072 3362 proficisceretur
1064 3301 1097 3345 rn

127 3361 283 3441 Illyricum
316 3367 547 3466 coniunctisque
581 3369 677 3446 copiis
706 3368 832 3439 cqu.
856 3367 1035 3436 Cornificio,
1069 3370 1095 3429 si

127 3447 210 3528 quod
229 3448 401 3527 periculum
423 3452 598 3530 provinciae
626 3444 806 3523 inferretur,
835 3451 1018 3532 depelleret;
1048 3454 1096 3514 sin
