2356 3870
153 204 196 266 82
287 256 290 261 ,
476 200 790 260 buciliensium

154 365 236 436 Ubii,
258 381 386 443 quorum
405 365 462 426 luit
482 366 581 426 civitas
602 363 698 444 ampla
713 371 801 440 atque
816 364 942 434 florens,
959 369 992 425 ut
1007 369 1052 423 est
1067 381 1116 422 ca·

153 447 458 528 ptusGermanorum,
476 457 506 509 et
516 448 614 527 paulo,
627 465 715 526 quam
731 447 864 509 eiusdem
878 448 997 525 generis
1012 448 1115 516 ceteri,

154 540 225 594 sunt
237 532 438 602 humaniores,
454 539 614 612 propterea
629 531 709 610 qnod
722 530 859 592 Rhenum
875 533 1023 609 attingunt
1037 529 1114 591 mul·

153 624 277 693 tumque
292 615 330 676 ad
344 633 395 676 eos
409 624 593 677 mercatores
607 617 753 676 ventitant
774 622 803 676 et
822 617 879 694 ipsi
900 621 1024 694 propter
1044 632 1115 693 pro·

125 702 349 779 apinquitatem
370 698 490 760 Gallicis
510 706 581 761 sunt
601 699 735 760 moribus
749 699 925 761 adsuefacti.
965 699 1026 759 llos
1048 715 1117 758 cum

154 783 261 853 Suebi,
282 781 383 843 multis
397 801 486 863 saepe
500 782 586 844 bellis
602 785 732 863 experti,
753 791 877 863 propter
892 780 1116 862 amplitudinem

153 868 386 944 gravitnemque
412 868 536 928 civitatis
555 866 663 928 finibus
685 866 835 946 expellere
854 873 915 927 nori
939 867 1115 945 potuissent,

153 959 253 1010 tamen
267 949 425 1028 vectigales
445 951 502 1011 sibi
520 951 658 1012 lecerunt
677 968 712 1010 ac
731 949 825 1012 multo
845 949 1020 1011 humiliores
1033 949 1115 1009 inlir·

153 1035 323 1111 mioresque
338 1034 528 1111 redegerunt.
1139 1086 1142 1093 .

123 1124 135 1174 i
214 1117 277 1177 llll.
294 1117 328 1177 ln
340 1117 443 1177 eadem
456 1135 543 1178 causa
557 1118 680 1179 luerunt
690 1117 826 1197 Usipetes
839 1123 869 1178 et
879 1117 1027 1185 Tencteri,
1041 1133 1116 1191 quos

153 1218 244 1280 supra
259 1199 395 1270 diximus,
412 1203 464 1277 qui
477 1200 645 1278 complures
661 1218 754 1261 annos
770 1199 939 1262 Sueborum
953 1202 1012 1261 rim
1027 1201 1115 1259 susti·

152 1291 298 1351 nuorunt,
315 1283 351 1345 ad
367 1291 533 1345 extremum
546 1293 645 1345 tamen
660 1286 738 1361 agris
753 1284 870 1363 expulsi
884 1292 914 1345 et
927 1283 1028 1345 multis
1042 1281 1115 1344 loeis

122 1373 138 1422 2
154 1367 329 1427 Germaniae
339 1369 501 1428 triennium
512 1369 607 1445 vagati
618 1366 797 1429 adRhenum
808 1374 1020 1447 pervenerunt.
1038 1363 1116 1438 Quas

153 1451 291 1528 regiones
305 1450 432 1529 ldenapii
446 1450 615 1512 incolebant
635 1458 665 1511 et
679 1451 716 1512 ad
731 1458 888 1529 utramque
907 1453 1003 1530 ripam
1017 1449 1114 1510 ilumi·

121 1535 198 1595 anis
213 1538 309 1611 agros,
326 1533 457 1594 aedilicia
471 1536 611 1613 vicosque
625 1533 785 1606 habebante
800 1535 853 1597 sed
868 1541 966 1595 tantae
980 1533 1114 1593 multitu-

154 1618 230 1677 dinis
245 1617 325 1678 aditu
341 1619 493 1696 perterriti
514 1635 551 1677 ox
570 1619 607 1678 iis
627 1617 782 1689 aediliciis,
805 1635 881 1696 quae
900 1625 984 1678 trans
1003 1616 1116 1677 ilumen

154 1700 333 1770 habuerant,
356 1700 596 1778 demigraverunt
610 1707 640 1761 et
655 1703 696 1762 cis
710 1701 848 1764 Rhenum
863 1701 1013 1781 dispositis
1027 1716 1114 1778 prae·

124 1794 138 1842 t
153 1784 235 1844 sidiis
250 1784 415 1846 Germanos
429 1787 557 1846 transire
571 1783 778 1864 prohibebant.
815 1785 861 1845 illi
876 1785 976 1845 omnia
990 1790 1115 1862 experti,

154 1886 222 1929 cum
236 1885 334 1944 neque
348 1869 377 1928 vi
397 1869 577 1931 contendere
592 1876 715 1947 propter
735 1870 864 1947 inopiam
884 1868 1003 1944 navium
1017 1884 1115 1943 neque

155 1951 230 2012 clam
244 1953 373 2013 transire
387 1959 511 2031 propter
527 1951 674 2013 custodias
688 1951 893 2031 Menapiorum
907 1957 1044 2030 possent,
1065 1969 1114 2011 re·

154 2037 231 2094 verti
245 2053 277 2094 se
297 2036 329 2095 in
344 2053 412 2096 suas
432 2035 518 2096 sedes
532 2037 730 2112 regionesque
750 2034 965 2096 simulaverunt
981 2042 1010 2095 et
1025 2034 1116 2094 tridui

122 2125 138 2176 o
153 2119 230 2177 viam
244 2120 398 2196 progressi
411 2137 518 2180 rursus
531 2126 722 2180 reverterunt
736 2126 824 2196 atque
839 2121 921 2179 omni
934 2117 992 2179 hoc
1007 2119 1115 2178 itinere

154 2219 214 2262 una
228 2209 316 2262 nocte
331 2204 464 2278 equitatu
479 2204 614 2264 coniecto
629 2203 739 2263 inscios
752 2203 1000 2282 inopinantesque
1014 2201 1114 2262 blena·

123 2291 140 2342 o
154 2286 220 2363 pios
236 2293 467 2364 oppresserunt,
489 2288 541 2363 qui
561 2286 597 2346 de
613 2286 830 2346 Germanorum
846 2285 978 2346 discessu
992 2303 1047 2364 per
1064 2303 1113 2344 er-

155 2368 322 2448 ploratores
337 2371 480 2430 certiores
494 2371 563 2431 lacti
579 2371 642 2429 sine
656 2376 739 2430 metu
753 2376 836 2430 hans
846 2368 985 2430 Rhenum
998 2369 1030 2429 in
1044 2386 1115 2429 suos

123 2453 234 2514 tricos
254 2454 495 2530 remigraverant.
539 2453 592 2513 llis
617 2453 782 2514 interiectis
807 2452 990 2528 navibusque
1012 2470 1116 2513 eorum

156 2538 320 2615 occupatis,
346 2539 520 2615 priusquam
546 2555 581 2596 ea
604 2554 675 2620 pars
694 2537 913 2615 Menapiorum,
941 2552 1017 2612 quae
1042 2537 1116 2596 citra

156 2619 294 2681 Rhenum
319 2628 397 2690 erat,
425 2622 535 2681 certior
559 2621 660 2689 fleret,
687 2620 798 2681 llumen
818 2620 1003 2680 transierunt
1026 2626 1115 2694 atque

157 2703 294 2765 omnibus
308 2721 411 2765 eorum
432 2704 570 2765 aediliciis
585 2705 736 2782 occupatis
755 2703 901 2780 reliquam
914 2710 1030 2782 partem
1051 2701 1114 2761 hie·

156 2789 212 2848 mis
227 2806 260 2848 se
275 2805 379 2848 eorum
393 2789 487 2867 copiis
502 2788 647 2848 aluerunt.

125 2877 139 2928 1
218 2873 251 2933 V.
275 2871 328 2933 His
349 2870 491 2933 derebus
506 2871 613 2932 Caesar
632 2872 742 2931 certior
756 2870 851 2931 iactus
872 2878 902 2930 et
915 2871 1115 2932 infirmitatem

157 2955 308 3016 Gallorum
322 2957 444 3032 veritus,
461 2955 540 3033 quod
556 2956 669 3015 suntin
684 2953 814 3014 consiliis
826 2953 975 3032 capiendis
990 2953 1115 3015 mobiles

158 3045 188 3097 et
200 3040 284 3098 novis
297 3038 475 3117 plerumque
485 3039 577 3100 rebus
588 3038 716 3107 student,
731 3037 804 3098 nihil
815 3036 861 3098 bis
872 3036 1115 3099 committendum

125 3130 141 3180 2
156 3122 340 3182 existimavit.
378 3123 432 3183 list
445 3131 544 3184 autem
558 3121 615 3183 hoc
629 3121 757 3182 Gallicae
772 3121 1010 3190 consuetudinis,
1027 3121 1070 3181 uti
1086 3126 1116 3179 et

156 3206 284 3266 viatores
299 3207 386 3268 etiam
399 3208 507 3268 invitos
527 3207 691 3267 consistere
706 3212 812 3284 cogant
832 3212 876 3275 et,
897 3206 969 3284 quid
989 3206 1115 3282 quisquo

96 3286 99 3290 ⁴
158 3307 262 3351 eorum
276 3289 313 3350 de
328 3306 445 3368 quaque
458 3309 494 3351 re
508 3290 634 3352 audierit
648 3297 699 3351 aut
713 3292 898 3368 cognoverit,
915 3295 1068 3367 quaerant,
1085 3295 1116 3347 et

157 3380 338 3435 mercatores
356 3376 388 3435 in
408 3375 525 3454 oppidis
544 3373 648 3452 vulgus
669 3375 866 3435 circumsistat
888 3374 1057 3451 quibusque
1078 3388 1114 3430 ex

156 3457 329 3536 regionibus
343 3460 460 3520 veniant
475 3457 669 3537 quasqueibi
682 3476 732 3521 res
747 3460 956 3536 cognoverint,
978 3473 1113 3538 pronun·
