2356 3870
428 249 505 309 CAP.
522 249 737 309 XIII-XVIII.
1013 246 1056 312 51

89 396 250 470 soluerit?
271 398 311 458 Im
332 415 475 472 moenam
497 400 666 462 mehercule
679 415 731 462 oos
741 401 911 476 pericolum
927 403 1054 477 impulit.

93 483 242 542 Misereor
263 486 363 543 vestri.
413 483 488 543 Tum
510 485 612 554 miles,
641 484 710 544 Nom
731 501 810 559 sum,
840 485 954 564 inquit,
983 487 1093 560 tiron

93 565 238 639 Labiene,
261 567 316 644 sed
336 568 374 626 de
394 569 512 641 lectore
532 580 566 628 x,
589 574 759 629 veteranas.
802 569 878 630 Tum
892 568 1054 638 Labienus,

93 650 164 709 Nom
179 665 322 723 agnosco,
346 652 454 729 inquit,
475 654 565 724 siano
579 654 820 712 decumanorum.
859 651 936 712 Tum
951 652 1053 714 miles:
1075 662 1092 711 3

92 733 161 793 Iom
182 750 239 806 me,
264 736 316 809 qui
334 737 399 808 sim,
424 738 594 810 inararem
616 735 706 796 simul
721 736 869 797 cassidem
896 736 933 797 de
958 739 1056 815 capite

94 816 215 886 deiecit,
238 825 272 878 ut
295 821 436 895 cognosci
459 817 497 880 ab
519 838 556 880 eo
578 827 689 898 posset,
712 828 800 899 atque
816 821 858 879 ita
873 820 969 898 pilum
982 822 1057 880 riri·

95 899 153 961 bus
173 909 359 971 contortum,
393 902 463 963 dum
496 905 528 963 in
559 902 726 964 Labienum
747 906 869 964 mittere
891 903 1056 972 contendit,

95 987 165 1065 equi
188 987 319 1061 graviter
341 985 464 1046 adverso
486 989 605 1066 pectori
628 987 730 1048 adfixit
757 995 786 1048 et
814 989 869 1048 ait:
914 987 1056 1058 bobane,

95 1069 293 1130 decumanam
313 1072 449 1144 militem,
474 1072 527 1145 poci
546 1077 575 1131 te
592 1073 677 1148 petit,
704 1072 779 1134 scito
799 1087 871 1132 csse.
915 1069 1057 1132 Omnium
1075 1080 1094 1132 4

94 1161 196 1214 tamen
218 1155 312 1213 animi
334 1156 367 1213 in
389 1160 538 1215 terrorem
553 1156 695 1225 coniecti,
718 1157 891 1216 etmaxime
906 1156 1057 1216 dranum:

95 1239 330 1336 circumspicere
362 1240 443 1299 enim
474 1237 630 1300 Caesarem
662 1256 760 1317 neque
794 1238 923 1318 amplius
956 1240 1058 1300 facere

95 1323 156 1382 nisi
178 1320 310 1381 hostium
333 1321 431 1382 iacula
452 1323 557 1383 vitare

158 1403 247 1465 xvh.
292 1403 400 1466 Caesar
415 1407 537 1467 interim
551 1406 678 1468 consilio
690 1405 822 1468 bostium
837 1363 958 1506 cqgnito
972 1406 1058 1468 iubet
1078 1415 1092 1466 1

95 1491 192 1548 aciem
216 1491 248 1549 in
269 1488 490 1566 longitudinem
512 1507 601 1569 quam
616 1493 775 1553 maximam
791 1493 907 1570 porrigi
922 1498 953 1552 et
967 1491 1057 1552 elter-

95 1575 144 1633 nis
167 1575 320 1633 conversis
344 1572 530 1642 cohortibus,
554 1579 589 1633 ut
602 1592 661 1636 una
676 1582 754 1652 post,
777 1575 873 1635 altera
888 1581 956 1635 ante
971 1577 1058 1652 signa

95 1656 242 1725 tenderet,
266 1659 308 1717 ita
331 1675 473 1718 coronam
495 1657 627 1718 hostium
642 1657 748 1719 dextro
763 1655 946 1736 sinistroque
961 1675 1058 1719 cornu

94 1739 226 1802 mediam
249 1740 354 1801 dividit
382 1749 413 1802 et
440 1759 530 1802 unam
561 1749 676 1820 partem
709 1740 747 1803 ab
780 1741 874 1803 altera
906 1740 1058 1802 exclusam

95 1823 250 1903 equitibus
278 1826 462 1887 intrinsecus
490 1825 613 1887 adortus
638 1843 708 1887 enm
736 1824 871 1904 peditatu
892 1825 963 1884 telis
984 1842 1057 1886 oon·

95 1911 183 1969 iectis
206 1911 239 1970 in
261 1910 363 1987 lugam
385 1912 476 1971 vertit
497 1928 595 1988 neque
616 1910 736 1988 longius
751 1925 930 1988 progressus
943 1909 1058 1969 veritus

94 1992 219 2054 insidias
241 2011 274 2054 se
297 1995 334 2054 ad
362 2011 432 2054 snos
454 1996 578 2072 recipit3
613 1994 693 2055 idem
716 1993 809 2055 altera
829 2009 900 2071 pars
920 1993 1058 2070 equitum

95 2077 290 2157 peditumque
312 2078 448 2139 Caesaris
470 2079 553 2141 lacit.
597 2078 651 2138 His
673 2077 766 2139 rebus
788 2078 882 2156 gestis
901 2094 936 2137 ac
950 2074 1058 2155 procul
1077 2091 1094 2140 2

95 2161 235 2223 hostibus
266 2162 398 2241 repulsis
430 2162 712 2242 convulneratisque
743 2163 783 2223 ad
818 2178 873 2224 stra
908 2159 1058 2240 praesidia

96 2264 176 2315 sese,
200 2247 279 2307 sicut
300 2254 365 2307 erat
386 2247 568 2318 instructus,
591 2249 729 2326 recipere
752 2248 862 2324 coepit.

158 2329 261 2390 xvlll.
305 2330 432 2392 Interim
453 2330 492 2392 Μ.
514 2331 653 2393 Petreius
675 2338 706 2392 et
720 2330 772 2392 Cn.
788 2330 859 2390 Piso
881 2347 951 2390 cum
972 2330 1093 2408 equi-1

95 2413 178 2476 tibus
191 2413 330 2476 Numidis
344 2426 419 2475 nuc
439 2415 549 2477 electls·
565 2415 759 2494 peditatuque
782 2413 916 2476 eiusdem
937 2414 1058 2490 generis

95 2500 169 2559 satis
189 2499 296 2577 grandi
320 2517 356 2560 aa
378 2501 489 2561 itinere
514 2505 600 2561 reeta
627 2497 764 2560 subsidio
791 2499 855 2558 suis
882 2502 1056 2558 occurrunt.

95 2584 192 2661 Atque
216 2582 317 2645 hostes
339 2585 402 2644 suis
425 2600 461 2645 ex
483 2591 601 2645 terrore
622 2584 748 2645 firmetis
775 2596 942 2661 rursusque
967 2595 1093 2646 reno-2

95 2669 171 2728 vatis
193 2668 302 2728 animis
323 2668 504 2746 legionarios
526 2669 679 2730 conuersis
701 2665 855 2747 equitibus
874 2667 1057 2744 recipientes

95 2751 273 2810 novissimos
294 2751 408 2812 adoriri
436 2759 468 2812 et
495 2751 634 2831 inpedire
662 2757 843 2829 coeperunt,
871 2766 929 2827 qno
957 2750 1058 2808 minus

96 2836 128 2895 in
151 2838 248 2894 eastra
276 2850 308 2894 se
335 2836 515 2913 reciperent.
565 2835 629 2896 liae
653 2851 689 2896 re
715 2831 923 2895 animadversa
949 2831 1093 2893 Caesare

96 2916 182 2978 iubet
203 2917 289 2992 signa
312 2920 446 2979 converti
468 2926 498 2979 et
519 2918 618 2980 medio
633 2932 738 2997 canipa
752 2915 1056 2994 redintegrariproe·

96 3004 180 3063 lium.
231 2999 303 3061 Cum
333 2999 370 3062 ab
398 3000 536 3062 hostibus
558 3003 663 3064 eodem
684 3000 774 3063 modo
795 3007 979 3079 pugnemur
1001 3011 1095 3062 neca

97 3086 266 3147 comminus
287 3085 324 3147 ad
345 3100 451 3147 manus
472 3085 634 3156 rediretur,
657 3085 851 3164 Caesarisque
872 3084 989 3164 equites
1010 3085 1057 3144 iu·

96 3177 196 3233 menta
225 3186 260 3231 ex
293 3186 404 3232 nausea
436 3172 568 3241 recenti,
602 3171 668 3239 siti,
704 3171 862 3248 languore,
895 3169 1056 3247 paucitate,

95 3253 273 3316 vulneribus
306 3256 466 3333 defatigata
499 3254 536 3316 ad
564 3254 785 3334 insequendum
809 3252 925 3314 hostem
954 3269 1056 3332 perse·

96 3338 319 3438 verendumque
341 3356 462 3402 cursum
488 3338 622 3401 tardiora
649 3337 813 3407 haberent,
841 3335 961 3417 dieique
986 3353 1057 3414 pars

95 3425 203 3502 exigua
218 3425 279 3483 iam
300 3423 416 3504 reliqua
430 3431 518 3494 esset,
541 3422 719 3486 cohortibus
736 3417 1061 3503 equitibnsiqnete‘m·

95 3507 244 3569 cumdeda
255 3506 442 3582 cohortatur,
463 3515 503 3570 ut
510 3525 571 3573 une
584 3508 652 3574 ictu
665 3506 1087 3579 contemnentesque

845 3601 886 3658 ῃ
