2356 3870
263 238 362 294 centu,
379 237 444 302 viti,
456 237 527 297 GAP.
544 238 793 295 XXXII-XXXVII.
964 242 1023 305 185

58 417 92 460 se
109 403 276 480 provincias
297 402 481 481 partiuntur:
512 401 644 480 Drappes
668 403 772 462 castris
792 403 940 480 praesIdie
956 408 1037 464 cum·

57 492 143 565 parte
158 488 310 563 copiarum
325 487 448 553 restitit,
470 485 625 546 Lucterius
645 502 750 562 agmen
771 487 972 548 lumentorum
988 486 1023 546 ad

57 568 199 647 oppidum
215 569 304 629 ducit.
335 568 489 646 Dispositis
504 568 545 629 ibi
564 569 719 647 praesidiis
740 568 813 629 bora
827 573 923 632 noctIs
938 572 1023 630 circi·
1039 577 1056 629 a

57 659 105 711 ter
120 651 233 712 decima
253 651 437 712 silvestribus
456 655 649 730 angustisque
669 652 826 713 itineribus
841 654 1023 715 frumentum

56 738 212 812 inportare
232 737 263 796 in
278 734 421 814 oppidum
435 737 572 796 instituit.
600 737 733 806 Quorum
748 734 907 814 strepitum
921 737 1055 814 vigilesa

58 827 224 879 castrorum
237 838 305 879 cunr
315 821 487 887 sensissent,
501 819 762 898 exploratoresque
774 822 865 889 missi,
883 838 958 898 quae
970 839 1021 898 ge·
1077 842 1079 845 ·

58 909 207 970 rerentur,
223 905 452 971 renuntiassent,
469 903 607 963 Caninius
617 903 755 963 celeriter
768 921 835 962 cum
847 903 1020 964 cohortibus

57 985 917 1064 armatisexproxImiscastellisinlrnmentariossubipsam
925 988 1022 1047 lucem

55 1071 201 1147 impetum
216 1069 293 1129 lecit.
322 1070 358 1128 Hi
373 1072 529 1148 repentino
549 1069 627 1130 malo
642 1072 795 1148 perterriti
816 1070 973 1146 diffugiunt
988 1069 1057 1130 adt

56 1171 111 1212 sua
126 1153 288 1230 praesidia;
300 1170 374 1229 qnae
394 1156 489 1213 nostri
500 1162 533 1213 ut
544 1154 690 1222 viderunt,
702 1155 908 1214 acriuscontra
925 1172 1020 1214 arma-

57 1244 104 1296 tos
118 1237 230 1295 incitati
249 1239 398 1296 neminem
411 1255 446 1295 ex
463 1254 498 1295 eo
514 1255 639 1297 numero
654 1238 750 1298 vitum
772 1239 837 1315 capi
856 1239 1018 1316 patiuntur.

56 1319 191 1396 Proiugit
205 1320 347 1380 indacum
362 1319 626 1398 paucisLucterius
638 1339 731 1381 nccse
746 1322 853 1398 reprit
866 1322 897 1380 in
913 1330 1018 1380 castra.

121 1403 246 1463 XXXVI.
283 1404 325 1463 Rc
346 1402 421 1463 bene
442 1405 684 1480 gesta-Caninius
703 1423 739 1464 ex
761 1405 881 1483 captivis
901 1422 1020 1484 compe·
1037 1409 1050 1462 1

13 1506 33 1519 ’·
56 1489 104 1554 rit,
121 1494 235 1564 partem
252 1489 403 1565 copiarum
419 1505 486 1547 cnm
501 1488 649 1566 Drappete
665 1489 775 1547 esseio
791 1489 895 1548 castris
911 1506 927 1547 a
942 1487 1018 1547 mill·

56 1570 114 1630 bus
128 1589 186 1630 non
206 1567 318 1652 [longe]
335 1570 460 1648 amplius
474 1591 530 1630 111.
572 1571 635 1641 Qua
649 1590 683 1631 re
699 1589 734 1630 ex
751 1571 954 1649 compluribus
969 1589 1019 1631 co·

56 1656 146 1730 gnita,
163 1672 230 1713 cum
239 1653 434 1730 intellegeret,
451 1655 633 1731 iugatoduce
648 1654 742 1713 altero
756 1656 934 1732 perterritos
949 1653 1019 1713 rell·

57 1753 132 1813 quos
146 1737 231 1797 lacile
246 1739 374 1815 opprimi
388 1756 491 1815 posse,
514 1755 637 1814 magnae
651 1737 797 1798 felicitatis
813 1755 878 1797 esse
893 1736 1018 1797 arbitra·

56 1820 153 1889 batur,
167 1822 313 1880 neminem
326 1839 361 1880 ex
374 1821 463 1880 caede
474 1821 619 1898 refugisse
629 1821 773 1887 incastra,
790 1818 887 1897 quide
899 1828 1020 1897 accepta

56 1904 220 1964 calamitate
234 1906 370 1964 nuntium
381 1904 522 1982 Drappeti
536 1905 692 1983 perferret.
720 1904 779 1964 Sed
793 1906 823 1963 in
835 1903 1018 1981 experiundo
1032 1910 1051 1960 2

56 2005 124 2046 curn
140 1987 306 2065 periculum
320 1988 434 2048 nullum
446 1988 567 2057 videret,
584 1990 746 2065 equitatum
761 2004 879 2047 omnem
895 1985 1017 2046 Germa·

56 2088 170 2146 nosque
184 2071 308 2149 pedites,
325 2090 456 2131 summae
468 2071 629 2132 velocitatis
640 2071 785 2139 homines,
801 2070 837 2130 ad
853 2077 949 2130 castra
964 2068 1018 2130 bo·

55 2157 145 2214 stium
156 2157 332 2233 praemittit;
346 2157 410 2233 ipse
421 2155 568 2232 legionem
580 2173 669 2215 unam
678 2157 708 2215 in
727 2156 804 2214 trina
816 2154 1017 2215 castradistri-

55 2237 129 2307 buit,
145 2238 267 2298 alteram
283 2243 384 2298 secum
400 2239 566 2317 expeditam
578 2240 667 2298 ducit.
695 2238 768 2298 Cum
783 2241 907 2316 propius
923 2237 1049 2297 bostist

55 2323 236 2390 arcessisset,
250 2320 285 2380 ab
298 2322 545 2399 exploratoribus,
561 2322 843 2400 quospraemiserat,
858 2323 1016 2397 cognoscit,

56 2411 153 2464 castra
168 2413 317 2472 eorumut
337 2405 532 2466 barbarorum
552 2407 616 2466 iere
632 2404 814 2465 consuetudo
830 2413 889 2472 est,
906 2403 1018 2463 relictis

55 2488 129 2548 locis
144 2488 349 2566 superioribus
361 2489 397 2549 ad
408 2492 486 2568 ripas
499 2507 565 2549 esse
576 2488 846 2555 lluminIsdemissa,
859 2493 889 2547 at
895 2486 1017 2547 Germa·

56 2589 111 2631 nos
127 2574 299 2649 equitesque
314 2573 542 2651 inprudentibus
556 2572 693 2633 omnibus
713 2571 750 2630 de
764 2573 913 2649 lnproviso
929 2570 1017 2631 advo·

55 2654 132 2715 lasse
144 2654 349 2734 proeliumque
362 2659 553 2717 commisisse.
565 2656 628 2726 Qua
639 2656 796 2732 recognita
807 2653 954 2732 legionem
969 2672 1017 2714 ar·
1032 2660 1050 2710 4

56 2745 163 2798 matam
174 2741 407 2816 instructamque
419 2740 545 2800 adducit.
568 2741 611 2799 lta
622 2746 746 2815 repente
760 2737 897 2799 omnibus
905 2754 940 2796 ex
947 2754 1016 2814 par·

56 2821 225 2899 tibussigno
237 2822 303 2882 dato
316 2822 380 2883 loca
392 2825 547 2902 superiora
558 2824 724 2901 capiuntur.
746 2820 831 2891 Quod
839 2820 890 2879 ubi
901 2818 1015 2888 accidit,

56 2906 195 2965 Germani
217 2907 390 2984 equitesque
411 2909 502 2984 signis
527 2906 649 2983 legionis
675 2905 744 2963 visis
761 2902 1018 2963 vehementissime

56 2988 247 3067 proeliantur.
276 2990 436 3050 ConiestIm
451 2989 587 3050 cohortes
602 2988 734 3064 undique
748 2988 891 3064 Impetum
905 2986 1048 3046 iaciuntti

57 3072 311 3148 omnibusqueaut
324 3075 489 3135 intersectis
498 3073 759 3151 autcaptlsmagna
774 3069 883 3148 praeda
897 3070 1016 3146 potiun-

56 3163 115 3214 tur.
148 3155 270 3234 Capitur
284 3158 348 3234 ipse
364 3174 400 3217 eo
415 3157 530 3235 proelio
545 3156 688 3233 Drappes.

118 3238 257 3300 XXXVII.
286 3241 425 3302 CanInius
439 3240 607 3301 felicissime
622 3258 656 3299 re
670 3245 752 3316 gesta
768 3239 832 3297 siue
847 3234 907 3295 ullo
922 3252 1019 3315 paene
1034 3245 1047 3293 l

55 3321 155 3382 militis
175 3322 297 3383 vulnere
313 3324 348 3384 ad
364 3323 543 3385 obsidendos
558 3322 720 3401 oppidanos
742 3321 902 3382 revertitur
918 3326 1016 3378 exter·

55 3422 154 3481 noque
168 3405 254 3466 hoste
269 3406 380 3477 deleto,
402 3408 486 3469 cuius
501 3409 607 3468 timore
627 3412 712 3466 antea
727 3404 857 3465 dividere
872 3400 1018 3481 praesidia
1031 3409 1048 3457 a

55 3499 85 3548 et
99 3491 263 3549 munitione
278 3491 439 3570 oppidanos
454 3490 641 3556 olrcumdare
655 3488 828 3577 proliibitus
843 3496 922 3555 erat,
936 3500 1036 3563 opera
