2356 3870
141 209 202 271 164
459 206 499 262 DE
513 204 617 262 BELLO
633 203 770 260 ultimo

113 379 122 429 t
206 369 316 430 LXXX.
361 369 467 431 Cacsar
493 370 574 429 omni
594 370 727 429 exercitu
747 367 783 428 ad
803 375 960 444 utramque
979 376 1095 445 partem

142 455 339 514 munitionum
353 453 510 531 disposito,
533 459 581 521 ut,
603 453 629 512 si
643 470 715 513 usus
732 452 840 520 veniat,
861 469 949 511 suum
971 452 1096 527 quisque

141 536 239 598 locum
260 543 360 597 teneat
381 543 411 596 et
430 537 558 605 noverit,
581 537 743 614 equitatum
764 553 800 594 ex
825 536 929 595 castris
956 533 1042 594 educi
1068 543 1096 594 et

112 631 126 678 ε
140 619 288 700 proelium
303 621 446 680 committi
458 618 549 681 iubet.
585 619 656 680 Erat
676 637 712 679 cx
727 617 863 679 omnibus
879 620 998 688 castris,
1021 635 1097 696 quae

142 722 290 765 summum
302 703 432 780 undique
443 705 545 781 iugum
556 702 704 772 tenebant,
717 702 883 781 despectus,
896 710 984 779 atquc
995 720 1097 762 omnes

111 797 126 846 3
141 787 249 848 milites
263 789 369 849 intenti
382 805 500 866 pugnae
514 793 690 865 proventum
705 785 906 865 expectabant,
922 785 1005 870 *Galli
1018 788 1097 846 inter

143 873 256 948 equites
284 890 369 932 raros
395 872 560 949 sagittarios
596 870 806 948 expeditosque
834 870 906 930 levis
932 877 1098 930 armaturae

141 957 365 1025 interiecerant,
382 956 508 1032 quisuis
523 953 696 1016 cedentibus
716 954 823 1015 auxilio
839 961 1049 1015 succurrerent
1069 963 1099 1012 ct

27 1034 32 1040 “
143 1048 313 1100 nostrorum
328 1040 461 1116 equitum
474 1040 604 1117 impetus
619 1039 809 1099 sustinerent.
846 1038 889 1099 Ab
904 1038 950 1099 bis
966 1037 1097 1117 complu·

111 1132 127 1181 t
142 1141 190 1183 res
205 1123 242 1182 dc
256 1123 406 1200 inproviso
422 1121 565 1182 vulnerati
579 1121 692 1199 proelio
715 1121 903 1183 excedebant.
941 1121 1014 1183 Cum
1028 1140 1098 1182 suos

144 1223 242 1285 pugna
257 1208 427 1284 superiores
443 1222 507 1266 esse
522 1205 597 1266 Galli
617 1205 797 1266 confiderent
817 1213 846 1266 et
866 1213 985 1266 nostros
999 1206 1097 1268 multi·

142 1289 243 1351 tudine
257 1291 354 1367 premi
368 1289 515 1358 viderent,
532 1307 568 1348 cx
580 1288 717 1350 omnibus
727 1289 861 1368 partibus
877 1298 905 1350 et
916 1292 951 1360 ii,
968 1293 1019 1366 qui
1032 1308 1096 1351 mu·

142 1371 302 1440 nitionibus
311 1372 559 1441 continebantur,
576 1379 606 1432 et
619 1372 659 1440 bi,
676 1375 727 1449 qui
741 1374 777 1434 ad
797 1374 937 1434 auxilium
953 1391 1097 1434 convene·

142 1463 224 1524 rant,
252 1455 380 1516 clamore
401 1463 430 1517 et
456 1455 570 1517 ululatu
594 1474 717 1519 suorum
743 1459 855 1517 animos
877 1457 1096 1519 confirmabant.

111 1548 127 1596 o
143 1539 227 1611 Quod
241 1541 273 1600 in
288 1548 448 1619 conspectu
464 1541 595 1601 ommum
614 1557 663 1600 res
684 1540 842 1618 gerebatur
857 1558 953 1619 neque
968 1551 1049 1601 recte
1065 1559 1099 1601 ac

143 1625 270 1702 turpiter
283 1624 394 1684 iactum
409 1623 499 1684 celari
512 1631 643 1702 poterat,
667 1631 810 1702 utrosque
832 1634 861 1685 et
875 1624 969 1686 laudis
985 1625 1096 1704 cupidi-

111 1714 127 1765 t
143 1715 186 1768 tas
202 1714 231 1768 et
246 1708 334 1772 timor
348 1709 526 1786 ignominiae
538 1708 573 1768 ad
587 1709 725 1768 virtutem
736 1709 888 1769 excitabat.
917 1709 1021 1770 Cum-a
1035 1727 1097 1768 me-

142 1791 218 1852 ridie
237 1808 332 1870 prope
353 1792 389 1852 ad
409 1791 480 1852 solis
500 1810 637 1852 occasum
658 1791 746 1852 dubia
766 1794 887 1853 victoria
906 1799 1097 1871 pugnaretur,

144 1874 283 1936 Germani
296 1893 355 1937 una
369 1877 750 1955 inpartcconiertisturmis
763 1874 1069 1955 inhostesimpetumi
1087 1909 1097 1920 ·

111 1967 126 2014 7
143 1965 247 2019 cerunt
254 1976 365 2036 eosque
371 1960 584 2039 propulerunt;
601 1959 745 2037 quibusin
756 1961 1097 2038 iugamconiectissagit·

111 2048 128 2100 8
142 2044 210 2102 tarii
225 2045 417 2103 circumventi
432 2044 641 2120 interfectique
656 2052 733 2104 sunt.
756 2044 831 2104 ltem
846 2062 882 2104 cx
896 2043 1019 2121 reliquis
1030 2063 1096 2123 par-

143 2125 222 2185 tibus
237 2127 332 2186 nostri
347 2126 487 2187 cedentes
493 2144 588 2204 usque
600 2127 636 2188 ad
643 2135 738 2188 castra
749 2129 875 2189 insecuti
884 2130 931 2188 sui
943 2127 1099 2206 colligendi

112 2215 128 2266 o
142 2208 310 2270 facultatem
324 2227 384 2271 uon
399 2209 554 2271 dederunt.
574 2213 610 2272 At
624 2213 653 2280 ii,
671 2213 722 2288 qui
736 2211 872 2272 abAlesia
883 2220 1097 2290 processerant,

142 2294 247 2354 maesti
260 2311 354 2372 prope
368 2295 488 2355 victoria
498 2294 654 2373 desperata
668 2313 701 2355 se
714 2297 746 2355 in
758 2295 898 2374 oppidum
909 2305 1097 2374 receperunt.

112 2383 125 2434 1
204 2375 330 2437 LXXXI.
368 2377 432 2439 Uno
454 2378 501 2438 die
521 2380 692 2440 intermisso
719 2378 794 2440 Galli
813 2386 901 2456 atque
922 2378 978 2440 hoe
1005 2382 1099 2457 spatio

125 2477 248 2537 magno
270 2462 409 2530 cratium,
434 2461 595 2531 scalarum,
621 2462 824 2542 harpagonum
849 2481 973 2524 numero
995 2463 1098 2524 eliceto

143 2544 238 2604 media
253 2552 340 2605 nocte
355 2544 472 2606 silentio
489 2564 526 2606 cx
541 2547 644 2607 castris
660 2547 772 2624 egressi
786 2546 1019 2626 adtcampestres
1033 2565 1097 2607 mu·

111 2638 127 2685 2
141 2629 269 2687 nitiones
285 2628 437 2690 accedunt.
469 2628 573 2690 Subito
589 2629 718 2690 clamore
733 2629 858 2699 sublato,
881 2646 939 2706 qua
954 2631 1097 2708 significa-

143 2712 232 2780 tione,
249 2712 344 2788 quiin
360 2713 469 2791 oppido
484 2711 710 2783 obsidebantur,
727 2714 765 2774 de
779 2733 833 2775 suo
849 2713 975 2775 adventu
991 2731 1093 2791 cogno·

143 2813 227 2856 scere
242 2804 379 2874 possent,
403 2804 499 2858 crates
513 2798 660 2876 proicere,
678 2797 792 2868 lundis,
809 2799 936 2876 sagittis,
953 2797 1098 2877 lapidibus

143 2886 260 2940 nostros
276 2879 313 2940 de
328 2880 403 2941 vallo
414 2882 592 2960 proturbare
604 2881 787 2958 reliquaque,
804 2899 879 2959 quae
895 2882 929 2942 ad
946 2900 1098 2961 oppugna-

111 2970 127 3020 a
143 2963 253 3023 tionem
273 2965 437 3042 pertinent,
468 2973 573 3044 parant
587 2965 801 3026 administrare.
838 2965 950 3025 Eodem
965 2973 1099 3044 tempore

144 3045 272 3106 clamore
284 3048 420 3108 exaudito
436 3047 485 3110 dat
495 3050 566 3110 tuba
577 3051 693 3127 signum
708 3051 769 3110 suis
777 3050 999 3126 Vercingetorix
1010 3056 1098 3125 atque

110 3138 179 3188 sex
194 3129 302 3207 oppido
319 3131 424 3192 educit.
447 3132 554 3202 Nostri,
571 3142 605 3194 ut
619 3132 823 3212 superioribus
831 3132 934 3193 diebus
949 3150 1021 3193 suus
1037 3133 1097 3192 cui-

144 3227 201 3288 que
217 3219 281 3273 erat
294 3212 377 3275 locus
392 3215 566 3286 adtributus,
584 3217 620 3278 ad
631 3218 810 3278 munitiones
826 3216 983 3284 accedunt;
1000 3215 1097 3276 lundis

142 3294 287 3357 librilibus
302 3297 493 3377 sudibusque,
511 3317 583 3378 quas
594 3303 625 3360 in
636 3317 727 3380 opere
736 3301 951 3380 disposuerant,
969 3318 1002 3360 ac
1016 3299 1096 3377 glan·

111 3386 127 3437 o
142 3378 228 3441 dibus
235 3380 332 3442 Gallos
347 3390 526 3461 proterrent.
548 3385 712 3463 Prospectu
726 3383 1096 3463 tenebrisademptomulta

143 3464 292 3541 utrimque
313 3467 434 3529 vulnera
455 3469 648 3549 accipiuntur.
691 3468 839 3548 Conplura
865 3470 1019 3529 tormentis
1041 3467 1096 3528 tela
