2356 3870
223 195 337 253 ΟΟΜΜ.
350 196 398 253 111.
420 195 497 252 cAP.
511 196 876 253 LXXXXI—LXXXXIIII.
970 193 1030 258 113

71 373 182 443 porunt
196 369 226 422 et
245 364 389 442 impetum
409 362 561 440 legionum
576 363 710 425 tulerunt
724 369 754 423 et
774 364 894 425 ordines
910 382 1031 425 conser-

71 453 179 508 varunt
192 446 321 526 pilisque
336 448 435 507 missis
451 447 487 507 ad
502 447 614 525 gladios
629 447 792 508 redierunt.
827 449 939 509 Eodem
954 456 1057 510 tem-3

69 549 145 611 pore
156 532 273 610 equites
284 529 321 590 ab
333 531 584 612 sinistroPompei
599 550 701 602 comu,
717 539 753 592 ut
764 539 829 592 erat
842 534 1031 612 imperatum,

70 615 204 676 universi
221 621 491 695 procucurrerunt,
514 618 668 696 omnisque
689 617 847 679 multitudo
864 620 1030 696 sagittario·

70 717 139 760 rum
155 717 186 760 se
201 699 344 779 proludit.
366 698 508 769 *Quorum
528 702 673 780 impetum
688 707 789 763 noster
804 704 955 781 equitatus
970 710 1058 762 nont

70 783 149 853 tulit,
172 783 224 844 sed
239 783 381 862 paulatim
396 783 461 844 loco
476 791 574 847 motus
589 787 695 854 cessit,
718 787 892 865 equitesque
907 785 1031 866 Pompei

40 880 43 885 ’
70 868 129 928 hoc
154 869 255 928 acrius
279 870 391 928 instare
412 876 442 929 et
467 886 499 929 se
524 871 678 931 turmatim
704 869 853 948 explicare
876 872 1031 950 aciemque

71 960 203 1012 nostram
219 971 236 1012 a
256 951 349 1012 latere
370 958 474 1032 aperto
488 954 648 1014 circumire
663 961 836 1033 coeperunt.
873 951 956 1024 Quod
977 953 1058 1015 ubi5

72 1034 180 1096 Caesar
195 1036 412 1107 animadvertit,
434 1043 556 1116 quartae
572 1039 657 1107 aciei,
679 1056 768 1117 quam
788 1039 960 1099 instituerat
979 1057 1032 1099 sex

72 1120 256 1190 cohortium,
278 1119 358 1181 dedit
379 1122 506 1199 signum.
545 1122 591 1183 llli
617 1121 756 1182 celeriter
775 1128 1058 1202 procucurrerunto

72 1206 250 1284 infestisque
272 1206 366 1282 signis
388 1212 468 1266 tanta
489 1207 518 1266 vi
543 1208 575 1267 in
595 1205 718 1285 Pompei
743 1208 861 1284 equites
886 1209 1031 1286 impetum

71 1290 225 1359 iecerunt,
248 1295 282 1348 ut
296 1306 399 1350 eorum
413 1307 501 1350 nemo
522 1292 699 1351 consisteret
718 1309 879 1370 omnesque
895 1292 1030 1351 conversi

71 1391 130 1434 non
156 1373 251 1434 solum
275 1373 340 1433 loco
361 1374 555 1444 excederent,
582 1374 634 1451 sed
659 1376 796 1454 prot'mus
821 1376 937 1436 incitati
960 1375 1031 1452 luga

71 1464 186 1518 montes
208 1457 367 1518 altissimos
387 1464 534 1537 peterent.
570 1456 685 1529 Quibus
704 1456 850 1520 submotis
865 1476 968 1519 omnes
982 1465 1056 1519 sa·'1

71 1543 188 1620 gittarii
216 1541 441 1622 funditoresque
465 1543 599 1603 destituti
627 1544 756 1604 inermes
785 1545 850 1603 sine
879 1543 1030 1622 praesidio

71 1627 223 1687 interiecti
239 1633 317 1686 sunt.
353 1625 466 1686 Eodem
486 1629 602 1706 impetu
616 1627 752 1687 cohortes
765 1629 922 1688 sinistrum
937 1633 1057 1686 cornus

71 1709 274 1791 pugnantibus
289 1713 458 1771 etiamtum
474 1728 508 1771 ac
521 1709 734 1772 resistentibus
748 1711 780 1773 in
795 1711 860 1771 acie
875 1710 1031 1790 Pompeia·

71 1797 120 1856 nis
135 1796 351 1856 circumierunt
366 1812 475 1874 eosque
490 1814 507 1856 a
521 1802 606 1872 tergo
621 1801 690 1856 sunt
705 1794 812 1856 adorti.

133 1878 335 1941 LXXXllllll.
371 1878 481 1939 Eodem
502 1885 635 1959 tempore
657 1881 775 1939 tertiam
797 1879 891 1940 aciem
911 1879 1056 1950 Caesam

71 1982 147 2045 quae
164 1965 265 2043 quieta
279 1964 377 2024 iuerat
392 1969 468 2024 etse
484 1964 520 2024 ad
536 1964 567 2024 id
582 1971 700 2043 tempus
719 1963 784 2023 loco
798 1969 944 2034 tenuerat,
960 1980 1031 2042 pro·

71 2066 195 2110 currere
217 2050 315 2108 iussit.
346 2046 390 2108 lta
411 2065 478 2107 cum
504 2055 643 2109 recentes
663 2056 751 2128 atque
771 2049 882 2125 integri
905 2047 1057 2108 defessist

71 2133 300 2202 successissent,
322 2132 372 2192 alii
396 2138 527 2194 autema
547 2139 634 2210 tergo
653 2131 860 2202 adorirentur,
882 2133 1031 2193 sustinere

70 2216 245 2296 Pompeiani
260 2235 320 2276 non
333 2221 496 2295 potuerunt
510 2223 597 2296 atque
613 2217 746 2277 universi
767 2222 851 2294 terga
864 2222 1031 2276 verterunt.

71 2300 176 2380 Neque
187 2318 257 2360 vero
271 2300 427 2362 Caesarem
438 2300 553 2371 latebit,
565 2303 638 2381 quin
653 2299 690 2361 ab
705 2302 743 2362 iis
757 2298 940 2369 cohortibus,
952 2317 1028 2378 quae
1040 2307 1056 2354 3

72 2393 176 2446 contra
191 2386 356 2464 equitatum
370 2386 401 2445 in
413 2393 518 2464 quarta
530 2386 595 2446 acie
610 2384 769 2446 collocatae
785 2390 894 2452 essent,
910 2385 1032 2466 initium

70 2470 214 2530 victoriae
234 2470 381 2539 oriretur,
402 2477 436 2528 ut
455 2471 519 2546 ipse
539 2471 571 2529 in
586 2469 777 2530 cohortandis
796 2466 943 2534 militibus
962 2485 1032 2546 pro·

71 2554 270 2614 nuntiaverat.
305 2551 350 2613 nb
369 2553 419 2614 his
434 2554 514 2613 enim
534 2553 666 2632 primum
681 2555 831 2632 equitatus
852 2558 898 2613 est
915 2549 1056 2631 pulsust

72 2635 110 2698 ab
139 2637 235 2697 isdem
263 2638 358 2698 iactae
384 2636 491 2697 caedes
520 2638 742 2715 sagittariorum
772 2633 806 2698 ac
835 2635 1030 2704 funditorum,

71 2719 109 2781 ab
133 2721 229 2781 isdem
255 2721 335 2783 acies
354 2713 536 2801 Pompeiana
561 2740 578 2782 a
604 2722 724 2794 sinistra
749 2727 833 2801 parte
855 2716 950 2800 [erat]
973 2721 1031 2779 cir·

72 2807 182 2866 cumita
207 2812 295 2885 atque
316 2806 436 2865 initium
455 2805 543 2882 fugae
564 2804 683 2866 lactum.
723 2804 782 2866 Sed
802 2804 977 2883 Pompeius,
998 2808 1058 2862 uto

72 2891 236 2966 equitatum
262 2907 348 2949 suum
374 2889 493 2968 pulsum
517 2889 593 2950 vidit
618 2896 706 2968 atque
730 2906 795 2949 eam
824 2893 955 2967 partem,
985 2884 1033 2946 cui

72 2975 200 3033 maxime
220 2971 395 3042 confidebat,
415 2975 609 3052 perterritam
631 2973 855 3040 animadvertit,
878 2970 946 3032 aliis
960 2988 1032 3047 quo·

71 3075 129 3136 que
151 3057 266 3118 diffisus
286 3059 350 3118 acie
373 3059 502 3118 excessit
521 3059 717 3137 protinusque
738 3075 770 3118 se
791 3058 822 3118 in
843 3062 939 3117 castra
954 3071 1032 3134 equo

72 3138 197 3202 contulit
216 3149 246 3202 et
265 3143 304 3204 iis
327 3140 568 3212 centurionibus,
591 3159 664 3221 quos
685 3143 716 3202 in
738 3143 866 3203 statione
887 3139 923 3200 ad
946 3157 1031 3218 prae·

72 3228 179 3287 toriam
207 3234 322 3306 portam
347 3232 501 3307 posuerat,
529 3225 624 3294 clare,
651 3232 685 3286 ut
710 3226 822 3287 milites
847 3223 1031 3287 exaudirent.

72 3306 235 3387 Tuemini,
255 3312 368 3390 inquit,
392 3311 499 3373 costra
512 3310 542 3371 et
555 3305 707 3388 defendite
721 3307 893 3390 deligenter,
913 3304 943 3370 sd
957 3303 1035 3386 quid

70 3390 184 3456 durius
190 3393 354 3477 dedederit.
391 3391 461 3474 Epo
481 3389 621 3473 reliquas
635 3393 747 3473 portas
767 3391 962 3456 cirdcmeoet
981 3409 1032 3452 cc·

69 3478 207 3541 strorum
221 3477 389 3558 praesidia
404 3476 562 3559 confirmo.
592 3477 675 3542 llaec
697 3496 770 3545 cum
788 3477 941 3546 didisset,
956 3492 994 3534 se
1005 3475 1077 3530 'ms

115 3590 138 3626 c,
155 3591 208 3626 mn,
228 3590 300 3628 coss,
335 3593 365 3629 π.
831 3581 852 3632 ἢ
