2356 3870
400 220 477 279 OAP.
492 220 703 278 XVIII-XXIL
972 217 1032 282 105

67 380 97 431 et
126 373 242 431 circum
271 388 305 430 ea
332 370 398 431 lcca
425 371 548 434 castella
577 371 724 449 disposuit
752 378 783 433 et
813 370 1033 434 munitionibus

67 473 99 514 se
125 455 282 516 continere
311 456 422 532 coepit.
467 455 576 516 Caesar
603 459 696 516 movit
724 462 755 516 et
782 459 907 535 propius
936 464 1031 517 castra

67 541 173 600 castris
195 536 331 598 contulit.
376 538 491 599 Eodem
511 547 646 617 tempore
669 558 755 602 mane
780 540 925 602 loricatus
953 551 1068 602 tinuse

68 642 104 683 er
137 623 254 699 legione
282 622 442 682 vernacula
469 621 508 682 ad
534 641 589 683 nos
619 625 781 700 transfugit
807 631 837 684 et
870 627 1029 694 nuntiavit,

67 708 244 785 Pompeium
266 706 430 784 oppidanos
452 705 626 768 Ucubenses
655 724 834 769 convocasse
862 711 966 787 eisque
990 711 1031 768 lta

68 793 279 869 imperavisse,
314 799 347 850 ut
375 789 531 868 diligentia
559 790 694 853 adbibita
723 794 950 872 perquirerent,
979 794 1032 871 qui

68 883 168 935 essent
189 892 311 934 suarum
333 875 463 952 partium
487 876 618 953 itemque
634 874 871 937 adversariorum
889 878 1031 937 victoriae

68 961 211 1020 lautores.
255 958 318 1019 Hoc
342 961 505 1036 praeterito
519 966 656 1037 tempore
680 962 712 1019 in
726 960 852 1038 cppidc,
875 960 955 1038 qucd
973 961 1068 1020 luite

68 1050 204 1122 captum,
232 1061 334 1102 servus
357 1050 413 1103 est¹
430 1060 557 1120 prensus
583 1045 615 1103 in
638 1043 794 1112 cuniculo,
817 1061 914 1122 ,quem
941 1061 1032 1124 supra

68 1128 336 1188 demonstravimus
357 1125 514 1188 sicininum
536 1127 701 1204 iugulasse:
727 1129 752 1188 is
774 1131 859 1189 vivus
882 1136 927 1188 est
949 1146 1030 1188 com·

68 1211 184 1271 bustcs.
227 1210 368 1289 idemque
390 1213 536 1288 temporis
556 1214 749 1273 centuriones
774 1211 893 1272 loricati
909 1225 973 1271 v111
995 1210 1032 1271 ad
1052 1219 1070 1268 i
1143 1256 1151 1266 .

68 1296 223 1357 Caesarem
246 1297 475 1372 transfugerunt
495 1313 533 1357 ex
555 1295 673 1372 legione
695 1295 869 1366 vernacula,
893 1303 924 1357 et
945 1299 1030 1374 equi·

67 1390 113 1447 tes
136 1382 232 1439 nostri
255 1396 324 1441 cum
347 1379 586 1441 adversariorum
604 1379 758 1458 equitibus
776 1383 930 1458 congressi
952 1387 1031 1450 sunt,

69 1472 98 1525 et
120 1465 217 1524 saucii
234 1464 354 1542 aliquot
377 1463 556 1524 occiderunt
583 1464 643 1526 levi
672 1471 834 1526 armatura.
877 1464 919 1524 Ea
942 1471 1069 1525 noetea

69 1547 275 1627 speculatores
295 1549 398 1626 prensi
433 1549 512 1608 servi
534 1561 575 1609 111
598 1556 629 1608 et
655 1566 733 1609 unus
762 1568 798 1610 ex
825 1548 943 1626 legione
966 1566 1033 1608 ver·

69 1633 185 1692 nacula.
229 1631 315 1693 Servi
338 1638 409 1692 sunt
430 1633 462 1691 in
483 1649 607 1693 crucem
629 1631 755 1701 sublati,
785 1632 876 1692 militi
899 1635 1033 1692 cervices

71 1715 214 1776 abscisae.
803 1776 810 1783 ,

133 1799 210 1861 ΧΧΙ.
254 1799 377 1860 Postero
406 1799 456 1861 die
486 1801 601 1878 equites
628 1817 697 1861 cum
725 1799 784 1859 levi
816 1807 967 1863 armatura
995 1807 1068 1860 ext
1114 1808 1117 1813 '

72 1884 311 1944 adversariorum
343 1886 450 1944 castris
482 1882 521 1944 ad
551 1901 608 1943 nos
641 1884 878 1960 transfugerunt.
927 1883 964 1943 Et
993 1891 1068 1944 coe

71 1977 205 2046 tempore
228 1970 351 2028 circiter
372 1981 420 2027 xe
448 1970 565 2046 equites
593 1966 630 2028 ad
657 1975 815 2045 aquatores
840 1974 959 2028 nostros
982 1984 1032 2026 ex·

71 2060 285 2121 cucurrerunt,
306 2052 469 2128 *nonnullos
491 2052 725 2122 interfecerunt,
753 2053 826 2112 item
854 2052 930 2112 alios
951 2052 1033 2111 vivos

71 2136 276 2205 abduxerunt3
305 2156 321 2197 e
349 2136 459 2215 quibus
488 2138 567 2214 capti
594 2143 664 2196 sunt
692 2138 809 2214 equites
830 2148 905 2195 vul.
949 2135 1071 2195 mse-s

71 2223 174 2303 quenti
197 2221 246 2282 die
268 2220 429 2299 Pompeius
449 2223 550 2283 securi
572 2222 723 2299 percussit
740 2220 878 2281 homines
892 2231 1032 2288 Lxxuu,
1095 2277 1099 2283 ,

71 2307 122 2383 qui
145 2304 323 2367 dicebantur
346 2323 411 2366 esse
434 2306 567 2366 lautores
582 2305 718 2366 Caesaris
731 2305 884 2373 victoriae,
901 2303 1035 2381 reliquos

71 2407 191 2450 versum
219 2389 364 2467 oppidum
393 2391 481 2449 iussit
511 2387 635 2456 deduci;
663 2406 701 2448 ex
727 2387 837 2466 quibus
865 2387 1036 2465 ellugernnt

72 2485 142 2532 cxx
164 2480 194 2531 et
216 2473 253 2533 ad
275 2473 431 2534 Caesarem
453 2480 612 2532 venerunt.
1023 2538 1026 2546 ,

134 2555 225 2615 XXll.
269 2556 333 2617 Hoc
355 2557 519 2634 praeterito
540 2563 691 2633 tempore,
714 2556 766 2632 qui
789 2557 821 2615 in
839 2555 949 2633 cppidc
964 2556 1071 2615 Ate-'t

72 2658 129 2716 gna
152 2639 375 2703 Ursavcnenses
398 2641 477 2716 capti
500 2648 586 2708 sunt,
609 2639 700 2717 legati
722 2640 852 2716 proiecti
873 2647 944 2700 sunt
966 2657 1035 2701 cum

73 2725 199 2791 nostris,
223 2727 267 2784 uti
290 2743 353 2784 rem
375 2731 489 2800 gestam
504 2721 763 2784 Ursavcnenslbus
780 2725 941 2792 referrent,
964 2722 1035 2799 quid

73 2814 228 2884 sperarent
261 2808 297 2867 de
331 2807 383 2867 Cn.
412 2807 571 2883 Pompeio,
608 2824 678 2867 cum
709 2806 862 2874 viderent,
902 2807 1035 2882 hospites

73 2889 218 2966 iugulari;
242 2898 397 2968 praeterea
418 2890 511 2950 multa
527 2890 641 2953 scelera
656 2888 694 2950 ab
717 2891 756 2950 iis
771 2890 851 2958 lieri,
875 2891 927 2968 qui
948 2906 1034 2968 prae·

72 2974 143 3034 sidii
166 2992 255 3035 causa
277 2973 314 3034 ab
337 2974 385 3033 bis
406 2977 628 3052 reciperentur.
673 2973 731 3045 Qui
752 2972 871 3033 eumad
891 2973 1033 3052 oppidum
1054 2981 1071 3030 2

74 3061 239 3127 venissent,
263 3060 375 3127 nostri,
399 3060 450 3138 qui
472 3059 601 3119 luissent
615 3060 732 3137 equites
747 3057 872 3118 Romani
896 3065 927 3118 et
948 3075 1033 3117 sena·

73 3150 168 3210 tores,
192 3161 254 3202 ncn
269 3149 339 3203 sunt
354 3145 420 3203 ausi
444 3144 571 3203 introire
593 3144 625 3202 in
640 3142 802 3220 oppidum,
825 3148 1037 3220 praeterquam

72 3229 124 3304 qni
158 3229 224 3287 eius
256 3229 386 3288 civitatis
418 3227 553 3287 luissent.
603 3226 737 3298 Quorum
768 3228 920 3304 responsis
956 3227 1072 3287 ultrct

73 3313 209 3390 citroque
232 3315 363 3390 acceptis
386 3319 415 3372 et
443 3311 570 3372 redditis
593 3329 661 3372 cum
683 3311 721 3370 ad
748 3318 867 3371 nostros
896 3329 928 3371 se
957 3312 1034 3371 reci·

72 3403 194 3472 pereni,
223 3397 275 3474 qui
303 3404 386 3457 extra
409 3396 554 3474 oppidum
574 3396 718 3466 luissent,
746 3394 793 3456 illi
814 3394 964 3474 praesidio
987 3399 1035 3461 in·

72 3481 169 3540 secuti
197 3498 233 3539 ex
261 3483 416 3540 aversione
450 3480 566 3558 legatos
599 3478 900 3558 ingerannum
927 3478 1055 3548 semme
