<?xml version="1.0" encoding="UTF-8"?>
<!DOCTYPE html PUBLIC "-//W3C//DTD XHTML 1.0 Transitional//EN"
    "http://www.w3.org/TR/xhtml1/DTD/xhtml1-transitional.dtd">
<html xmlns="http://www.w3.org/1999/xhtml" xml:lang="en" lang="en">
 <head>
  <title>
</title>
<meta http-equiv="Content-Type" content="text/html;charset=utf-8" />
  <meta name='ocr-system' content='tesseract 3.04.00' />
  <meta name='ocr-capabilities' content='ocr_page ocr_carea ocr_par ocr_line ocrx_word'/>
</head>
<body>
  <div class='ocr_page' id='page_1' title='image "./commentariicuma00caesgoog_0332.png"; bbox 0 0 2356 3870; ppageno 0'>
   <div class='ocr_carea' id='block_1_1' title="bbox 360 241 1062 308">
    <p class='ocr_par' dir='ltr' id='par_1_1' title="bbox 360 241 1062 308">
     <span class='ocr_line' id='line_1_1' title="bbox 360 241 1062 308; baseline 0.011 -8"><span class='ocrx_word' id='word_1_1' title='bbox 360 242 475 300; x_wconf 73' lang='grc' dir='ltr'><strong>ΟΟΜΜ.</strong></span> <span class='ocrx_word' id='word_1_2' title='bbox 488 244 536 300; x_wconf 91' lang='grc' dir='ltr'>ΙΠ.</span> <span class='ocrx_word' id='word_1_3' title='bbox 559 243 637 302; x_wconf 76' lang='lat' dir='ltr'>OAP.</span> <span class='ocrx_word' id='word_1_4' title='bbox 651 244 809 304; x_wconf 69' lang='lat' dir='ltr'>QVI—cx</span> <span class='ocrx_word' id='word_1_5' title='bbox 1003 241 1062 308; x_wconf 84' lang='grc'>121</span> 
     </span>
    </p>
   </div>
   <div class='ocr_carea' id='block_1_2' title="bbox 93 407 1088 3519">
    <p class='ocr_par' dir='ltr' id='par_1_2' title="bbox 95 407 1063 577">
     <span class='ocr_line' id='line_1_2' title="bbox 96 407 1063 490; baseline 0.006 -21"><span class='ocrx_word' id='word_1_6' title='bbox 96 409 177 488; x_wconf 93' lang='lat' dir='ltr'>apud</span> <span class='ocrx_word' id='word_1_7' title='bbox 192 407 368 489; x_wconf 89' lang='lat' dir='ltr'>Pompeium</span> <span class='ocrx_word' id='word_1_8' title='bbox 384 419 452 472; x_wconf 92' lang='lat' dir='ltr'>sunt</span> <span class='ocrx_word' id='word_1_9' title='bbox 468 409 620 490; x_wconf 82' lang='lat' dir='ltr'>depositae</span> <span class='ocrx_word' id='word_1_10' title='bbox 635 445 687 482; x_wconf 84' lang='lat'>-,</span> <span class='ocrx_word' id='word_1_11' title='bbox 710 412 821 475; x_wconf 80' lang='lat' dir='ltr'>alterae</span> <span class='ocrx_word' id='word_1_12' title='bbox 843 414 948 474; x_wconf 90' lang='lat' dir='ltr'>eodem</span> <span class='ocrx_word' id='word_1_13' title='bbox 964 432 1063 476; x_wconf 89' lang='lat' dir='ltr'>exem·</span> 
     </span>
     <span class='ocr_line' id='line_1_3' title="bbox 95 493 1062 577; baseline 0.005 -23"><span class='ocrx_word' id='word_1_14' title='bbox 95 493 146 573; x_wconf 93' lang='lat' dir='ltr'>plo</span> <span class='ocrx_word' id='word_1_15' title='bbox 162 493 285 555; x_wconf 90' lang='lat' dir='ltr'>relictae</span> <span class='ocrx_word' id='word_1_16' title='bbox 302 503 390 573; x_wconf 92' lang='lat' dir='ltr'>atque</span> <span class='ocrx_word' id='word_1_17' title='bbox 413 495 587 572; x_wconf 80' lang='lat' dir='ltr'>obsignatae</span> <span class='ocrx_word' id='word_1_18' title='bbox 602 496 799 558; x_wconf 75' lang='lat' dir='ltr'>Alexandriae</span> <span class='ocrx_word' id='word_1_19' title='bbox 821 497 1062 577; x_wconf 82' lang='lat' dir='ltr'>proterebantur.</span> 
     </span>
    </p>

    <p class='ocr_par' dir='ltr' id='par_1_3' title="bbox 93 577 1088 2426">
     <span class='ocr_line' id='line_1_4' title="bbox 149 577 1085 662; baseline 0.004 -24.052"><span class='ocrx_word' id='word_1_20' title='bbox 149 577 272 639; x_wconf 83' lang='lat' dir='ltr'>uvl111.</span> <span class='ocrx_word' id='word_1_21' title='bbox 306 577 349 639; x_wconf 88' lang='lat' dir='ltr'>De</span> <span class='ocrx_word' id='word_1_22' title='bbox 370 579 418 639; x_wconf 94' lang='lat' dir='ltr'>bis</span> <span class='ocrx_word' id='word_1_23' title='bbox 437 578 529 640; x_wconf 90' lang='lat' dir='ltr'>rebus</span> <span class='ocrx_word' id='word_1_24' title='bbox 550 597 621 640; x_wconf 92' lang='lat' dir='ltr'>cum</span> <span class='ocrx_word' id='word_1_25' title='bbox 637 590 778 658; x_wconf 82' lang='lat' dir='ltr'>ageretur</span> <span class='ocrx_word' id='word_1_26' title='bbox 798 582 877 662; x_wconf 92' lang='lat' dir='ltr'>apud</span> <span class='ocrx_word' id='word_1_27' title='bbox 893 582 1058 654; x_wconf 82' lang='lat' dir='ltr'>Gaesarem,</span> <span class='ocrx_word' id='word_1_28' title='bbox 1072 593 1085 642; x_wconf 93' lang='lat'>1</span> 
     </span>
     <span class='ocr_line' id='line_1_5' title="bbox 94 661 1061 746; baseline 0.005 -24"><span class='ocrx_word' id='word_1_29' title='bbox 94 661 181 742; x_wconf 81' lang='lat' dir='ltr'>laque</span> <span class='ocrx_word' id='word_1_30' title='bbox 202 665 331 723; x_wconf 81' lang='lat' dir='ltr'>maxime</span> <span class='ocrx_word' id='word_1_31' title='bbox 354 663 443 724; x_wconf 88' lang='lat' dir='ltr'>vellet</span> <span class='ocrx_word' id='word_1_32' title='bbox 470 681 541 743; x_wconf 95' lang='lat' dir='ltr'>pro</span> <span class='ocrx_word' id='word_1_33' title='bbox 546 667 695 725; x_wconf 92' lang='lat' dir='ltr'>communi</span> <span class='ocrx_word' id='word_1_34' title='bbox 722 669 818 727; x_wconf 90' lang='lat' dir='ltr'>amico</span> <span class='ocrx_word' id='word_1_35' title='bbox 839 674 927 746; x_wconf 90' lang='lat' dir='ltr'>atque</span> <span class='ocrx_word' id='word_1_36' title='bbox 949 666 1061 729; x_wconf 91' lang='lat' dir='ltr'>arbitro</span> 
     </span>
     <span class='ocr_line' id='line_1_6' title="bbox 95 748 1063 847; baseline 0.007 -41"><span class='ocrx_word' id='word_1_37' title='bbox 95 749 316 807; x_wconf 89' lang='lat' dir='ltr'>controversias</span> <span class='ocrx_word' id='word_1_38' title='bbox 332 764 436 825; x_wconf 82' lang='lat' dir='ltr'>regum</span> <span class='ocrx_word' id='word_1_39' title='bbox 453 764 647 847; x_wconf 84' lang='lat' dir='ltr'>componere,</span> <span class='ocrx_word' id='word_1_40' title='bbox 670 748 769 810; x_wconf 86' lang='lat' dir='ltr'>subito</span> <span class='ocrx_word' id='word_1_41' title='bbox 790 753 940 811; x_wconf 90' lang='lat' dir='ltr'>exercitus</span> <span class='ocrx_word' id='word_1_42' title='bbox 960 754 1063 829; x_wconf 84' lang='lat' dir='ltr'>regius</span> 
     </span>
     <span class='ocr_line' id='line_1_7' title="bbox 94 832 1088 930; baseline 0.002 -39"><span class='ocrx_word' id='word_1_43' title='bbox 94 832 306 930; x_wconf 83' lang='lat' dir='ltr'>equitatusque</span> <span class='ocrx_word' id='word_1_44' title='bbox 327 835 424 893; x_wconf 87' lang='lat' dir='ltr'>omnis</span> <span class='ocrx_word' id='word_1_45' title='bbox 444 834 546 892; x_wconf 91' lang='lat' dir='ltr'>venire</span> <span class='ocrx_word' id='word_1_46' title='bbox 560 832 768 894; x_wconf 80' lang='lat' dir='ltr'>Alexandriam</span> <span class='ocrx_word' id='word_1_47' title='bbox 787 837 953 896; x_wconf 84' lang='lat' dir='ltr'>nuntiatur.</span> <span class='ocrx_word' id='word_1_48' title='bbox 988 835 1060 897; x_wconf 86' lang='lat' dir='ltr'>Cae·</span> <span class='ocrx_word' id='word_1_49' title='bbox 1072 843 1088 893; x_wconf 73' lang='grc' dir='ltr'>ι</span> 
     </span>
     <span class='ocr_line' id='line_1_8' title="bbox 94 917 1063 1015; baseline 0.005 -41"><span class='ocrx_word' id='word_1_50' title='bbox 94 917 175 975; x_wconf 89' lang='lat' dir='ltr'>saris</span> <span class='ocrx_word' id='word_1_51' title='bbox 195 917 299 1015; x_wconf 83' lang='lat' dir='ltr'>copiae</span> <span class='ocrx_word' id='word_1_52' title='bbox 320 933 506 996; x_wconf 91' lang='lat' dir='ltr'>nequaquam</span> <span class='ocrx_word' id='word_1_53' title='bbox 524 924 609 977; x_wconf 88' lang='lat' dir='ltr'>erant</span> <span class='ocrx_word' id='word_1_54' title='bbox 623 925 738 987; x_wconf 88' lang='lat' dir='ltr'>tautae,</span> <span class='ocrx_word' id='word_1_55' title='bbox 759 925 794 978; x_wconf 92' lang='lat' dir='ltr'>ut</span> <span class='ocrx_word' id='word_1_56' title='bbox 808 920 853 979; x_wconf 86' lang='lat' dir='ltr'>eis</span> <span class='ocrx_word' id='word_1_57' title='bbox 872 926 956 979; x_wconf 86' lang='lat' dir='ltr'>extra</span> <span class='ocrx_word' id='word_1_58' title='bbox 976 922 1063 999; x_wconf 90' lang='lat' dir='ltr'>oppi-</span> 
     </span>
     <span class='ocr_line' id='line_1_9' title="bbox 95 999 1063 1082; baseline 0.004 -22"><span class='ocrx_word' id='word_1_59' title='bbox 95 999 177 1068; x_wconf 90' lang='lat' dir='ltr'>dum,</span> <span class='ocrx_word' id='word_1_60' title='bbox 194 1001 220 1060; x_wconf 90' lang='lat' dir='ltr'>si</span> <span class='ocrx_word' id='word_1_61' title='bbox 236 1007 315 1060; x_wconf 90' lang='lat' dir='ltr'>esset</span> <span class='ocrx_word' id='word_1_62' title='bbox 330 999 540 1069; x_wconf 89' lang='lat' dir='ltr'>dimicandum,</span> <span class='ocrx_word' id='word_1_63' title='bbox 557 1001 730 1062; x_wconf 86' lang='lat' dir='ltr'>confideret.</span> <span class='ocrx_word' id='word_1_64' title='bbox 767 1000 1013 1082; x_wconf 87' lang='lat' dir='ltr'>Relinquebatur,</span> <span class='ocrx_word' id='word_1_65' title='bbox 1029 1010 1063 1064; x_wconf 92' lang='lat' dir='ltr'>ut</span> 
     </span>
     <span class='ocr_line' id='line_1_10' title="bbox 94 1083 1061 1165; baseline 0.003 -21"><span class='ocrx_word' id='word_1_66' title='bbox 94 1102 128 1144; x_wconf 87' lang='lat' dir='ltr'>se</span> <span class='ocrx_word' id='word_1_67' title='bbox 145 1085 208 1144; x_wconf 90' lang='lat' dir='ltr'>suis</span> <span class='ocrx_word' id='word_1_68' title='bbox 222 1083 296 1144; x_wconf 91' lang='lat' dir='ltr'>locis</span> <span class='ocrx_word' id='word_1_69' title='bbox 311 1084 420 1164; x_wconf 92' lang='lat' dir='ltr'>oppido</span> <span class='ocrx_word' id='word_1_70' title='bbox 435 1092 552 1145; x_wconf 89' lang='lat' dir='ltr'>teneret</span> <span class='ocrx_word' id='word_1_71' title='bbox 571 1086 790 1162; x_wconf 87' lang='lat' dir='ltr'>consiliumque</span> <span class='ocrx_word' id='word_1_72' title='bbox 805 1086 935 1147; x_wconf 76' lang='lat' dir='ltr'>Achillae</span> <span class='ocrx_word' id='word_1_73' title='bbox 952 1104 1061 1165; x_wconf 82' lang='lat' dir='ltr'>cogno-</span> 
     </span>
     <span class='ocr_line' id='line_1_11' title="bbox 95 1167 1088 1250; baseline 0.001 -23"><span class='ocrx_word' id='word_1_74' title='bbox 95 1175 204 1228; x_wconf 88' lang='lat' dir='ltr'>sceret.</span> <span class='ocrx_word' id='word_1_75' title='bbox 233 1167 342 1229; x_wconf 86' lang='lat' dir='ltr'>Milites</span> <span class='ocrx_word' id='word_1_76' title='bbox 363 1177 462 1229; x_wconf 90' lang='lat' dir='ltr'>tamen</span> <span class='ocrx_word' id='word_1_77' title='bbox 483 1186 586 1229; x_wconf 94' lang='lat' dir='ltr'>omnes</span> <span class='ocrx_word' id='word_1_78' title='bbox 600 1172 632 1230; x_wconf 92' lang='lat' dir='ltr'>in</span> <span class='ocrx_word' id='word_1_79' title='bbox 648 1172 740 1230; x_wconf 88' lang='lat' dir='ltr'>armis</span> <span class='ocrx_word' id='word_1_80' title='bbox 755 1188 821 1230; x_wconf 85' lang='lat' dir='ltr'>esse</span> <span class='ocrx_word' id='word_1_81' title='bbox 841 1172 929 1231; x_wconf 88' lang='lat' dir='ltr'>iussit</span> <span class='ocrx_word' id='word_1_82' title='bbox 943 1179 1088 1250; x_wconf 76' lang='lat' dir='ltr'>regem-t</span> 
     </span>
     <span class='ocr_line' id='line_1_12' title="bbox 94 1252 1062 1334; baseline 0.003 -21"><span class='ocrx_word' id='word_1_83' title='bbox 94 1270 154 1332; x_wconf 91' lang='lat' dir='ltr'>que</span> <span class='ocrx_word' id='word_1_84' title='bbox 182 1252 318 1313; x_wconf 86' lang='lat' dir='ltr'>hortatus</span> <span class='ocrx_word' id='word_1_85' title='bbox 339 1261 397 1322; x_wconf 89' lang='lat' dir='ltr'>est,</span> <span class='ocrx_word' id='word_1_86' title='bbox 423 1263 457 1313; x_wconf 92' lang='lat' dir='ltr'>ut</span> <span class='ocrx_word' id='word_1_87' title='bbox 477 1270 513 1313; x_wconf 91' lang='lat' dir='ltr'>ex</span> <span class='ocrx_word' id='word_1_88' title='bbox 535 1255 597 1314; x_wconf 86' lang='lat' dir='ltr'>suis</span> <span class='ocrx_word' id='word_1_89' title='bbox 616 1255 809 1323; x_wconf 86' lang='lat' dir='ltr'>necessariis,</span> <span class='ocrx_word' id='word_1_90' title='bbox 837 1273 912 1334; x_wconf 87' lang='lat' dir='ltr'>quos</span> <span class='ocrx_word' id='word_1_91' title='bbox 936 1254 1062 1317; x_wconf 88' lang='lat' dir='ltr'>haberet</span> 
     </span>
     <span class='ocr_line' id='line_1_13' title="bbox 94 1336 1059 1415; baseline 0.003 -18"><span class='ocrx_word' id='word_1_92' title='bbox 94 1337 239 1398; x_wconf 89' lang='lat' dir='ltr'>maximae</span> <span class='ocrx_word' id='word_1_93' title='bbox 266 1339 469 1406; x_wconf 86' lang='lat' dir='ltr'>auctoritatis,</span> <span class='ocrx_word' id='word_1_94' title='bbox 496 1337 610 1415; x_wconf 82' lang='lat' dir='ltr'>legatos</span> <span class='ocrx_word' id='word_1_95' title='bbox 636 1337 672 1398; x_wconf 90' lang='lat' dir='ltr'>ad</span> <span class='ocrx_word' id='word_1_96' title='bbox 692 1336 836 1398; x_wconf 75' lang='lat' dir='ltr'>Achillam</span> <span class='ocrx_word' id='word_1_97' title='bbox 862 1338 995 1400; x_wconf 90' lang='lat' dir='ltr'>mitteret</span> <span class='ocrx_word' id='word_1_98' title='bbox 1021 1348 1059 1410; x_wconf 90' lang='lat' dir='ltr'>et,</span> 
     </span>
     <span class='ocr_line' id='line_1_14' title="bbox 94 1420 1087 1501; baseline 0.001 -21"><span class='ocrx_word' id='word_1_99' title='bbox 94 1420 168 1501; x_wconf 91' lang='lat' dir='ltr'>quid</span> <span class='ocrx_word' id='word_1_100' title='bbox 183 1429 263 1482; x_wconf 90' lang='lat' dir='ltr'>esset</span> <span class='ocrx_word' id='word_1_101' title='bbox 276 1438 347 1482; x_wconf 92' lang='lat' dir='ltr'>suae</span> <span class='ocrx_word' id='word_1_102' title='bbox 363 1421 532 1490; x_wconf 89' lang='lat' dir='ltr'>voluntatis,</span> <span class='ocrx_word' id='word_1_103' title='bbox 548 1421 729 1483; x_wconf 90' lang='lat' dir='ltr'>ostenderet.</span> <span class='ocrx_word' id='word_1_104' title='bbox 760 1423 783 1483; x_wconf 99' lang='lat' dir='ltr'>A</span> <span class='ocrx_word' id='word_1_105' title='bbox 799 1439 859 1500; x_wconf 92' lang='lat' dir='ltr'>quo</span> <span class='ocrx_word' id='word_1_106' title='bbox 872 1425 958 1484; x_wconf 88' lang='lat' dir='ltr'>missi</span> <span class='ocrx_word' id='word_1_107' title='bbox 972 1423 1087 1484; x_wconf 83' lang='lat' dir='ltr'>Dios-4</span> 
     </span>
     <span class='ocr_line' id='line_1_15' title="bbox 94 1504 1062 1584; baseline 0.003 -18"><span class='ocrx_word' id='word_1_108' title='bbox 94 1504 214 1566; x_wconf 91' lang='lat' dir='ltr'>corides</span> <span class='ocrx_word' id='word_1_109' title='bbox 240 1515 270 1565; x_wconf 91' lang='lat' dir='ltr'>et</span> <span class='ocrx_word' id='word_1_110' title='bbox 295 1504 455 1584; x_wconf 89' lang='lat' dir='ltr'>Serapion,</span> <span class='ocrx_word' id='word_1_111' title='bbox 493 1507 545 1583; x_wconf 94' lang='lat' dir='ltr'>qui</span> <span class='ocrx_word' id='word_1_112' title='bbox 577 1505 664 1567; x_wconf 90' lang='lat' dir='ltr'>ambo</span> <span class='ocrx_word' id='word_1_113' title='bbox 690 1507 781 1584; x_wconf 82' lang='lat' dir='ltr'>legati</span> <span class='ocrx_word' id='word_1_114' title='bbox 805 1504 916 1568; x_wconf 87' lang='lat' dir='ltr'>Romae</span> <span class='ocrx_word' id='word_1_115' title='bbox 941 1509 1062 1570; x_wconf 85' lang='lat' dir='ltr'>lucrant</span> 
     </span>
     <span class='ocr_line' id='line_1_16' title="bbox 94 1589 1061 1669; baseline 0.002 -19"><span class='ocrx_word' id='word_1_116' title='bbox 94 1606 293 1668; x_wconf 82' lang='lat' dir='ltr'>magnamque</span> <span class='ocrx_word' id='word_1_117' title='bbox 311 1589 387 1669; x_wconf 91' lang='lat' dir='ltr'>apud</span> <span class='ocrx_word' id='word_1_118' title='bbox 403 1597 520 1668; x_wconf 88' lang='lat' dir='ltr'>patrem</span> <span class='ocrx_word' id='word_1_119' title='bbox 529 1589 731 1651; x_wconf 90' lang='lat' dir='ltr'>Ptolemaeum</span> <span class='ocrx_word' id='word_1_120' title='bbox 743 1592 951 1651; x_wconf 88' lang='lat' dir='ltr'>auctoritatem</span> <span class='ocrx_word' id='word_1_121' title='bbox 966 1591 1061 1652; x_wconf 91' lang='lat' dir='ltr'>habu·</span> 
     </span>
     <span class='ocr_line' id='line_1_17' title="bbox 95 1671 1087 1752; baseline -0.002 -18"><span class='ocrx_word' id='word_1_122' title='bbox 95 1680 191 1743; x_wconf 89' lang='lat' dir='ltr'>erant,</span> <span class='ocrx_word' id='word_1_123' title='bbox 209 1673 246 1734; x_wconf 90' lang='lat' dir='ltr'>ad</span> <span class='ocrx_word' id='word_1_124' title='bbox 261 1672 407 1735; x_wconf 89' lang='lat' dir='ltr'>Achillam</span> <span class='ocrx_word' id='word_1_125' title='bbox 421 1680 633 1752; x_wconf 87' lang='lat' dir='ltr'>pervenerunt.</span> <span class='ocrx_word' id='word_1_126' title='bbox 670 1671 750 1744; x_wconf 84' lang='lat' dir='ltr'>Quos</span> <span class='ocrx_word' id='word_1_127' title='bbox 770 1673 834 1744; x_wconf 93' lang='lat' dir='ltr'>ille,</span> <span class='ocrx_word' id='word_1_128' title='bbox 858 1693 926 1735; x_wconf 92' lang='lat' dir='ltr'>cum</span> <span class='ocrx_word' id='word_1_129' title='bbox 942 1677 974 1735; x_wconf 92' lang='lat' dir='ltr'>in</span> <span class='ocrx_word' id='word_1_130' title='bbox 990 1684 1087 1736; x_wconf 78' lang='lat' dir='ltr'>con-o</span> 
     </span>
     <span class='ocr_line' id='line_1_18' title="bbox 94 1757 1061 1837; baseline 0.002 -19"><span class='ocrx_word' id='word_1_131' title='bbox 94 1766 232 1836; x_wconf 88' lang='lat' dir='ltr'>spectum</span> <span class='ocrx_word' id='word_1_132' title='bbox 248 1759 312 1818; x_wconf 91' lang='lat' dir='ltr'>eius</span> <span class='ocrx_word' id='word_1_133' title='bbox 327 1760 488 1827; x_wconf 88' lang='lat' dir='ltr'>venisseut,</span> <span class='ocrx_word' id='word_1_134' title='bbox 504 1760 678 1837; x_wconf 88' lang='lat' dir='ltr'>priusquam</span> <span class='ocrx_word' id='word_1_135' title='bbox 694 1757 812 1818; x_wconf 89' lang='lat' dir='ltr'>audiret</span> <span class='ocrx_word' id='word_1_136' title='bbox 827 1766 886 1828; x_wconf 92' lang='lat' dir='ltr'>aut,</span> <span class='ocrx_word' id='word_1_137' title='bbox 908 1761 994 1820; x_wconf 88' lang='lat' dir='ltr'>cuius</span> <span class='ocrx_word' id='word_1_138' title='bbox 1015 1762 1061 1820; x_wconf 87' lang='lat' dir='ltr'>rei</span> 
     </span>
     <span class='ocr_line' id='line_1_19' title="bbox 94 1841 1061 1922; baseline 0.001 -20"><span class='ocrx_word' id='word_1_139' title='bbox 94 1859 184 1903; x_wconf 90' lang='lat' dir='ltr'>causa</span> <span class='ocrx_word' id='word_1_140' title='bbox 204 1843 289 1902; x_wconf 88' lang='lat' dir='ltr'>missi</span> <span class='ocrx_word' id='word_1_141' title='bbox 310 1851 425 1910; x_wconf 87' lang='lat' dir='ltr'>essent,</span> <span class='ocrx_word' id='word_1_142' title='bbox 446 1850 655 1920; x_wconf 88' lang='lat' dir='ltr'>cognosceret,</span> <span class='ocrx_word' id='word_1_143' title='bbox 683 1841 794 1921; x_wconf 93' lang='lat' dir='ltr'>corripi</span> <span class='ocrx_word' id='word_1_144' title='bbox 822 1850 910 1922; x_wconf 90' lang='lat' dir='ltr'>atque</span> <span class='ocrx_word' id='word_1_145' title='bbox 932 1844 1061 1904; x_wconf 83' lang='lat' dir='ltr'>interfici</span> 
     </span>
     <span class='ocr_line' id='line_1_20' title="bbox 94 1926 1061 2007; baseline 0 -19"><span class='ocrx_word' id='word_1_146' title='bbox 94 1928 201 1996; x_wconf 85' lang='lat' dir='ltr'>iussit;</span> <span class='ocrx_word' id='word_1_147' title='bbox 221 1944 349 2006; x_wconf 91' lang='lat' dir='ltr'>quorum</span> <span class='ocrx_word' id='word_1_148' title='bbox 370 1926 444 1987; x_wconf 87' lang='lat' dir='ltr'>alter</span> <span class='ocrx_word' id='word_1_149' title='bbox 465 1935 587 2006; x_wconf 91' lang='lat' dir='ltr'>accepto</span> <span class='ocrx_word' id='word_1_150' title='bbox 602 1926 724 1987; x_wconf 89' lang='lat' dir='ltr'>vulnere</span> <span class='ocrx_word' id='word_1_151' title='bbox 745 1933 907 2006; x_wconf 89' lang='lat' dir='ltr'>occupatus</span> <span class='ocrx_word' id='word_1_152' title='bbox 921 1945 976 2007; x_wconf 91' lang='lat' dir='ltr'>per</span> <span class='ocrx_word' id='word_1_153' title='bbox 991 1946 1061 1989; x_wconf 89' lang='lat' dir='ltr'>suos</span> 
     </span>
     <span class='ocr_line' id='line_1_21' title="bbox 93 2008 1087 2090; baseline -0.001 -20"><span class='ocrx_word' id='word_1_154' title='bbox 93 2029 151 2090; x_wconf 90' lang='lat' dir='ltr'>pro</span> <span class='ocrx_word' id='word_1_155' title='bbox 163 2012 262 2071; x_wconf 91' lang='lat' dir='ltr'>occiso</span> <span class='ocrx_word' id='word_1_156' title='bbox 274 2009 418 2080; x_wconf 90' lang='lat' dir='ltr'>sublatus,</span> <span class='ocrx_word' id='word_1_157' title='bbox 432 2010 507 2072; x_wconf 90' lang='lat' dir='ltr'>alter</span> <span class='ocrx_word' id='word_1_158' title='bbox 521 2011 699 2073; x_wconf 87' lang='lat' dir='ltr'>interiectus</span> <span class='ocrx_word' id='word_1_159' title='bbox 710 2019 765 2072; x_wconf 90' lang='lat' dir='ltr'>est.</span> <span class='ocrx_word' id='word_1_160' title='bbox 787 2008 851 2081; x_wconf 83' lang='lat' dir='ltr'>Quo</span> <span class='ocrx_word' id='word_1_161' title='bbox 861 2011 949 2083; x_wconf 83' lang='lat' dir='ltr'>iacto,</span> <span class='ocrx_word' id='word_1_162' title='bbox 957 2021 1087 2090; x_wconf 81' lang='lat' dir='ltr'>regemo</span> 
     </span>
     <span class='ocr_line' id='line_1_22' title="bbox 93 2093 1061 2174; baseline 0.004 -20"><span class='ocrx_word' id='word_1_163' title='bbox 93 2102 128 2155; x_wconf 92' lang='lat' dir='ltr'>ut</span> <span class='ocrx_word' id='word_1_164' title='bbox 142 2095 180 2170; x_wconf 75' lang='lat' dir='ltr'>¹in</span> <span class='ocrx_word' id='word_1_165' title='bbox 202 2111 254 2155; x_wconf 88' lang='lat' dir='ltr'>sua</span> <span class='ocrx_word' id='word_1_166' title='bbox 280 2102 470 2174; x_wconf 87' lang='lat' dir='ltr'>potestestate</span> <span class='ocrx_word' id='word_1_167' title='bbox 496 2095 637 2165; x_wconf 88' lang='lat' dir='ltr'>haberet,</span> <span class='ocrx_word' id='word_1_168' title='bbox 660 2093 770 2157; x_wconf 84' lang='lat' dir='ltr'>Caesar</span> <span class='ocrx_word' id='word_1_169' title='bbox 790 2095 897 2165; x_wconf 85' lang='lat' dir='ltr'>elficit,</span> <span class='ocrx_word' id='word_1_170' title='bbox 923 2113 1061 2174; x_wconf 82' lang='lat' dir='ltr'>maguam</span> 
     </span>
     <span class='ocr_line' id='line_1_23' title="bbox 93 2178 1059 2258; baseline 0 -18"><span class='ocrx_word' id='word_1_171' title='bbox 93 2179 213 2256; x_wconf 88' lang='lat' dir='ltr'>regium</span> <span class='ocrx_word' id='word_1_172' title='bbox 227 2196 337 2239; x_wconf 88' lang='lat' dir='ltr'>nomen</span> <span class='ocrx_word' id='word_1_173' title='bbox 353 2179 430 2258; x_wconf 91' lang='lat' dir='ltr'>apud</span> <span class='ocrx_word' id='word_1_174' title='bbox 446 2197 516 2240; x_wconf 89' lang='lat' dir='ltr'>suos</span> <span class='ocrx_word' id='word_1_175' title='bbox 528 2182 734 2240; x_wconf 89' lang='lat' dir='ltr'>auctoritatem</span> <span class='ocrx_word' id='word_1_176' title='bbox 749 2178 860 2240; x_wconf 91' lang='lat' dir='ltr'>habere</span> <span class='ocrx_word' id='word_1_177' title='bbox 876 2181 1059 2250; x_wconf 89' lang='lat' dir='ltr'>existimans,</span> 
     </span>
     <span class='ocr_line' id='line_1_24' title="bbox 95 2262 1061 2343; baseline -0.001 -18"><span class='ocrx_word' id='word_1_178' title='bbox 95 2272 126 2325; x_wconf 88' lang='lat' dir='ltr'>et</span> <span class='ocrx_word' id='word_1_179' title='bbox 147 2270 181 2323; x_wconf 92' lang='lat' dir='ltr'>ut</span> <span class='ocrx_word' id='word_1_180' title='bbox 200 2265 300 2341; x_wconf 88' lang='lat' dir='ltr'>potius</span> <span class='ocrx_word' id='word_1_181' title='bbox 321 2265 436 2342; x_wconf 88' lang='lat' dir='ltr'>privato</span> <span class='ocrx_word' id='word_1_182' title='bbox 456 2281 619 2342; x_wconf 92' lang='lat' dir='ltr'>paucorum</span> <span class='ocrx_word' id='word_1_183' title='bbox 641 2274 671 2324; x_wconf 92' lang='lat' dir='ltr'>et</span> <span class='ocrx_word' id='word_1_184' title='bbox 698 2262 847 2325; x_wconf 91' lang='lat' dir='ltr'>latronum</span> <span class='ocrx_word' id='word_1_185' title='bbox 866 2282 955 2343; x_wconf 93' lang='lat' dir='ltr'>quam</span> <span class='ocrx_word' id='word_1_186' title='bbox 976 2266 1061 2342; x_wconf 82' lang='lat' dir='ltr'>regio</span> 
     </span>
     <span class='ocr_line' id='line_1_25' title="bbox 96 2346 711 2426; baseline 0.002 -18"><span class='ocrx_word' id='word_1_187' title='bbox 96 2346 222 2409; x_wconf 90' lang='lat' dir='ltr'>consilio</span> <span class='ocrx_word' id='word_1_188' title='bbox 237 2354 407 2426; x_wconf 88' lang='lat' dir='ltr'>susceptum</span> <span class='ocrx_word' id='word_1_189' title='bbox 423 2346 534 2408; x_wconf 93' lang='lat' dir='ltr'>bellum</span> <span class='ocrx_word' id='word_1_190' title='bbox 549 2347 711 2409; x_wconf 89' lang='lat' dir='ltr'>videretur.</span> 
     </span>
    </p>

    <p class='ocr_par' dir='ltr' id='par_1_4' title="bbox 94 2428 1088 3519">
     <span class='ocr_line' id='line_1_26' title="bbox 161 2428 1087 2512; baseline 0 -22"><span class='ocrx_word' id='word_1_191' title='bbox 161 2428 220 2491; x_wconf 82' lang='lat' dir='ltr'>CX.</span> <span class='ocrx_word' id='word_1_192' title='bbox 261 2430 352 2492; x_wconf 87' lang='lat' dir='ltr'>Erant</span> <span class='ocrx_word' id='word_1_193' title='bbox 379 2449 446 2492; x_wconf 92' lang='lat' dir='ltr'>cum</span> <span class='ocrx_word' id='word_1_194' title='bbox 471 2431 584 2492; x_wconf 86' lang='lat' dir='ltr'>Achilla</span> <span class='ocrx_word' id='word_1_195' title='bbox 610 2432 725 2511; x_wconf 88' lang='lat' dir='ltr'>copiae,</span> <span class='ocrx_word' id='word_1_196' title='bbox 752 2440 786 2493; x_wconf 94' lang='lat' dir='ltr'>ut</span> <span class='ocrx_word' id='word_1_197' title='bbox 810 2448 908 2512; x_wconf 89' lang='lat' dir='ltr'>neque</span> <span class='ocrx_word' id='word_1_198' title='bbox 933 2443 1087 2493; x_wconf 77' lang='lat' dir='ltr'>numeror</span> 
     </span>
     <span class='ocr_line' id='line_1_27' title="bbox 94 2515 1061 2595; baseline 0 -18"><span class='ocrx_word' id='word_1_199' title='bbox 94 2533 194 2595; x_wconf 90' lang='lat' dir='ltr'>neque</span> <span class='ocrx_word' id='word_1_200' title='bbox 218 2531 329 2592; x_wconf 82' lang='lat' dir='ltr'>genere</span> <span class='ocrx_word' id='word_1_201' title='bbox 356 2515 507 2576; x_wconf 90' lang='lat' dir='ltr'>hominum</span> <span class='ocrx_word' id='word_1_202' title='bbox 528 2533 625 2595; x_wconf 91' lang='lat' dir='ltr'>neque</span> <span class='ocrx_word' id='word_1_203' title='bbox 645 2533 702 2576; x_wconf 89' lang='lat' dir='ltr'>usu</span> <span class='ocrx_word' id='word_1_204' title='bbox 726 2518 773 2576; x_wconf 91' lang='lat' dir='ltr'>rei</span> <span class='ocrx_word' id='word_1_205' title='bbox 798 2515 940 2577; x_wconf 91' lang='lat' dir='ltr'>militaris</span> <span class='ocrx_word' id='word_1_206' title='bbox 960 2525 1061 2578; x_wconf 91' lang='lat' dir='ltr'>conte·</span> 
     </span>
     <span class='ocr_line' id='line_1_28' title="bbox 94 2599 1088 2662; baseline -0.002 -2"><span class='ocrx_word' id='word_1_207' title='bbox 94 2599 243 2660; x_wconf 90' lang='lat' dir='ltr'>mnendae</span> <span class='ocrx_word' id='word_1_208' title='bbox 266 2599 449 2660; x_wconf 89' lang='lat' dir='ltr'>viderentur.</span> <span class='ocrx_word' id='word_1_209' title='bbox 488 2600 567 2660; x_wconf 84' lang='lat' dir='ltr'>Milia</span> <span class='ocrx_word' id='word_1_210' title='bbox 589 2602 668 2661; x_wconf 90' lang='lat' dir='ltr'>enim</span> <span class='ocrx_word' id='word_1_211' title='bbox 688 2613 738 2660; x_wconf 86' lang='lat' dir='ltr'>xx</span> <span class='ocrx_word' id='word_1_212' title='bbox 757 2602 790 2660; x_wconf 93' lang='lat' dir='ltr'>in</span> <span class='ocrx_word' id='word_1_213' title='bbox 810 2601 901 2662; x_wconf 90' lang='lat' dir='ltr'>armis</span> <span class='ocrx_word' id='word_1_214' title='bbox 920 2599 1088 2662; x_wconf 75' lang='lat' dir='ltr'>habebatn</span> 
     </span>
     <span class='ocr_line' id='line_1_29' title="bbox 95 2682 1060 2764; baseline 0.001 -19"><span class='ocrx_word' id='word_1_215' title='bbox 95 2684 177 2745; x_wconf 86' lang='lat' dir='ltr'>Haec</span> <span class='ocrx_word' id='word_1_216' title='bbox 193 2682 369 2744; x_wconf 90' lang='lat' dir='ltr'>constabant</span> <span class='ocrx_word' id='word_1_217' title='bbox 384 2702 421 2744; x_wconf 87' lang='lat' dir='ltr'>ex</span> <span class='ocrx_word' id='word_1_218' title='bbox 437 2683 610 2745; x_wconf 86' lang='lat' dir='ltr'>Gabinianis</span> <span class='ocrx_word' id='word_1_219' title='bbox 625 2682 782 2753; x_wconf 91' lang='lat' dir='ltr'>militibus,</span> <span class='ocrx_word' id='word_1_220' title='bbox 799 2687 850 2764; x_wconf 90' lang='lat' dir='ltr'>qui</span> <span class='ocrx_word' id='word_1_221' title='bbox 867 2687 927 2745; x_wconf 90' lang='lat' dir='ltr'>iam</span> <span class='ocrx_word' id='word_1_222' title='bbox 943 2687 975 2746; x_wconf 93' lang='lat' dir='ltr'>in</span> <span class='ocrx_word' id='word_1_223' title='bbox 990 2702 1060 2746; x_wconf 94' lang='lat' dir='ltr'>con·</span> 
     </span>
     <span class='ocr_line' id='line_1_30' title="bbox 96 2766 1063 2830; baseline 0.001 -1"><span class='ocrx_word' id='word_1_224' title='bbox 96 2767 286 2829; x_wconf 86' lang='lat' dir='ltr'>suetudinem</span> <span class='ocrx_word' id='word_1_225' title='bbox 308 2766 524 2829; x_wconf 81' lang='lat' dir='ltr'>Alexandrinae</span> <span class='ocrx_word' id='word_1_226' title='bbox 543 2770 620 2828; x_wconf 85' lang='lat' dir='ltr'>ritae</span> <span class='ocrx_word' id='word_1_227' title='bbox 642 2785 677 2828; x_wconf 88' lang='lat' dir='ltr'>ac</span> <span class='ocrx_word' id='word_1_228' title='bbox 703 2768 841 2828; x_wconf 87' lang='lat' dir='ltr'>licentiae</span> <span class='ocrx_word' id='word_1_229' title='bbox 862 2775 1007 2828; x_wconf 85' lang='lat' dir='ltr'>venerant</span> <span class='ocrx_word' id='word_1_230' title='bbox 1031 2777 1063 2830; x_wconf 92' lang='lat' dir='ltr'>et</span> 
     </span>
     <span class='ocr_line' id='line_1_31' title="bbox 95 2850 1061 2932; baseline 0 -20"><span class='ocrx_word' id='word_1_231' title='bbox 95 2869 205 2912; x_wconf 91' lang='lat' dir='ltr'>nomen</span> <span class='ocrx_word' id='word_1_232' title='bbox 227 2850 473 2932; x_wconf 89' lang='lat' dir='ltr'>disciplinamque</span> <span class='ocrx_word' id='word_1_233' title='bbox 495 2851 596 2931; x_wconf 93' lang='lat' dir='ltr'>populi</span> <span class='ocrx_word' id='word_1_234' title='bbox 611 2851 737 2912; x_wconf 88' lang='lat' dir='ltr'>Romani</span> <span class='ocrx_word' id='word_1_235' title='bbox 759 2850 967 2911; x_wconf 87' lang='lat' dir='ltr'>dedidicerant</span> <span class='ocrx_word' id='word_1_236' title='bbox 987 2868 1061 2912; x_wconf 90' lang='lat' dir='ltr'>uxo·</span> 
     </span>
     <span class='ocr_line' id='line_1_32' title="bbox 96 2933 1059 3016; baseline 0.001 -20"><span class='ocrx_word' id='word_1_237' title='bbox 96 2954 205 3016; x_wconf 90' lang='lat' dir='ltr'>resque</span> <span class='ocrx_word' id='word_1_238' title='bbox 229 2934 390 3003; x_wconf 89' lang='lat' dir='ltr'>duxerant,</span> <span class='ocrx_word' id='word_1_239' title='bbox 414 2935 580 3016; x_wconf 89' lang='lat' dir='ltr'>exquibus</span> <span class='ocrx_word' id='word_1_240' title='bbox 604 2934 741 3014; x_wconf 89' lang='lat' dir='ltr'>plerique</span> <span class='ocrx_word' id='word_1_241' title='bbox 764 2934 877 2996; x_wconf 89' lang='lat' dir='ltr'>liberos</span> <span class='ocrx_word' id='word_1_242' title='bbox 896 2933 1059 2997; x_wconf 91' lang='lat' dir='ltr'>habebant.</span> 
     </span>
     <span class='ocr_line' id='line_1_33' title="bbox 95 3017 1083 3118; baseline -0.002 -38"><span class='ocrx_word' id='word_1_243' title='bbox 95 3020 161 3080; x_wconf 85' lang='lat' dir='ltr'>lluc</span> <span class='ocrx_word' id='word_1_244' title='bbox 187 3019 371 3081; x_wconf 90' lang='lat' dir='ltr'>accedebant</span> <span class='ocrx_word' id='word_1_245' title='bbox 394 3017 509 3081; x_wconf 88' lang='lat' dir='ltr'>collecti</span> <span class='ocrx_word' id='word_1_246' title='bbox 536 3037 571 3080; x_wconf 95' lang='lat' dir='ltr'>ex</span> <span class='ocrx_word' id='word_1_247' title='bbox 598 3018 801 3098; x_wconf 92' lang='lat' dir='ltr'>praedonibus</span> <span class='ocrx_word' id='word_1_248' title='bbox 830 3017 1083 3118; x_wconf 83' lang='lat' dir='ltr'>latronibusque3</span> 
     </span>
     <span class='ocr_line' id='line_1_34' title="bbox 97 3104 1060 3184; baseline 0.001 -20"><span class='ocrx_word' id='word_1_249' title='bbox 97 3104 202 3184; x_wconf 81' lang='lat' dir='ltr'>Syriae</span> <span class='ocrx_word' id='word_1_250' title='bbox 218 3104 400 3184; x_wconf 89' lang='lat' dir='ltr'>Ciliciaeque</span> <span class='ocrx_word' id='word_1_251' title='bbox 421 3105 593 3184; x_wconf 84' lang='lat' dir='ltr'>provinciae</span> <span class='ocrx_word' id='word_1_252' title='bbox 615 3104 866 3182; x_wconf 85' lang='lat' dir='ltr'>finitimarumque</span> <span class='ocrx_word' id='word_1_253' title='bbox 887 3105 1060 3181; x_wconf 82' lang='lat' dir='ltr'>regionum;</span> 
     </span>
     <span class='ocr_line' id='line_1_35' title="bbox 96 3187 1060 3271; baseline 0 -23"><span class='ocrx_word' id='word_1_254' title='bbox 96 3189 184 3250; x_wconf 93' lang='lat' dir='ltr'>multi</span> <span class='ocrx_word' id='word_1_255' title='bbox 209 3196 366 3268; x_wconf 87' lang='lat' dir='ltr'>praeterea</span> <span class='ocrx_word' id='word_1_256' title='bbox 387 3191 494 3271; x_wconf 84' lang='lat' dir='ltr'>capitis</span> <span class='ocrx_word' id='word_1_257' title='bbox 515 3188 645 3248; x_wconf 90' lang='lat' dir='ltr'>damnati</span> <span class='ocrx_word' id='word_1_258' title='bbox 667 3187 829 3266; x_wconf 90' lang='lat' dir='ltr'>exulesque</span> <span class='ocrx_word' id='word_1_259' title='bbox 849 3197 1060 3250; x_wconf 87' lang='lat' dir='ltr'>convenerant.</span> 
     </span>
     <span class='ocr_line' id='line_1_36' title="bbox 96 3270 1086 3350; baseline -0.003 -17"><span class='ocrx_word' id='word_1_260' title='bbox 96 3272 245 3350; x_wconf 79' lang='lat' dir='ltr'>Fugitiuis</span> <span class='ocrx_word' id='word_1_261' title='bbox 264 3272 403 3334; x_wconf 92' lang='lat' dir='ltr'>omnibus</span> <span class='ocrx_word' id='word_1_262' title='bbox 423 3274 534 3333; x_wconf 88' lang='lat' dir='ltr'>nostris</span> <span class='ocrx_word' id='word_1_263' title='bbox 554 3281 654 3332; x_wconf 88' lang='lat' dir='ltr'>certus</span> <span class='ocrx_word' id='word_1_264' title='bbox 675 3280 740 3331; x_wconf 93' lang='lat' dir='ltr'>erat</span> <span class='ocrx_word' id='word_1_265' title='bbox 759 3270 955 3332; x_wconf 90' lang='lat' dir='ltr'>Alexandriae</span> <span class='ocrx_word' id='word_1_266' title='bbox 973 3289 1058 3333; x_wconf 88' lang='lat' dir='ltr'>rece·</span> <span class='ocrx_word' id='word_1_267' title='bbox 1069 3283 1086 3330; x_wconf 76' lang='lat' dir='ltr'>A</span> 
     </span>
     <span class='ocr_line' id='line_1_37' title="bbox 95 3355 1061 3436; baseline 0.001 -20"><span class='ocrx_word' id='word_1_268' title='bbox 95 3366 167 3435; x_wconf 88' lang='lat' dir='ltr'>ptus</span> <span class='ocrx_word' id='word_1_269' title='bbox 194 3366 334 3436; x_wconf 89' lang='lat' dir='ltr'>certaque</span> <span class='ocrx_word' id='word_1_270' title='bbox 355 3359 433 3418; x_wconf 85' lang='lat' dir='ltr'>vitae</span> <span class='ocrx_word' id='word_1_271' title='bbox 461 3355 614 3425; x_wconf 87' lang='lat' dir='ltr'>condicio,</span> <span class='ocrx_word' id='word_1_272' title='bbox 640 3362 674 3415; x_wconf 91' lang='lat' dir='ltr'>ut</span> <span class='ocrx_word' id='word_1_273' title='bbox 698 3355 766 3416; x_wconf 93' lang='lat' dir='ltr'>dato</span> <span class='ocrx_word' id='word_1_274' title='bbox 791 3358 911 3416; x_wconf 89' lang='lat' dir='ltr'>nomine</span> <span class='ocrx_word' id='word_1_275' title='bbox 932 3355 1061 3417; x_wconf 89' lang='lat' dir='ltr'>militum</span> 
     </span>
     <span class='ocr_line' id='line_1_38' title="bbox 97 3438 1070 3519; baseline -0.004 -18"><span class='ocrx_word' id='word_1_276' title='bbox 97 3450 199 3501; x_wconf 88' lang='lat' dir='ltr'>essent</span> <span class='ocrx_word' id='word_1_277' title='bbox 209 3459 352 3512; x_wconf 92' lang='lat' dir='ltr'>numero;</span> <span class='ocrx_word' id='word_1_278' title='bbox 368 3444 394 3501; x_wconf 90' lang='lat' dir='ltr'>si</span> <span class='ocrx_word' id='word_1_279' title='bbox 410 3444 477 3519; x_wconf 91' lang='lat' dir='ltr'>quis</span> <span class='ocrx_word' id='word_1_280' title='bbox 489 3459 506 3502; x_wconf 92' lang='lat' dir='ltr'>a</span> <span class='ocrx_word' id='word_1_281' title='bbox 518 3440 638 3501; x_wconf 91' lang='lat' dir='ltr'>domino</span> <span class='ocrx_word' id='word_1_282' title='bbox 654 3438 1070 3519; x_wconf 66' lang='lat' dir='ltr'>prehenderetur,comeasu</span> 
     </span>
    </p>
   </div>
   <div class='ocr_carea' id='block_1_3' title="bbox 94 3520 1094 3610">
    <p class='ocr_par' dir='ltr' id='par_1_5' title="bbox 94 3520 1094 3610">
     <span class='ocr_line' id='line_1_39' title="bbox 94 3520 1094 3610; baseline -0.004 -26"><span class='ocrx_word' id='word_1_283' title='bbox 94 3525 223 3585; x_wconf 84' lang='lat' dir='ltr'>militum</span> <span class='ocrx_word' id='word_1_284' title='bbox 235 3524 427 3603; x_wconf 78' lang='lat' dir='ltr'>eripiebatur,</span> <span class='ocrx_word' id='word_1_285' title='bbox 445 3527 498 3608; x_wconf 89' lang='lat' dir='ltr'>qui</span> <span class='ocrx_word' id='word_1_286' title='bbox 510 3527 572 3590; x_wconf 86' lang='lat' dir='ltr'>rim</span> <span class='ocrx_word' id='word_1_287' title='bbox 582 3544 722 3602; x_wconf 89' lang='lat' dir='ltr'>suorum,</span> <span class='ocrx_word' id='word_1_288' title='bbox 734 3525 822 3610; x_wconf 90' lang='lat' dir='ltr'>quod</span> <span class='ocrx_word' id='word_1_289' title='bbox 831 3527 872 3587; x_wconf 85' lang='lat' dir='ltr'>&#39;m</span> <span class='ocrx_word' id='word_1_290' title='bbox 883 3522 987 3586; x_wconf 64' lang='lat' dir='ltr'>dimili</span> <span class='ocrx_word' id='word_1_291' title='bbox 997 3520 1094 3596; x_wconf 61' lang='lat' dir='ltr'>supe</span> 
     </span>
    </p>
   </div>
   <div class='ocr_carea' id='block_1_4' title="bbox 0 0 1182 3870">
    <p class='ocr_par' dir='ltr' id='par_1_6' title="bbox 0 0 1182 3870">
     <span class='ocr_line' id='line_1_40' title="bbox 0 0 1182 3870; baseline 0 0"><span class='ocrx_word' id='word_1_292' title='bbox 0 0 1182 3870; x_wconf 95' lang='lat' dir='ltr'> </span> 
     </span>
    </p>
   </div>
  </div>
 </body>
</html>
