2356 3870
418 208 494 263 CAP.
509 209 706 266 xv-xvllt
991 204 1052 270 103

87 376 146 436 que
174 356 339 435 hospitium
368 357 484 419 scelere
511 360 745 428 contaminasse
773 359 868 420 multe
895 371 1052 438 praeterea

87 442 214 502 dixisse:
244 459 301 519 qun
329 443 464 503 oratione
490 441 651 504 deterritos
680 443 809 523 emplius
836 443 1053 521 iugulutIouem

89 544 150 586 non
173 526 292 587 feeIsse.
339 546 354 591 e

152 609 239 669 XVII.
284 609 326 670 lu
349 618 470 687 postero
493 610 542 671 die
564 611 680 672 Tsdlius
706 613 824 690 legatus
849 631 919 674 oum
941 613 1050 674 Catone
1075 621 1088 670 1

89 695 230 755 Lusitano
252 696 334 760 veuit
355 701 385 754 et
408 694 487 774 apud
507 695 665 757 Caesonem
686 695 777 758 verbe
800 698 887 758 Ieelt:
930 697 1052 758 Utinam

89 780 208 854 quidem
231 779 275 838 dii
296 781 479 839 immortales
497 779 656 854 fecissent,
687 789 721 841 ut
748 788 817 842 tuus
838 783 943 856 potius
969 785 1053 842 miles

89 879 180 937 quam
204 861 257 922 Cn.
280 863 406 938 Pompei
426 863 534 936 faetus
559 880 650 926 essem
678 871 707 925 et
733 866 815 925 lane
841 868 958 927 omneis
982 882 1052 926 con·

88 949 231 1006 stantiam
254 949 285 1006 in
308 954 361 1007 tua
376 949 519 1015 uictoria,
542 965 604 1008 non
625 952 657 1009 in
672 951 755 1008 illius
769 951 944 1009 calamitate
959 965 1052 1025 prac-

88 1038 211 1090 starem.
257 1031 347 1091 Cuius
364 1030 510 1103 funestae
529 1034 637 1093 laudes
658 1036 799 1106 quoniam
821 1035 864 1093 ad
884 1033 965 1093 itanc
983 1032 1051 1105 sor·
1073 1042 1089 1089 2

89 1123 195 1174 tunam
222 1116 412 1182 reciderunt,
446 1124 479 1175 ut
506 1119 583 1177 ciues
611 1117 745 1177 Romani
770 1118 937 1190 inclinantes
957 1132 1052 1192 prae·

89 1199 163 1259 sidii
190 1241 284 1260 ......
312 1205 342 1259 et
371 1208 502 1274 propter
532 1204 661 1276 patriae
690 1203 857 1262 luctuosam
887 1203 1053 1276 perniciem

24 1318 27 1323 ·
89 1283 229 1343 dedimur
249 1284 374 1344 nostium
397 1301 536 1357 numero,
561 1288 615 1360 pul
634 1301 732 1360 neque
752 1288 783 1345 in
803 1287 885 1346 dlius
900 1300 1053 1361 prospera

90 1370 158 1427 acie
182 1370 313 1441 primam
337 1367 513 1440 fortunam,
548 1385 644 1444 neque
674 1371 707 1429 in
734 1371 864 1430 aduersa
890 1371 1054 1430 secundam

92 1451 271 1512 obtinuimus
295 1448 490 1534 [uictoriam].
531 1453 590 1522 Osci
608 1454 757 1527 teutonum
779 1461 823 1513 tot
844 1456 971 1529 impetus
990 1469 1052 1513 sus·
1074 1463 1090 1508 s

90 1542 253 1608 tentantes,
299 1538 454 1596 nocturnis
495 1539 673 1612 diurnisque
708 1539 848 1613 operibus
880 1539 1054 1610 pladiorum

91 1622 168 1680 ictus
189 1622 374 1694 telorumque
394 1622 500 1680 missus
520 1628 726 1696 exceptantes,
761 1623 862 1681 relicti
887 1629 916 1680 el
945 1622 1056 1680 deserti

92 1720 112 1761 a
136 1705 290 1780 Pompeio,
313 1713 364 1765 tuo
387 1707 495 1763 uirtute
515 1707 655 1779 superati
674 1707 799 1764 salutem
821 1721 840 1762 a
863 1712 915 1766 tun
929 1707 1054 1764 clemen.-

91 1790 136 1862 tia
165 1790 364 1862 deposcimus,
392 1790 535 1862 petimus,
560 1795 593 1848 ut
615 1830 711 1849 ......
756 1788 895 1861 Qualem
928 1794 1095 1860 inputet

93 1877 249 1938 (laesae,
278 1877 423 1931 exteris
448 1872 586 1946 pentilus
610 1887 657 1932 me
677 1872 839 1949 praestiti,
866 1874 989 1932 similem
1022 1875 1054 1934 in

91 1957 200 2016 ciuium
223 1956 374 2015 deditione
391 1956 566 2031 praestabo.

156 2038 257 2099 XVIII.
301 2039 446 2101 demissis
467 2039 588 2117 legetis,
613 2059 681 2102 cum
699 2041 735 2102 sd
757 2048 874 2119 portem
890 2042 1052 2110 venissent,
1077 2048 1093 2098 t

90 2125 138 2185 Ti.
161 2123 277 2185 Tullius
293 2127 386 2199 prior
407 2126 438 2183 in
459 2126 602 2200 oppidum
623 2129 776 2201 impressus
791 2131 851 2198 est,
875 2132 906 2186 et
921 2143 988 2186 oum
1008 2126 1054 2184 in·

93 2213 261 2269 troeuntem
284 2208 355 2269 Cato
377 2210 539 2270 Lusitanus
561 2212 716 2271 insecutus
737 2228 798 2270 non
814 2217 907 2278 esset,
930 2210 1056 2270 revertit

94 2292 131 2353 ad
153 2301 270 2371 portam
285 2300 316 2352 et
329 2293 481 2355 hominem
496 2293 697 2372 adprehendit
718 2338 809 2354 ......
854 2292 939 2365 Quod
962 2293 1053 2353 Tibe·
1075 2301 1091 2349 2

93 2379 158 2438 rius
186 2396 254 2438 eum
282 2377 349 2438 iteri
377 2377 600 2448 animadvortit,
635 2378 724 2439 simul
756 2380 919 2456 pugionem
952 2377 1056 2438 eduxit

94 2469 125 2522 et
147 2479 268 2529 manum
296 2463 363 2522 eius
389 2461 506 2522 incidit.
550 2462 594 2523 Its
616 2463 795 2538 refugerunt
821 2461 858 2521 sd
887 2461 1054 2521 Caesarem.

93 2545 264 2624 Eodemque
292 2552 428 2623 tempore
455 2547 582 2622 signifer
608 2544 645 2606 de
678 2545 797 2622 legione
832 2545 930 2622 pslma
956 2551 1054 2606 trans·
1076 2551 1092 2601 3

93 2631 172 2705 iugit
194 2637 225 2690 et
247 2631 410 2700 nuntiavit,
440 2647 499 2708 quo
526 2629 577 2690 die
599 2637 738 2709 equestre
766 2629 916 2707 proeIIum
943 2630 1056 2689 fectum

95 2720 189 2781 esset,
213 2732 267 2774 suo
289 2715 376 2790 signo
399 2716 513 2792 perisso
539 2714 677 2775 homines
698 2726 806 2782 xxxv,
836 2729 934 2791 neque
962 2712 1056 2773 Iicere

94 2798 202 2856 castris
233 2796 286 2857 Cn.
320 2796 445 2876 Pompei
478 2800 618 2858 nuntiare
649 2815 749 2877 nequo
781 2796 899 2865 dicero,
939 2797 1056 2873 perisse

91 2898 285 2959 quemquam.
328 2880 451 2950 Seruus,
475 2883 562 2942 cuius
583 2882 722 2942 dominus
743 2880 927 2962 incesseris
949 2880 1055 2941 eastris
1076 2892 1091 2942 4

94 2967 270 3026 inisset-
296 2983 422 3026 uxorem
450 2972 481 3026 et
508 2965 586 3026 filios
613 2967 647 3026 in
673 2963 785 3045 oppido
811 2963 977 3043 reIIquerat
1002 2995 1055 3033 -‚

92 3050 249 3110 dominum
272 3049 416 3128 iugulavit
438 3051 532 3110 etita
554 3049 631 3112 olum
652 3049 819 3111 aeacum
840 3047 1002 3127 praestum
1024 3049 1057 3108 In

93 3134 217 3212 Pompei
246 3141 342 3196 eastra
371 3134 511 3195 discessit
540 3143 571 3195 ot
599 3132 744 3195 indictum
772 3132 881 3210 glande
910 3134 1057 3210 scriptum

94 3221 191 3289 misit,
215 3237 271 3297 per
292 3219 373 3296 quod
395 3220 510 3280 certior
531 3219 617 3281 lieret
639 3218 764 3286 Caesar,
793 3234 869 3295 quse
891 3218 924 3277 in
946 3215 1057 3295 oppIdo

93 3303 130 3362 od
153 3304 374 3367 defendendum
397 3311 655 3383 compararentur.
699 3302 745 3363 Ita
772 3301 883 3363 litteris
911 3302 1091 3380 accepitne

93 3406 162 3448 oum
185 3391 217 3449 in
240 3388 382 3467 oppidum
404 3388 594 3458 revertisset,
623 3389 676 3465 qui
702 3388 822 3447 mIttero
850 3384 989 3464 glandem
1010 3387 1056 3444 in·

92 3474 236 3551 scriptum
270 3471 402 3544 solebat,
436 3515 565 3535 ........
618 3469 796 3553 Insequenti
827 3477 974 3546 tempusue
1003 3467 1070 3522 dus
1085 3477 1109 3519 u
