2356 3870
306 218 383 276 UAP.
398 219 780 275 LXXXVII-LXXXVIIII.
982 212 1029 277 89

65 368 165 436 vellet,
190 369 442 446 proficisceretur.
480 366 549 446 lpse
564 367 703 429 omnibus
726 367 817 430 rebus
832 368 1064 446 diligentissi·³

67 471 114 513 me
138 455 318 521 constitutis,
327 452 434 512 liberis
449 454 512 513 suis
526 451 617 514 Lucio
630 453 758 522 Caesari,
775 455 905 532 quitum
922 455 948 513 ei
973 470 1028 530 pro

67 545 224 616 quaestore
247 539 355 606 iuerat,
380 536 603 608 commendatis,
618 545 649 597 et
661 540 726 598 sine
742 539 921 617 suspicione,
946 537 1027 597 vultu

68 630 156 699 atque
185 639 338 690 sermone,
376 638 435 698 quo
465 624 622 698 superiore
657 634 789 700 tempore
819 639 889 681 usus
920 622 1027 690 iuerat,

69 722 136 766 oum
159 706 319 765 dormitum
341 704 429 774 isset,
457 706 572 765 ferrum
600 706 680 766 intro
703 706 779 766 clam
802 707 834 765 in
857 704 1029 765 cubiculum

68 789 136 849 tulit
166 796 253 867 atque
283 791 322 848 ita
351 806 383 848 se
410 791 540 850 traiecit.
584 788 642 859 Qui
671 806 739 850 cum
767 791 864 850 anima
897 789 1064 849 nondumt

69 875 201 950 expirata
224 872 418 942 concidisset,
451 880 481 932 et
503 875 617 949 impetu
640 874 718 934 iacto
740 876 772 934 in
795 873 969 934 cubiculum
991 890 1028 933 ex

69 960 239 1035 suspicione
262 957 395 1018 medicus
417 957 638 1035 familiaresque
667 959 823 1018 continere
851 964 939 1037 atque
964 957 1028 1016 vul·

69 1059 125 1102 nus
159 1041 294 1118 obligare
327 1042 510 1120 coepissent,
547 1043 611 1119 ipse
649 1044 711 1102 suis
745 1041 887 1102 manibus
924 1040 1030 1101 vulnus

69 1125 273 1186 crudelissime
303 1124 418 1186 divellit
445 1133 533 1203 atque
562 1126 661 1185 animo
688 1127 841 1204 praesenti
870 1144 902 1186 se
934 1129 1039 1185 intem·

69 1212 151 1269 cruit.
201 1210 295 1281 Quem
327 1208 496 1277 Uticenses,
530 1226 707 1289 quamquam
741 1211 866 1271 oderant
898 1212 1066 1287 partium5

69 1296 180 1369 gratia,
214 1302 313 1353 tamen
342 1302 467 1372 propter
495 1294 560 1353 eius
599 1294 783 1370 singularem
816 1297 1028 1372 integritatem,

69 1385 99 1437 et
114 1376 192 1456 quod
208 1377 425 1438 dissimillimus
446 1378 632 1456 reliquorum
647 1377 755 1439 ducum
772 1380 870 1438 iuerat
892 1378 1029 1457 quodque

68 1461 184 1522 Uticam
206 1462 343 1521 mirilicis
366 1461 509 1540 operibus
536 1463 687 1521 munierat
714 1470 870 1540 turresque
896 1469 1028 1530 auxerat,

70 1545 224 1623 sepultura
247 1545 410 1606 adiiciunt·
443 1545 507 1616 Quo
535 1547 694 1606 interiecto
723 1546 756 1606 L.
780 1547 887 1607 Caesar
918 1545 1066 1624 aliquidt

70 1628 129 1689 sibi
159 1647 195 1689 ex
217 1646 252 1690 ea
280 1648 313 1688 re
344 1629 436 1689 auxili
465 1636 548 1688 ratus
570 1638 731 1689 convocato
760 1631 869 1707 populo
890 1633 1030 1690 contione

70 1712 172 1774 habita
195 1713 367 1773 cohortatur
389 1728 503 1780 omnes,
527 1719 560 1771 ut
581 1719 684 1789 portae
708 1716 911 1791 aperirentur:
944 1730 976 1772 se
998 1716 1030 1772 in

70 1799 101 1859 C.
126 1798 261 1858 Caesaris
290 1797 448 1857 clementia
477 1812 613 1872 magnam
640 1813 723 1874 spem
755 1797 878 1857 babere.
928 1795 1066 1875 itaquel

70 1885 166 1959 portis
204 1882 361 1958 patefactis
395 1880 480 1940 Utica
523 1896 663 1956 agressus
700 1881 819 1941 Caesari
854 1882 1031 1958 imperatori

70 1965 187 2025 obviam
210 1967 421 2043 proficiscitur.
459 1963 592 2031 Messala,
615 1972 647 2022 ut
670 1974 734 2026 erat
754 1965 942 2043 imperatum,
967 1963 1029 2025 Uti·
1067 2004 1070 2011 ·

72 2068 134 2110 cam
159 2051 294 2126 pervenit
316 2047 515 2126 omnibusque
537 2049 633 2125 portis
656 2049 805 2110 custodias
827 2051 921 2127 ponit.

133 2132 325 2193 LXXXVllll.
372 2132 480 2192 Caesar
508 2133 630 2192 interim
658 2151 674 2192 a
701 2133 817 2212 Thapso
853 2137 1064 2210 progressusl

70 2217 205 2278 Ussetam
228 2219 371 2294 pervenit,
396 2216 448 2276 ubl
471 2215 572 2293 Scipio
595 2234 734 2294 magnum
759 2220 904 2279 frumenti
926 2234 1030 2277 nume·

72 2319 147 2369 rum,
172 2318 332 2367 armorum,
350 2300 479 2360 telorum
495 2308 722 2379 ceterarumque
738 2319 841 2362 rerum
856 2319 924 2361 cum
939 2318 1030 2379 parvo

71 2385 220 2462 praesidio
244 2384 399 2444 habuerat.
434 2383 466 2442 ld
481 2382 641 2443 adveniens
665 2387 787 2460 potitur,
811 2384 919 2444 deinde
934 2386 1063 2444 nuru-2

72 2478 183 2529 metum
204 2469 349 2547 pervenit.
387 2468 451 2537 Quo
468 2485 538 2527 cum
560 2469 624 2525 sine
640 2485 723 2528 mora
745 2471 908 2534 introisset.
928 2470 1028 2533 armis,

71 2555 222 2612 frumento
244 2554 431 2630 pecuniaque
461 2549 647 2611 considerata
674 2551 709 2622 Q.
733 2551 866 2629 Ligario,
898 2551 929 2610 C.
953 2551 1029 2610 Cou-

71 2636 147 2696 sidio
164 2636 235 2704 tilio,
258 2637 311 2714 qui
332 2643 396 2695 tum
412 2633 456 2694 ibi
472 2635 599 2704 lucrant,
621 2637 710 2695 vitam
726 2637 884 2697 concessit.
917 2633 1030 2695 Deinde
1050 2641 1066 2688 3

72 2719 176 2779 codem
210 2720 258 2778 die
285 2719 447 2778 Adrumeto
480 2735 621 2796 egressus
649 2719 782 2780 Livineio
815 2719 930 2795 Regulo
963 2736 1030 2778 cum

71 2802 190 2880 legione
218 2801 263 2861 ibi
290 2802 397 2862 relicto
421 2802 536 2862 Uticam
565 2805 610 2863 ire
639 2804 801 2863 contendit.
846 2802 900 2863 Cui
928 2801 958 2861 in
981 2803 1067 2861 iti-4

71 2904 144 2946 nere
167 2887 200 2945 iit
222 2885 328 2946 obvius
349 2885 381 2945 L.
395 2886 503 2947 Caesar
524 2895 555 2946 et
575 2885 677 2947 subito
699 2905 731 2946 se
753 2886 794 2946 ad.
811 2903 908 2964 genua
930 2888 1029 2962 proie-

71 2974 113 3030 cit
135 2972 283 3049 vilamque
305 2969 366 3030 sibi
388 2988 486 3049 neque
508 2970 636 3048 amplius
659 2972 819 3050 quicquam
841 2969 1029 3048 deprecatur.

70 3055 125 3115 Cui
148 3053 256 3115 Caesar
283 3054 369 3115 lacile
399 3063 429 3114 et
456 3071 511 3131 pro
540 3065 646 3116 natura
673 3073 727 3116 sua
755 3063 786 3116 et
811 3072 866 3132 pro
895 3056 1066 3114 mstitutoo

71 3142 234 3208 concessit,
258 3141 330 3199 item
352 3139 507 3206 Caecinae,
531 3137 561 3199 C.
585 3140 680 3207 Ateio,
702 3139 736 3200 P.
759 3140 853 3207 Atrio,
876 3137 909 3199 L.
933 3137 1030 3199 Cellae

69 3225 149 3300 patri
172 3232 202 3284 et
223 3224 295 3291 lilio,
317 3223 356 3283 M.
379 3222 485 3300 Eppio,
507 3221 546 3281 M.
558 3223 685 3300 Aquino,
709 3223 827 3284 Catonis
849 3222 911 3283 tilio
926 3221 1030 3283 Dama-

70 3309 207 3386 sippique
235 3306 340 3366 liberis
368 3324 403 3366 ex
431 3323 485 3365 sua
513 3306 730 3367 cousuetudine
760 3306 869 3373 tribuit
894 3308 1030 3367 circiter-

69 3410 127 3470 que
155 3390 324 3451 lumini-bus
352 3393 487 3451 accensis
515 3389 632 3451 Uticam
659 3393 797 3467 pervenit
830 3398 919 3468 atque
949 3398 1032 3451 extra

68 3476 211 3553 oppidum
235 3493 268 3534 ea
291 3482 379 3535 nocte
400 3475 520 3536 mansit.
976 3506 979 3511 -
