2356 3870
167 206 209 270 76
453 207 599 263 BELLUM
613 206 837 267 ArnicANUM.

167 368 233 422 tur.
263 377 367 419 omnes
393 364 427 417 ut
447 376 479 418 se
502 375 591 419 naves
620 365 895 436 consequerentur:
928 365 1033 437 postea
1065 361 1131 440 ipse

168 443 325 523 parvulum
340 441 522 520 navigiolum
539 441 724 512 conscendit,
748 445 780 502 in
795 458 886 502 cursu
900 442 1037 520 Aquilam
1053 446 1131 506 mul·

169 526 299 588 titudine
321 527 441 587 navium
463 527 659 604 perterritum
681 531 769 604 atque
796 525 998 604 trepidantem
1027 534 1132 589 nactus

131 610 300 676 2hostium
322 609 449 670 classem
471 612 557 688 sequi
570 611 680 688 coepit.
724 610 850 670 Interim
864 608 965 670 Varus
974 610 1132 672 celeritate

168 694 304 755 Caesaris
327 692 509 773 audaciaque
531 699 697 754 commotus
713 711 781 753 cum
797 695 936 754 universa
951 694 1047 755 classe
1062 714 1131 757 con·

168 781 264 838 versis
297 777 425 839 navibus
457 777 652 839 Adrumetum
684 794 789 837 versus
821 778 927 855 lugere
963 779 1130 840 contendit.

131 878 149 926 3
169 861 264 933 Quem
282 862 389 924 Caesar
412 864 444 922 in
466 861 588 921 milibus
609 878 750 940 passuum
774 873 829 920 1111
851 869 1031 922 consecutus
1053 865 1130 924 reci·

168 954 271 1025 perata
294 948 504 1025 quinqueremi
528 963 596 1005 cum
624 947 687 1005 suis
716 943 856 1029 omnibus
883 945 1014 1022 epibatis
1042 954 1132 1026 atque

169 1032 260 1090 etiam
282 1030 416 1090 hostium
431 1028 608 1090 custodibus
630 1040 725 1088 cxxx
747 1030 780 1088 in
802 1046 836 1088 ea
859 1046 933 1090 nave
956 1031 1053 1109 captis
1074 1033 1132 1091 tri·

168 1130 282 1174 remem
305 1113 436 1173 hostium
464 1115 649 1190 proximam,
678 1131 754 1191 quae
783 1115 815 1172 in
842 1112 1039 1192 repugnando
1066 1121 1133 1176 erat

168 1203 367 1263 commorata,
407 1202 544 1257 onustam
577 1198 725 1274 remigum
758 1195 1006 1276 epibatarumque
1039 1202 1131 1279 cepit.

130 1290 149 1339 4
167 1281 312 1359 Reliquae
327 1298 418 1342 naves
432 1280 564 1340 hostium
586 1283 830 1358 promunturium
846 1288 1027 1359 superarunt
1042 1289 1132 1362 atque

167 1366 364 1437 Adrumetum
400 1367 432 1425 in
467 1364 626 1424 cothonem
658 1382 690 1424 se
728 1365 886 1424 universae
925 1365 1130 1428 contulerunt.

127 1459 144 1506 o
168 1448 276 1508 Caesar
299 1448 403 1508 eodem
425 1455 513 1508 vento
536 1449 779 1526 promunturium
797 1466 942 1526 superare
957 1467 1017 1510 non
1032 1452 1131 1528 potuit

168 1540 256 1610 atque
279 1533 311 1591 in
333 1531 395 1592 salo
418 1533 450 1591 in
477 1533 598 1592 ancoris
625 1548 660 1592 33
687 1540 775 1592 33313
803 1539 1005 1594 commoratus
1032 1536 1132 1612 prima

168 1617 236 1676 luce
253 1615 449 1677 Adrumetum
464 1614 587 1684 accedit,
601 1614 704 1694 ibique
726 1614 851 1676 navibus
871 1619 1029 1686 onerariis,
1054 1634 1131 1698 quae

168 1706 253 1762 erant
282 1707 366 1760 extra
395 1700 570 1769 cothonem,
605 1701 737 1762 incensis
770 1699 969 1778 omnibusque
1003 1701 1132 1780 reliquis

168 1783 206 1845 ab
229 1786 268 1845 iis
289 1791 342 1844 aut
363 1783 520 1845 subductis
542 1784 646 1860 autin
677 1783 836 1844 cothonem
865 1784 1030 1863 compulsis
1058 1803 1130 1863 pau·

167 1868 261 1946 lisper
288 1875 504 1935 commoratus,
539 1870 565 1927 si
601 1869 680 1928 lorte
712 1866 823 1927 vellent
848 1868 944 1930 classe
973 1867 1130 1938 dimicare,

167 1970 275 2012 rursus
297 1970 329 2011 se
351 1954 468 2029 recepit
492 1953 524 2010 in
548 1963 655 2012 castra.

131 2053 146 2100 1
230 2034 346 2094 LXllll.
390 2035 423 2095 ln
447 2053 481 2094 ea
504 2052 579 2095 nave
602 2041 707 2114 captus
734 2042 780 2095 est
800 2033 833 2095 P.
857 2036 1008 2105 VestriuS,
1039 2055 1131 2116 eques

167 2118 334 2186 Romanus,
363 2125 393 2178 et
420 2118 452 2178 P.
475 2117 616 2194 Ligarius
635 2120 827 2187 Afranianus,
857 2137 945 2198 quem
968 2119 1076 2180 Cacsar
1099 2123 1131 2182 in

167 2201 309 2279 hispania
333 2220 400 2262 cnm
422 2200 549 2279 reliquis
572 2201 736 2269 dimiserat.
759 2210 789 2263 et
811 2209 914 2281 postea
936 2221 968 2263 se
990 2203 1027 2263 ad
1041 2204 1130 2265 Pom·

167 2291 269 2365 peium
292 2285 468 2355 contulerat,
492 2285 563 2345 inde
585 2304 621 2347 33
642 2287 760 2365 proelio
776 2287 920 2364 cllugerat
935 2289 968 2348 in
981 2288 1130 2350 Africam·

154 2382 225 2449 ‘que
254 2369 291 2430 ad
318 2369 428 2429 Varum
455 2376 592 2438 veneram
626 2388 715 2448 quem
750 2370 788 2430 ob
816 2372 945 2448 periurii
971 2372 1131 2449 perfidiam

130 2454 276 2515 31133333
299 2456 387 2515 133311
416 2455 530 2514 necari.
584 2452 618 2514 P.
651 2454 769 2514 Vestrio
803 2463 917 2523 autem,
951 2455 1030 2533 quod
1065 2459 1132 2517 cius

168 2541 263 2599 irater
296 2538 406 2598 Romae
439 2540 598 2616 pecuniam
633 2540 808 2616 imperatam
841 2547 1065 2609 numeraverat,
1100 2547 1131 2600 et

167 2620 248 2699 qnod
270 2624 335 2699 ipse
357 2638 442 2681 suam
465 2639 584 2681 causam
607 2622 787 2699 probaverat
808 2621 944 2691 Caesari,
972 2641 1003 2684 se
1032 2622 1130 2684 aNa·

168 2706 225 2764 sidi
246 2704 342 2766 classe
365 2712 493 2783 captum,
516 2703 644 2765 eumad
667 2724 772 2766 necem
788 2706 957 2776 duceretur,
981 2705 1131 2768 benelicio

61 2821 68 2835 ·
167 2788 237 2850 Vari
252 2807 318 2850 esse
334 2797 493 2857 servatum,
516 2796 619 2867 postea
640 2789 700 2849 sibi
714 2789 888 2851 facultatem
902 2789 1016 2850 nullam
1032 2790 1130 2852 datam

169 2873 360 2942 transeundi,
383 2876 507 2950 ignovit.

131 2970 146 3017 1
211 2956 215 2964 ’
234 2957 320 3016 LXV.
365 2957 419 3017 Est
441 2961 472 3017 13
494 2958 596 3017 Africa
618 2958 804 3018 consuetudo
827 2957 1011 3027 incolarum,
1039 2965 1074 3019 ut
1098 2959 1131 3019 in

170 3043 251 3118 agris
278 3048 308 3100 et
336 3042 368 3099 in
396 3040 536 3100 omnibus
563 3042 628 3102 lere
650 3041 731 3102 villis
753 3041 808 3101 sub
831 3050 912 3102 terra
935 3059 1044 3121 specus
1066 3043 1130 3104 lru·

168 3126 263 3185 menti
286 3123 436 3184 condendi
458 3127 554 3201 gratia
576 3125 653 3186 clam
681 3124 811 3185 habeant
833 3132 921 3204 atque
948 3125 979 3185 id
1006 3133 1132 3205 propter

168 3207 247 3269 bella
268 3209 397 3269 maxime
412 3207 603 3288 hostiumque
618 3208 751 3270 subitum
766 3208 923 3270 adventum
938 3216 1131 3289 praeparent.

130 3305 147 3354 2
167 3291 231 3362 Qua
247 3291 283 3351 de
298 3310 332 3353 re
344 3291 451 3353 Caesar
464 3311 517 3372 per
529 3293 661 3354 indicem
674 3295 786 3354 certior
803 3295 900 3354 lactus
915 3295 1006 3354 tertia
1027 3294 1132 3371 vigilia

167 3375 303 3453 legiones
326 3375 398 3437 duas
420 3394 490 3437 cum
511 3379 648 3455 equitatu
669 3378 765 3437 mittit
786 3374 823 3437 ab
847 3379 953 3438 eastris
968 3380 1032 3439 suis
1047 3377 1133 3438 milia

159 3478 308 3539 passuum
323 3472 348 3520 x
364 3467 452 3542 atque
475 3460 545 3521 inde
567 3477 675 3539 magno
697 3478 823 3521 numero
846 3462 992 3521 frumenti
1008 3469 1133 3522 onustos
