2356 3870
328 195 427 250 cumi.
443 195 482 250 Vl.
499 194 567 250 CAP.
585 195 755 250 lllll-XVll.
959 200 1018 260 113

63 357 376 438 uolunt-persuadere,
399 376 458 418 non
471 359 596 419 interire
611 360 738 427 animas,
756 358 808 420 sed
823 359 861 420 ab
876 358 939 420 aliis
953 371 1021 439 post

63 450 192 505 mortem
209 442 336 502 transire
351 441 387 502 ad
402 441 489 511 alios,
514 449 602 518 atque
617 440 673 501 hoc
688 445 813 503 maxime
829 443 865 503 ad
881 445 1019 519 virtutem

64 529 188 588 excitari
202 533 315 605 putant,
332 532 413 585 metu
424 527 530 586 mortis
541 524 684 603 neglecto.
708 526 798 587 Multa
812 535 967 605 praeterea
983 528 1020 588 de
1035 536 1052 586 o

64 609 213 672 sideribus
228 617 316 686 atque
332 626 434 668 eorum
449 616 547 678 motu,
571 609 608 670 de
628 609 730 672 muudi
746 628 779 670 ac
794 617 941 671 terrarum
957 631 1017 672 ma·

63 693 232 772 gnitudine,
255 692 292 752 de
306 709 408 752 rerum
424 699 544 762 natura,
567 693 603 752 de
624 692 747 753 deorum
768 695 978 755 immortalium
993 698 1020 755 vi

63 796 98 838 ac
112 782 260 856 potestate
275 776 425 855 disputant
440 783 469 835 et
483 778 627 837 iuventuti
641 776 771 837 tradunt.

41 930 49 942 .
127 860 187 922 XV.
222 859 354 921 Alterum
375 876 468 936 genus
489 866 534 919 est
555 863 695 937 equiturn.
726 860 777 928 lli,
800 878 867 921 oum
882 869 928 922 est
948 871 1048 922 usust

63 952 154 1021 atque
169 943 287 1020 aliquod
302 942 413 1003 bellum
426 943 572 1003 incidit-
583 943 661 1020 quod
676 944 739 1004 lere
750 952 818 1004 ante
825 943 957 1005 Caesaris
969 945 1018 1005 ad·

63 1035 185 1089 rentum
208 1029 365 1104 quotannis
385 1026 519 1087 accidere
540 1026 666 1095 solebat,
690 1028 734 1087 uti
753 1036 804 1088 aut
822 1029 879 1105 ipsi
898 1028 1020 1089 iniurias

62 1112 211 1171 inferrent
225 1118 276 1170 aut
289 1110 394 1170 inlatas
408 1109 618 1188 propulsarent
633 1142 680 1179 -‚
697 1128 800 1170 omnes
814 1113 845 1171 in
859 1110 938 1171 bello
953 1130 1019 1172 ver·

63 1203 178 1264 santur,
196 1202 283 1270 atque
299 1211 403 1254 eorum
418 1196 591 1270 utquisque
607 1200 652 1254 est
665 1211 775 1271 genere
792 1195 943 1272 copiisque
959 1213 1018 1256 am·
1036 1206 1051 1253 2

63 1277 231 1357 piissimus,
254 1280 294 1337 ita
315 1277 461 1356 plurimos
481 1279 592 1337 circum
613 1295 646 1336 se
666 1277 816 1338 ambactos
839 1277 1020 1355 clientesque

63 1361 162 1422 babet.
194 1360 276 1421 Hanc
290 1378 380 1420 unam
394 1363 517 1437 gratiam
531 1362 752 1439 potentiamque
767 1369 920 1422 noverunt.

127 1444 202 1506 xvi.
226 1445 311 1522 Natio
327 1450 372 1504 est
387 1447 517 1504 omnium
525 1443 674 1505 Gallorum
689 1445 847 1506 admodum
859 1444 958 1506 dedita
972 1464 1019 1506 re·
1037 1453 1049 1502 1
1101 1511 1108 1529 ,

63 1527 237 1605 ligionibus,
253 1535 341 1604 atque
356 1526 395 1587 ob
411 1545 473 1588 eam
490 1520 621 1597 causam,
639 1529 689 1604 qui
704 1535 773 1589 sunt
786 1528 892 1588 adiecti
907 1531 1020 1605 gravio·
1036 1537 1052 1585 2

64 1612 149 1672 ribus
169 1610 282 1672 morbis
303 1613 412 1688 quique
432 1612 463 1670 in
484 1610 605 1689 proeliis
629 1611 828 1689 periculisque
854 1621 1018 1679 versantur,

64 1703 116 1756 aut
134 1713 190 1774 pro
211 1696 336 1755 victimis
362 1693 497 1754 honines
522 1693 675 1754 immolant
694 1701 746 1755 aut
765 1711 797 1754 se
816 1693 1020 1754 immolaturos

65 1788 171 1839 vorent
185 1777 425 1854 administrisque
440 1778 476 1838 ad
492 1795 526 1838 ea
546 1779 688 1838 sacrificia
709 1776 864 1838 druidibus
884 1784 1034 1848 utuntur,

64 1862 161 1940 quod,
183 1881 239 1941 pre
254 1864 313 1922 vita
333 1861 460 1921 hominis
480 1862 536 1921 uisi
556 1861 683 1921 hominis
704 1862 762 1921 vita
782 1859 936 1930 reddatur,
959 1869 1051 1922 nont

63 1963 153 2026 posse
173 1946 297 2007 deorum
315 1943 530 2005 immortalium
556 1962 666 2005 numen
691 1944 802 2024 placari
827 1944 1018 2012 arbitrantur,

63 2029 242 2108 publiceque
271 2029 403 2089 eiusdem
429 2030 546 2105 generis
575 2027 685 2089 babent
708 2030 842 2089 instituta
867 2029 1018 2088 sacrificia.

63 2113 121 2174 lilii
134 2114 244 2173 inmani
263 2111 465 2189 magnitudine
481 2111 640 2172 'simulacra
660 2111 783 2181 habent,
807 2128 934 2188 quorum
950 2131 1019 2173 oon·
1035 2123 1050 2170 4

63 2203 145 2257 texta
160 2196 316 2257 viminibus
337 2195 469 2255 membra
485 2197 556 2256 vivis
576 2194 746 2257 hominibus
767 2195 929 2274 complent;
955 2197 1018 2273 qui·

63 2280 121 2340 bus
144 2282 293 2340 succensis
316 2281 509 2339 circumventi
522 2278 639 2338 llamma
655 2281 858 2339 exanimantur
873 2277 1016 2340 homines.

63 2362 216 2441 Supplicia
232 2371 349 2431 eorum,
373 2363 424 2438 qui
437 2353 563 2422 in'iurto
579 2364 673 2422 autin
689 2362 842 2438 latrocinio
858 2370 908 2421 aut
923 2362 1020 2445 aliqua
1034 2370 1049 2420 a

62 2464 142 2508 noxa
167 2448 226 2507 sint
250 2444 461 2527 conprehensi,
487 2447 616 2522 gratiora
636 2445 681 2505 dis
710 2444 926 2507 immortalibus
954 2464 1019 2505 esse
1059 2505 1061 2508 ,

63 2529 261 2599 arbitrantium
283 2529 335 2591 sed
350 2546 417 2588 oum
433 2531 497 2589 eius
511 2530 628 2606 generis
644 2531 726 2607 eopia
742 2529 863 2598 defecit,
880 2530 967 2588 etiam
983 2529 1019 2588 ad

63 2615 268 2674 innocentium
283 2612 426 2692 supplicia
440 2612 631 2672 descendunt.

128 2696 214 2758 XVll.
249 2697 344 2758 ileum
359 2699 484 2757 maxime
498 2696 679 2756 Mercurium
700 2695 809 2756 colunt.
841 2695 935 2767 liuius
951 2701 1046 2754 suntt

63 2780 193 2860 plurima
207 2779 377 2849 simulacra,
400 2779 480 2840 hunc
501 2780 633 2840 omnium
652 2781 838 2840 inventorem
853 2780 959 2838 artium
976 2779 1018 2837 ie·

56 2872 149 2933 runt,
166 2862 245 2924 hunc
259 2865 373 2925 viarum
388 2871 476 2939 atque
490 2864 631 2923 itinerum
646 2862 767 2931 duoem,
783 2861 863 2923 huno
878 2861 914 2920 ad
930 2878 1018 2937 quae·

63 2954 128 3008 stus
143 2949 288 3027 pecuniae
308 2953 549 3022 mercaturasque
570 2945 680 3006 babere
695 2947 753 3004 vim
768 2948 925 3005 maximam
940 2943 1018 3005 arbi-

63 3038 191 3091 trantur.
222 3031 293 3092 Post
306 3029 387 3091 huno
400 3029 565 3109 Apollinem
580 3037 610 3090 et
624 3029 747 3090 Martem
764 3036 793 3088 et
806 3029 905 3089 lovem
921 3036 950 3088 et
964 3029 1016 3089 lli·
1032 3033 1049 3082 2

62 3132 195 3176 nervam.
212 3115 253 3174 lle
265 3114 310 3174 his
322 3113 444 3174 eandem
456 3114 528 3182 iere,
542 3131 629 3191 quam
641 3112 773 3190 reliquae
784 3120 896 3191 gentes,
910 3111 1020 3172 habent

62 3199 252 3281 opinionem:
270 3197 436 3276 Apollinem
451 3196 572 3257 morbos
586 3196 750 3275 depellere,
772 3197 932 3257 Minervam
947 3214 1017 3274 ope·

63 3300 131 3342 rum
152 3287 241 3359 etque
261 3281 452 3342 artificiorum
471 3282 555 3341 initia
579 3281 711 3350 tradere,
738 3280 836 3340 lovem
860 3282 1018 3358 imperium

63 3365 236 3426 caelestium
251 3372 363 3433 tenere,
380 3365 502 3424 Martem
517 3364 595 3428 bella
608 3381 723 3442 regere.
750 3364 833 3432 Huic,
851 3381 918 3423 cum
932 3379 1019 3442 proe-
1034 3369 1053 3422 t

63 3448 103 3510 lio
119 3449 260 3510 dimicare
275 3450 504 3516 constituerunt,
529 3467 577 3518 ea,
601 3465 677 3529 quae
692 3447 773 3512 bello
791 3450 948 3533 ceperint,
965 3445 1035 3527 ple·

104 3563 127 3594 0.
138 3560 196 3596 we.
210 3560 320 3594 carran.
851 3542 876 3605 8
