2356 3870
125 230 167 291 94
451 225 491 282 lili
506 224 613 281 ennio
629 224 768 281 GALLlCO

123 398 169 452 set
179 389 352 489 indignum,
369 386 600 448 committebant
624 388 701 448 Tum
712 386 955 456 TitoBalventio,
973 389 1071 466 quisu

124 475 243 554 periore
258 490 333 533 anno
348 473 477 551 primum
491 470 586 551 pilum
601 470 740 540 duxerat,
756 472 822 531 viro
832 471 904 532 forti
920 477 949 531 et
962 488 1086 548 magnae

95 558 319 625 tauctoritatis,
344 563 506 632 utrumque
525 556 626 615 lemur
646 553 760 632 tragula
781 555 930 621 traicitur;
959 554 1087 624 Quintus

34 697 36 701 .
118 640 286 708 Lucanius,
304 639 436 699 eiusdem
451 638 578 706 ordinis,
594 639 766 698 fortissume
779 655 929 716 pugnans,
946 638 1053 698 dum
1029 656 1086 698 c1r

95 730 280 785 suumvento
295 723 354 783 tilio
369 721 519 790 subvenit,
537 722 727 787 interficitur:
750 721 857 782 lucius
873 722 1020 783 Cottae
971 721 1087 799 legatus

124 825 227 867 omnes
252 805 389 867 cohortes
415 805 596 882 ordinesque
625 804 783 865 adhortans
808 806 840 864 in
869 804 1027 866 adversum
1053 824 1087 865 os

122 890 213 952 sunda
229 889 409 950 vulneratur.

96 979 110 1031 l
186 972 312 1032 XXXVI.
342 972 396 1032 llis
414 972 507 1032 rebus
528 979 682 1050 permotus
702 972 828 1042 Quintus
849 971 995 1041 Titinius,
1019 990 1087 1031 cum

122 1055 227 1135 procul
239 1055 438 1133 Ambiorigem
453 1073 523 1115 suos
538 1054 743 1116 cohortantem
758 1055 976 1132 conspexisset,
992 1056 1085 1116 inter-

123 1146 240 1218 pretem
255 1157 342 1199 suum
358 1138 473 1198 Gneum
489 1139 664 1217 Pompeium
685 1137 720 1198 ad
742 1155 811 1198 eum
826 1139 916 1198 mittit
937 1145 1083 1216 rogatum,

94 1230 156 1282 aut
170 1220 226 1282 sibi
241 1221 442 1298 militibusque
456 1228 567 1300 parcat.
605 1221 659 1282 llle
679 1220 843 1301 appellatus
858 1222 1026 1300 respondit:
1054 1222 1085 1283 Si

123 1305 193 1365 velit
207 1323 308 1366 secum
330 1305 482 1381 conloqui,
505 1305 611 1373 licere;
633 1323 768 1384 sperare,
789 1304 1016 1367 amultitudine
1030 1307 1085 1365 im·

122 1391 236 1470 petrori
256 1406 360 1467 posse,
391 1388 479 1486 quod
492 1389 527 1448 ad
547 1387 674 1449 militum
695 1387 821 1449 salutem
842 1391 1003 1467 pertineat:
1031 1391 1087 1467 ipsi

123 1490 194 1532 vero
209 1470 281 1557 nihil
296 1473 450 1532 nocitum
442 1473 495 1540 rri,
516 1474 608 1549 inque
629 1490 695 1533 eam
708 1490 775 1532 rem
789 1490 823 1534 se
836 1490 921 1533 stram
935 1472 1047 1533 iidem
1039 1490 1084 1532 m-

96 1563 291 1634 sterponcrc
315 1554 448 1616 lllecum
456 1555 545 1625 Cotta
560 1559 659 1616 saucio
675 1556 887 1625 communicat,
903 1573 927 1615 sr
920 1557 1084 1624 videatur,

123 1656 222 1718 pugna
241 1647 275 1699 ut
295 1640 439 1701 excedant
462 1646 492 1699 et
506 1657 574 1700 curn
588 1639 758 1718 Ambiorige
772 1656 831 1700 una
853 1638 1083 1716 conloquuntur:

123 1741 261 1802 sperare,
283 1721 320 1783 ab
342 1741 378 1783 eo
400 1724 503 1782 desua
520 1741 553 1784 ac
568 1723 694 1784 militum
708 1722 803 1784 salute
816 1724 972 1801 impetrari
986 1740 1083 1801 posse.

124 1807 208 1868 Cotta
229 1825 262 1867 se
283 1805 319 1866 ad
341 1814 486 1867 armatum
507 1805 622 1867 hostem
648 1809 760 1868 iturum
780 1813 870 1884 negat
888 1813 976 1882 atque
997 1808 1026 1867 in
1050 1824 1085 1866 co

125 1898 306 1968 perseverat.

97 1980 109 2030 1
185 1972 325 2033 XXXVll.
351 1972 492 2041 Sabinus,
517 1990 591 2050 quos
612 1976 643 2034 in
662 1974 832 2052 praesentia
851 1973 987 2034 tribunos
1008 1971 1085 2032 mili-

122 2063 187 2117 tum
196 2058 308 2116 circum
324 2073 356 2114 se
372 2054 513 2126 habebat,
531 2065 560 2116 ct
569 2059 734 2136 primorum
745 2057 883 2118 ordinum
896 2057 1085 2117 centuriones

85 2212 90 2220 ⁵
123 2158 155 2200 sc
176 2140 262 2215 sequi
281 2138 364 2199 iubet
384 2147 427 2208 et,
449 2158 517 2200 cum
537 2143 661 2220 propius
681 2140 880 2218 Ambiorigem
902 2141 1084 2207 accessisset,

123 2225 222 2282 iussus
238 2240 318 2282 arma
334 2221 452 2284 abicere
465 2225 644 2303 imperatum
658 2225 728 2285 iacit
742 2226 879 2300 suisque,
900 2231 934 2284 ut
947 2223 1026 2284 idem
1042 2224 1084 2283 sa·

94 2307 215 2374 acient,
237 2308 371 2383 imperat.
406 2307 543 2376 Interim,
566 2308 635 2369 dum
658 2308 695 2368 de
716 2306 937 2368 condicionibus
955 2309 1033 2367 inter
1054 2323 1086 2366 se

123 2396 214 2466 agunt
227 2388 403 2466 longiorque
415 2390 551 2450 consulto
563 2392 599 2451 ab
611 2391 958 2468 Ambiorigeinstituitur
973 2407 1082 2458 sermo,

94 2472 262 2553 spculatim
283 2475 501 2534 circumventus
523 2476 710 2535 interficitur.
748 2474 825 2535 'lum
845 2492 916 2534 vero
932 2492 985 2535 suo
1001 2490 1086 2534 more

123 2557 274 2616 victoriam
294 2555 480 2617 conclamant
505 2565 593 2635 atque
614 2557 759 2618 ululatum
785 2557 892 2618 tollunt
911 2559 1085 2636 impetuque

94 2641 153 2699 tin
177 2645 297 2699 nostros
321 2641 399 2700 iacto
426 2641 546 2702 ordines
570 2641 756 2720 perturbant.
794 2641 839 2702 Ibi
864 2640 973 2702 Lucius
1001 2641 1085 2701 Cotta

122 2739 258 2802 pugnans
271 2723 449 2784 interficitur
464 2743 531 2786 cum
546 2727 671 2786 maxima
689 2733 775 2804 parte
794 2724 930 2786 militum.
968 2723 1086 2800 Reliqui

93 2813 154 2868 ose
173 2809 204 2867 in
227 2814 322 2868 castra
350 2809 513 2886 recipiunt,
540 2809 619 2870 unde
644 2816 728 2870 erant
753 2809 874 2886 egressi.
913 2809 956 2869 Ex
976 2806 1084 2885 quibus

122 2890 231 2951 Lucius
247 2891 429 2953 Petrosidius
444 2892 595 2970 aquilifer,
619 2911 688 2953 cum
708 2909 812 2969 magna
827 2891 1015 2953 multitudine
1030 2890 1083 2950 ho·

123 2976 212 3035 stium
225 2984 428 3054 premeretur,
445 2976 572 3054 aquilam
586 2979 664 3038 intra
675 2975 784 3037 vallum
795 2977 934 3054 proiecit,
949 2977 1015 3054 ipse
1028 2992 1084 3053 pro

94 3060 228 3118 scastris
242 3059 403 3120 fortissime
417 3077 553 3138 pugnans
568 3061 722 3121 occiditur.
752 3059 797 3120 llli
812 3077 900 3138 aegre
915 3059 951 3120 ad
966 3066 1085 3120 noctem

123 3142 374 3220 oppugnationem
385 3145 546 3211 sustinent;
560 3151 650 3205 noctu
662 3143 698 3204 ad
710 3161 803 3204 unum
814 3161 918 3221 omnes
929 3143 1083 3224 desperata

95 3224 218 3287 tsalute
237 3243 270 3284 sc
290 3227 348 3303 lpsi
375 3227 566 3289 interficiunt.
604 3227 694 3288 Pauci
722 3244 758 3287 ex
784 3226 896 3304 proelio
925 3226 1017 3305 elapsi
1038 3227 1084 3286 in·

124 3311 213 3369 certis
233 3307 391 3371 itineribus
412 3328 468 3390 per
488 3310 576 3372 silvas
596 3311 632 3371 ad
653 3311 751 3371 'litum
773 3308 936 3372 Labienum
954 3309 1084 3388 legatum

122 3394 153 3538 pn
169 3391 292 3454 hiberna
307 3395 484 3472 perveniunt
495 3402 584 3472 atque
595 3413 663 3456 eum
675 3394 712 3455 de
722 3392 814 3455 rebus
822 3397 914 3473 gestis
925 3395 1085 3456 certiorem

135 3481 243 3540 aciunt.
