2356 3870
155 195 221 260 258
382 194 496 249 INDEX
514 192 689 248 NOMINUM
707 192 754 246 ΕΤ
772 193 910 248 RERUM.

170 337 200 390 in
213 335 390 389 Provinciam
404 335 576 402 eruptionem
589 333 630 388 fa·
675 333 747 388 lonis
772 332 881 386 familia
905 332 1082 403 gladiatoria
1104 333 1138 388 ad

170 422 233 460 cere
250 422 360 474 parare,
386 421 418 460 eo
437 404 630 472 proficiscitur,
674 404 846 472 prodendam
860 402 985 472 Capuam
999 403 1089 458 missa
1100 405 1138 461 ibi

170 477 231 544 Vll,
242 483 266 542 ’1,
275 483 298 529 2.
307 482 333 543 3,
348 475 572 555 praesidiumque
590 473 631 528 ibi
675 474 736 527 visa
761 475 845 537 esset,
871 472 930 528 eius
954 476 985 528 et
1002 475 1041 528 Μ.
1062 474 1138 530 Coeli
1170 498 1174 537 ·,

67 557 71 565 “
171 546 328 612 constituit,
350 546 388 598 1b.
408 551 437 610 4,
470 562 541 599 anno
566 546 631 613 post
674 544 738 599 Rufi
752 543 869 598 consilia
881 544 1031 614 patefiunt,
1046 543 1076 601 C.
1091 544 1136 613 III,
1171 584 1174 597 .

171 617 269 671 eodem
289 615 478 684 proficiscitur,
498 614 572 681 VIII,
586 621 629 681 46,
676 621 718 681 21,
733 619 757 668 5.

172 693 201 752 3,
231 701 302 740 anno
329 685 398 738 belli
422 685 512 739 civilis
539 684 630 754 priore
657 676 825 750 Nemdtes,
842 701 909 754 gens
922 683 1065 740 Germana
1075 684 1136 740 Gal·

171 756 295 825 legiones
322 754 375 823 ΙΙΙ,
410 773 478 823 quas
505 755 545 808 ibi
572 754 631 809 hie·
675 753 730 808 liae
751 754 872 808 Celticae
894 754 924 807 in
945 754 1061 810 sinistra
1077 755 1137 810 ria

171 826 266 880 mnndi
280 842 364 880 causa
373 825 553 893 disposuerat,
569 842 631 878 cnm
675 824 767 878 Rheni
790 824 817 879 fl.
840 824 978 892 incolens,
1007 825 1038 879 in
1063 774 1135 880 bodo

170 895 259 951 Fabio
287 897 381 965 legato
411 895 441 949 in
468 895 631 964 Hispaniam
675 894 808 949 Ariovisti
839 895 948 949 cladem
986 895 1134 964 accipiunt,

171 965 340 1035 praemittit,
359 965 388 1020 C.
407 965 433 1033 I,
452 971 494 1033 37,
516 972 544 1029 1,
571 965 631 1034 ipse
676 965 707 1019 G.
728 966 748 1032 Ι,
763 970 845 1032 61,2,
866 965 901 1019 ab
921 981 1019 1018 eorum
1036 965 1136 1020 fimbns

171 1036 325 1090 Massiliam
338 1036 453 1093 tendens
467 1035 585 1104 pedibus
598 1052 631 1089 eo
676 1035 746 1088 silva
755 1034 894 1103 Hercynia
902 1035 999 1104 catur,
1007 1035 1056 1102 VI,
1064 1041 1106 1102 26,
1111 1042 1135 1090 2,

171 1107 305 1175 pervenit,
316 1106 351 1174 ΙΙ,
359 1113 401 1174 21,
410 1113 439 1170 ὅ,
452 1105 516 1160 inde
526 1107 558 1160 A.
569 1105 631 1158 Hir·
657 1105 909 1160 Nemetocenna
918 1105 1133 1174 oppidumhtre·

171 1178 229 1230 tius
260 1176 369 1230 litteras
403 1176 440 1230 ad
472 1175 632 1230 Ciceronem
675 1176 787 1243 batum,
800 1191 873 1230 nunc
887 1176 1031 1231 anomine
1045 1177 1135 1246 gentis

174 1248 231 1314 dat,
249 1248 293 1301 Fr.
307 1265 334 1314 p.
347 1253 405 1300 160.
420 1264 447 1299 v.
457 1252 481 1300 7.
676 1245 785 1299 Arras.
823 1245 924 1300 Caesar
952 1245 994 1300 ibi
1020 1247 1135 1315 hiemat,

154 1317 358 1371 P.Nasidius
382 1333 464 1384 eques
482 1316 631 1384 Romanus,
676 1315 708 1369 G.
727 1315 806 1383 VIII,
825 1323 868 1382 46,
883 1322 911 1381 6,
940 1332 973 1370 eo
1002 1317 1038 1371 ad
1062 1334 1134 1372 exer-

172 1386 365 1454 Pompeianus,
385 1403 401 1439 a
416 1386 550 1454 Pompeio
569 1403 632 1439 cnm
676 1385 763 1440 citum
781 1403 814 1440 ex
832 1386 916 1439 Italia
932 1386 1016 1455 redit,
1031 1393 1112 1456 62,1.

172 1457 260 1510 classe
279 1456 393 1509 navium
410 1455 475 1509 XVI
492 1457 522 1509 L.
536 1455 631 1509 Domi·
658 1456 781 1526 Nepos,
800 1474 825 1510 v.
842 1455 1020 1510 Cornelius
1038 1458 1090 1527 (k)

170 1527 211 1580 tio
230 1525 353 1580 subsidio
367 1525 474 1593 missus,
494 1524 521 1580 C.
536 1525 570 1593 ΙΙ,
581 1532 629 1595 3,1
658 1526 758 1593 Nero,
776 1544 802 1580 v.
818 1525 981 1580 Claudius
1001 1529 1048 1596 (e.)

173 1599 255 1665 (-2),
268 1594 453 1651 Massilienses
465 1613 573 1650 summa
582 1613 631 1664 spe
658 1595 788 1664 Nervii,
824 1613 892 1664 gens
923 1597 1136 1654 bellicosissima

173 1667 303 1737 complet,
314 1673 341 1736 4,
350 1674 380 1733 4,
398 1668 496 1736 postea
509 1667 538 1720 in
551 1683 630 1736 proe·
676 1666 783 1720 Galliae
798 1666 928 1735 Belgicae
945 1666 1022 1722 inter
1040 1668 1134 1725 Sabim

170 1739 210 1791 lio
229 1738 303 1792 male
320 1754 380 1792 rem
397 1736 470 1807 gerit
488 1739 585 1791 contra
597 1736 629 1789 D.
653 1762 656 1769 ·
676 1740 705 1790 et
719 1735 841 1790 Scaldim
858 1736 997 1806 incolens,
1015 1739 1133 1795 maxime

172 1809 295 1874 Brutum,
308 1807 346 1862 ib.
362 1813 391 1872 6,
410 1807 446 1861 ab
464 1807 523 1861 eius
542 1807 630 1861 classe
674 1806 727 1860 feri
751 1808 824 1861 inter
848 1807 962 1876 Belgas,
989 1808 1072 1865 milis
1094 1827 1132 1864 ar·

171 1879 201 1932 P.
220 1877 346 1932 Vestrius
365 1880 462 1945 captus
481 1878 549 1946 erat,
571 1877 629 1931 Alr.
674 1878 752 1931 mata
774 1877 796 1930 L
815 1877 852 1931 ad
869 1877 976 1931 bellum
1000 1896 1065 1934 cnm
1082 1880 1133 1937 Ito·

174 1955 216 2015 64,
230 1955 254 2001 2.
270 1978 302 1986 -
321 1947 389 2001 Inde
408 1946 462 2002 adi.
675 1947 764 2001 manis
787 1948 939 2016 gerendum
958 1949 1133 2017 pollicentur,

153 2017 373 2086 Nasidienus,
676 2015 843 2085 G.11‚4‚a;
872 2018 1025 2075 Ambianos
1053 2020 1133 2078 attin

154 2105 255 2141 -nae
274 2104 375 2140 naves
394 2087 520 2142 celeriter
537 2104 631 2157 pugna
675 2089 847 2155 gimt,15,33
866 2089 974 2155 (eorum
987 2092 1132 2160 mores,ib.

172 2158 320 2222 excedunt,
341 2155 368 2210 C.
383 2157 417 2223 Π,
432 2163 497 2223 7,1,
520 2157 533 2208 Ι
551 2157 631 2210 navis
676 2161 752 2224 —5;)
772 2157 900 2226 equitatu
917 2159 990 2212 nihil
1008 2165 1133 2230 possunt,

170 2225 385 2280 Massiliensium
401 2243 464 2279 cum
482 2226 522 2280 eis
540 2226 569 2280 in
583 2227 631 2280 Hi·
676 2227 788 2296 sepibus
814 2230 878 2282 scint
903 2229 1019 2299 muniti,
1046 2239 1088 2301 1‘1,
1105 2238 1133 2298 4,

172 2296 298 2365 spaniam
321 2297 477 2350 citeriorem
499 2297 631 2366 profugit,
674 2300 900 2366 postquamcum
910 2299 1094 2357 Atrebatibus
1107 2304 1133 2356 et

171 2367 207 2421 ib.
219 2374 243 2421 2.
675 2367 870 2422 Viromanduis
890 2370 969 2424 trans
993 2371 1092 2426 Sabim
1107 2372 1131 2426 ΙΙ

153 2439 267 2492 Nasus
301 2455 372 2491 unus
409 2455 443 2492 ex
479 2437 631 2492 Sueborum
675 2438 872 2508 consederunt,
890 2445 932 2505 16,
946 2447 971 2507 2,
991 2458 1056 2496 cum
1073 2444 1132 2497 Bel·

171 2508 296 2576 ducibus,
314 2507 551 2571 fraterCimherii,
565 2525 631 2575 quo·
674 2525 727 2577 gae
745 2509 860 2576 quidam
877 2508 1005 2564 dediticii
1027 2513 1066 2566 ad
1090 2530 1132 2567 ecs

172 2596 234 2632 cum
258 2582 371 2647 praeest
390 2577 410 2630 C
428 2578 509 2647 pagis
528 2578 631 2632 Suebo·
675 2577 839 2633 detulissent
848 2581 1080 2637 consuetudinem
1090 2583 1131 2637 iti·

170 2666 244 2716 rum,
276 2647 325 2716 qui
354 2647 483 2702 Rhenum
513 2647 631 2702 transire
674 2649 749 2703 neris
781 2649 915 2703 exercitus
940 2651 1074 2719 Romani,
1087 2659 1132 2721 Il,

172 2720 313 2785 conantur,
333 2717 365 2772 C.
380 2717 453 2785 Ι,31,
464 2724 488 2772 3.
674 2725 698 2772 2.
708 2724 732 2773 5.
748 2725 821 2787 19,1,
831 2719 1036 2776 confertissimo
1046 2723 1131 2794 agmi-

152 2788 347 2858 Naupactus
378 2788 528 2842 Locrorum
561 2787 629 2843 Ozo-
673 2806 708 2843 ne
742 2789 778 2843 ad
810 2789 937 2844 dextrum
968 2808 1057 2847 cornu
1081 2794 1130 2848 Ro·

170 2859 260 2912 larum
292 2857 441 2927 oppidum,
473 2875 545 2912 nunc
569 2858 629 2911 Le·
673 2876 818 2914 manorum
841 2860 1025 2928 contendunt,
1045 2870 1131 2932 23,4,
1164 2882 1169 2897 ·

170 2931 281 2997 panto.
300 2929 367 2982 lnde
378 2930 407 2983 et
416 2927 558 2996 Calydone
569 2927 630 2982 Cal·
673 2930 834 3010 proelioque
847 2931 982 2986 acerrimo
996 2950 1086 3003 prope
1098 2933 1131 2989 ad

170 2998 255 3052 visius
287 2997 426 3067 praesidia
457 2998 628 3053 adversario·
672 2999 891 3055 mtemecionem
903 3001 1012 3056 redacti
1025 3020 1131 3059 conser-

170 3087 231 3122 mm
250 3068 343 3136 deicit,
363 3069 391 3123 C.
411 3069 551 3136 111‚ss‚1.
673 3072 782 3137 vantur,
792 3076 835 3136 28,
845 3072 943 3139 1(—3).
959 3078 1002 3140 29,
1012 3080 1035 3126 1.
1051 3081 1132 3142 322,

154 3138 179 3194 N
185 3138 317 3208 caprilis
331 3139 464 3209 oppidum
474 3140 509 3207 a)
517 3138 628 3193 Africae
674 3134 705 3204 Q.
733 3139 828 3196 Cicero
854 3141 965 3211 legatus
993 3143 1131 3212 legionem

15 3221 42 3233 ·“
171 3209 377 3281 (Zeugitanae),
409 3225 482 3262 nunc
510 3209 629 3263 Nabal.
672 3209 702 3264 in
728 3227 775 3265 eos
797 3208 827 3265 in
851 3210 968 3266 hiberna
991 3213 1083 3282 ducit,
1101 3215 1131 3283 V,

172 3278 272 3333 Caesar
305 3295 368 3333 eam
399 3279 628 3349 praetervehitur,
674 3286 716 3347 24,
731 3288 760 3347 2,
783 3298 838 3350 quo
860 3280 936 3336 facto
954 3281 989 3337 N.
1013 3285 1051 3339 ab
1070 3287 1131 3340 Am-

170 3349 227 3404 Ah.
243 3356 268 3417 2,
278 3357 307 3416 6,
672 3349 781 3420 blorige
800 3352 940 3421 concitati,
954 3357 998 3420 68,
1009 3360 1034 3408 2.
1045 3362 1072 3424 4,
1092 3373 1131 3411 ca·

150 3418 265 3488 b,)Cam
286 3416 548 3488 aniaemaritimum,
556 3437 629 3474 nunc
673 3423 730 3476 stra
755 3420 814 3476 eius
840 3425 1016 3492 oppugnant,
1042 3432 1093 3494 39,
1109 3432 1130 3481 6.

161 3437 300 3565 Nepesi.
339 3487 410 3548 Cum
432 3490 466 3548 Τ.
484 3490 560 3546 Anni
576 3489 630 3545 hii·
675 3492 1131 3567 (4166,41,1,εΙναΙΙοΙοεεα(,αο
