2356 3870
276 219 390 277 COMM.
404 221 439 278 Π.
461 221 537 278 OAP.
552 221 807 282 XXXII-XXXV.
978 216 1019 282 61

56 387 204 448 mitteret.
248 385 342 446 Simul
372 385 408 447 ab
439 389 559 447 sinistro
588 405 680 447 cornu
708 387 741 448 P.
771 388 843 448 Attii
871 388 1046 468 equitatuse

56 471 157 530 omnis
173 476 202 528 et
212 487 270 545 uua
279 470 352 530 levis
368 478 533 530 armaturae
549 472 699 531 interiecti
715 471 890 549 complures,
907 489 974 531 cum
986 490 1017 531 se

55 550 213 613 invallem
228 553 435 623 demitterent,
457 554 666 615 cernebantur.
699 555 743 614 Ad
759 573 810 616 eos
825 556 914 616 Curio
934 557 1045 634 equi-3

56 641 152 697 tatum
169 643 199 696 et
214 637 286 697 duas
295 638 531 699 Marrucinorum
546 639 676 699 cohortis
691 640 797 709 mittit;
814 657 941 718 quorum
955 641 1018 717 pri·

56 737 139 781 mum
155 722 299 800 impetum
315 723 431 800 equites
440 723 570 783 bostium
584 740 644 782 non
656 722 796 790 tulerunt,
814 723 866 782 sed
881 723 1018 783 admissis

56 806 146 883 equis
161 805 196 864 ad
213 822 282 865 suos
297 808 487 882 refugerunt:
509 806 605 866 relicti
622 805 660 866 ab
674 806 736 876 his,
752 807 804 884 qui
820 824 878 866 una
892 824 1017 884 procur·

55 895 161 948 rorant
175 889 250 952 levis
267 897 450 965 armaturae,
471 888 781 950 circumveniebantur
801 897 889 968 atque
904 891 1017 950 interti-

55 971 217 1032 ciebantur
237 970 273 1032 ab
289 975 408 1033 nostris.
445 973 509 1033 Huc
530 980 592 1034 tota
606 974 676 1033 Vari
692 991 833 1034 conversa
854 975 935 1033 acies
949 990 1019 1032 suos

56 1055 208 1132 lugere‘et
222 1057 338 1116 concidi
353 1056 482 1117 videbat.
517 1057 601 1117 Tunc
621 1055 759 1125 Rebilus,
783 1057 897 1134 legatus
911 1057 1045 1118 Caesa-l

57 1140 119 1206 ris,
135 1157 224 1218 quem
239 1139 329 1200 Curio
344 1158 445 1201 secum
461 1159 497 1200 ex
512 1141 613 1201 Sicilia
628 1142 769 1212 duxerat,
784 1141 863 1219 quod
878 1158 1018 1218 magnum

55 1221 170 1283 babere
190 1241 275 1283 usum
291 1225 322 1283 in
337 1242 371 1284 re
386 1225 509 1285 militari
525 1223 655 1293 sciebat,
672 1219 892 1300 Portunum,
909 1226 1016 1303 inquit,

55 1303 174 1368 bostem
187 1305 286 1382 vides,
304 1303 420 1370 Corio:
440 1306 517 1386 qaid
530 1305 655 1370 dubites
674 1307 722 1370 cti
742 1306 888 1386 temporis
907 1325 1017 1388 oppor-

55 1387 213 1452 mooe?
234 1391 285 1451 llle
301 1410 392 1453 unum
408 1393 554 1463 elocutus,
577 1398 609 1452 ut
623 1394 765 1453 memoria
780 1399 918 1453 tenerent
938 1392 1043 1452 mili-t

55 1481 104 1535 tes
119 1492 163 1545 ea,
179 1494 254 1553 quae
266 1477 364 1554 pridie
380 1475 439 1536 sibi
454 1478 693 1546 confirmassent,
710 1478 793 1555 sequi
808 1494 874 1536 sese
889 1475 973 1536 iubet
988 1483 1019 1536 et

55 1561 226 1638 praecurrit
241 1566 307 1619 ante
323 1577 437 1621 omnes.
464 1561 603 1638 Adeoque
619 1567 684 1620 erat
698 1560 840 1638 impedita
854 1561 938 1621 vallis
953 1578 969 1620 e
984 1566 1018 1620 ut

56 1645 88 1703 in
105 1660 230 1703 ascensu
244 1645 303 1704 nisi
318 1642 464 1705 sublevati
480 1662 496 1703 a
510 1646 573 1703 suis
586 1645 677 1722 primi
691 1661 751 1703 non
765 1643 852 1703 facile
868 1646 1017 1704 eniteren-

55 1733 117 1787 tur.
153 1727 211 1787 Sed
231 1736 465 1806 praeoccupatus
484 1729 600 1788 animus
621 1727 807 1788 Attianorum
828 1727 957 1787 militum
977 1729 1044 1787 tie

56 1828 144 1871 more
154 1819 183 1871 et
192 1812 261 1888 iuga
273 1818 303 1871 et
311 1812 401 1872 caede
413 1829 534 1872 suorum
544 1810 619 1871 nihil
631 1810 667 1870 de
679 1810 845 1871 resistendo
857 1810 1015 1888 cogitabat,

58 1913 223 1974 omnesque
235 1913 266 1954 se
281 1898 341 1956 iam
356 1894 393 1956 ab
409 1898 543 1975 equitatu
558 1896 768 1956 circumveniri
783 1892 1016 1955 arbitrabantur.

57 1977 161 2058 ltaque
182 1980 355 2058 priusquam
376 1979 467 2040 telum
488 1980 566 2040 adici
587 1986 687 2058 posset
708 1986 759 2039 aut
777 1980 873 2039 nostri
894 1979 1018 2056 propius

57 2063 251 2133 accederent,
273 2066 369 2123 omnis
383 2064 453 2132 Vari
475 2066 555 2124 acies
569 2070 652 2141 terga
667 2065 756 2123 vertit
769 2080 860 2141 seque
876 2064 906 2123 in
921 2070 1017 2122 castra

56 2149 183 2225 recepit.

123 2230 239 2291 XXXV.
269 2230 331 2301 Qua
352 2234 383 2292 in
398 2231 467 2309 luga
482 2231 593 2293 Fabius
607 2232 765 2309 Paelignus
783 2231 904 2310 quidam
919 2249 955 2290 ex
970 2233 1016 2291 iu·
1029 2239 1043 2290 1

56 2315 136 2374 imis
156 2315 312 2376 ordinibus
332 2317 368 2376 de
389 2317 522 2376 exercitu
537 2316 674 2376 Curionis
695 2317 825 2393 primum
845 2332 949 2392 agmen
969 2316 1016 2374 lu·

56 2400 206 2476 gientium
220 2406 397 2461 consecutus
408 2417 513 2476 magna
527 2418 599 2460 voce
611 2392 721 2458 Varum
733 2401 851 2459 nomine
867 2397 1017 2476 appellans
1132 2466 1145 2472 ,

56 2481 247 2561 requirebat,
278 2486 322 2543 uti
343 2502 419 2544 unus
445 2502 510 2544 esse
532 2501 568 2552 ex
589 2486 654 2543 eius
675 2482 822 2543 militibus
846 2489 876 2542 et
894 2490 1016 2541 monere

56 2565 170 2645 aliquid
192 2567 264 2627 velle
279 2585 313 2628 ac
328 2566 429 2627 dicere
444 2568 607 2628 videretur.
642 2566 701 2628 Ubi
716 2567 765 2627 ille
781 2567 900 2644 saepius
915 2565 1042 2645 appel-2
1091 2591 1098 2610 -,

56 2651 134 2711 latus
159 2653 275 2729 aspexit
300 2669 334 2712 ac
355 2653 467 2712 restitit
487 2659 533 2720 et,
563 2655 631 2731 quis
656 2657 735 2711 esset
755 2657 806 2710 aut
825 2650 897 2728 quid
919 2650 1017 2730 veliet,

56 2736 218 2814 quaesivit,
245 2735 402 2795 humerum
423 2743 558 2815 apertum
573 2736 670 2813 gladio
685 2736 812 2813 appetit,
837 2733 1016 2812 paulumque

57 2818 148 2887 aluit,
171 2820 244 2896 quin
260 2819 368 2879 Varum
383 2821 584 2890 interficerem
606 2818 685 2898 quod
699 2819 748 2878 ille
763 2817 930 2896 periculum
946 2815 1016 2877 sub·
1117 2831 1120 2889 j

57 2902 117 2962 lato
138 2901 174 2963 ad
195 2905 261 2963 eius
282 2911 420 2965 conatum
441 2911 524 2964 scuto
543 2906 657 2964 vitavit.⁸
699 2901 810 2962 Fabius
835 2918 852 2960 a
872 2902 1017 2979 proximis
1103 2957 1106 2962 .

57 2984 205 3046 militibus
219 2989 438 3048 circumventus
454 2979 641 3048 interficitur.
670 2985 732 3046 llao
746 2986 925 3062 fugientium
939 2985 1042 3045 mul-s
1060 3046 1064 3052 ,

57 3069 185 3130 titudine
206 3089 241 3132 ac
256 3070 343 3132 turba
358 3078 462 3150 portae
478 3079 643 3133 castrorum
657 3075 841 3148 occupantur
856 3076 943 3149 atque
957 3071 1017 3130 iter

58 3153 239 3232 impeditur,
270 3156 429 3234 pluresque
452 3158 484 3215 in
504 3175 540 3217 eo
560 3158 624 3218 loco
646 3157 711 3216 sine
733 3154 855 3214 vulnere
876 3172 964 3233 quam
984 3156 1015 3214 in

58 3239 175 3317 proelio
187 3247 238 3301 aut
248 3240 319 3318 luga
329 3241 491 3310 intereunt,
503 3259 600 3321 neque
612 3239 735 3299 multum
746 3240 830 3307 aluit,
842 3241 915 3317 quin
927 3243 1016 3301 etiam

57 3325 164 3383 castris
185 3324 420 3403 expellerentur,
442 3342 476 3384 ac
497 3325 632 3386 nonnulli
646 3326 782 3403 protinus
802 3324 907 3384 eodem
926 3342 1016 3386 cursu

57 3407 90 3467 in
105 3408 248 3487 oppidum
263 3409 489 3469 contenderunt.
520 3410 577 3470 Sed
593 3427 660 3469 eum
676 3408 733 3468 loci
748 3413 854 3468 natura
875 3414 905 3468 et
919 3411 1014 3469 muni·
1027 3417 1042 3465 1

57 3491 102 3552 tio
115 3498 281 3554 castrorum
297 3493 408 3555 aditum
421 3492 636 3574 prohibebant,
650 3503 718 3558 tum
732 3493 817 3576 quod
828 3491 1037 3573 adproebum
