2356 3870
329 213 429 270 colui.
447 212 499 270 Vll.
520 213 590 270 CAP.
607 212 662 269 lilll
672 214 784 272 -llVll
990 217 1050 278 13³

92 372 281 439 Deliberatur
296 375 333 437 de
347 377 468 437 Auarico
483 378 514 437 in
530 379 680 438 communi
695 377 836 446 concillo,
859 378 978 439 incendi
992 378 1056 458 pla·
1071 387 1086 436 a

90 471 176 523 ceret
189 475 235 522 ‘an
258 459 387 521 defendi.
422 460 627 522 Procumbunt
648 461 785 521 omriibus
800 461 891 522 Gallis
912 461 948 522 ud
963 462 1056 541 pedes
1071 473 1087 519 a

91 546 259 622 Bituriges,
282 541 566 626 nepulcherrimam
581 563 675 624 prope
690 546 781 605 totius
803 545 913 606 Galbae
939 546 1054 618 urbem,

95 645 169 704 quae
180 627 329 708 praesidio
341 635 372 688 et
382 636 557 689 ornamento
572 630 612 689 sit
625 630 742 698 civitati,
759 631 820 690 suis
835 628 972 690 manibus
987 649 1054 692 suc·

94 712 223 773 uendere
244 708 437 790 cogerentur;
460 712 546 773 facile
566 731 599 773 se
615 711 672 772 locf
693 719 799 773 natura
820 714 997 775 defensuros
1009 715 1084 775 di·5

93 795 180 866 cunt,
200 795 289 873 quod,
305 813 399 875 prope
412 813 448 856 ex
465 795 602 856 omnibus
625 795 760 876 partibus
772 797 895 859 flumine
908 805 937 858 et
947 797 1055 878 palude

93 878 286 950 circumdata,
302 897 395 940 unum
410 877 518 940 babeat
533 886 563 940 et
576 887 790 959 perangustum
811 882 931 942 aditum.
963 882 1086 946 uaturo

95 963 265 1044 petentibus
280 965 380 1032 uenia,
397 962 588 1025 dissuadente
602 966 699 1042 primo
715 965 970 1042 Vercingetorige,
986 974 1056 1044 post

80 1047 276 1108 ‘concedente
288 1056 318 1107 et
328 1046 467 1125 precibus
478 1049 612 1126 ipsorum
623 1055 653 1109 et
663 1049 865 1111 misericordia
880 1046 967 1126 vulgi.
998 1049 1055 1110 lle-

92 1132 231 1192 fensores
245 1131 355 1210 oppido
370 1131 468 1190 idonei
483 1131 664 1208 deliguntur.

157 1215 230 1276 xvi.
275 1216 499 1292 Vercingetorix
525 1215 690 1275 minoribus
717 1215 873 1276 Caesarem
898 1217 1084 1278 itineribust

93 1298 287 1375 subsequitur
309 1305 338 1358 et
360 1297 459 1358 locum
487 1300 591 1359 castris
612 1299 714 1376 deligit
738 1298 896 1378 paludibus
917 1300 1057 1377 silvisque

93 1384 242 1444 munitum
267 1381 304 1442 ab
318 1384 441 1443 Ararim
469 1381 558 1460 longe
579 1383 659 1444 milia
674 1401 816 1462 passuum
831 1403 893 1445 xvr.
944 1384 988 1445 lbi
1002 1403 1056 1464 per
1071 1394 1086 1441 a

96 1475 196 1526 certos
213 1465 416 1545 exploratores
430 1467 462 1526 in
477 1465 592 1544 singula
607 1467 666 1527 diei
681 1475 825 1545 tempora,
842 1484 918 1543 quae
933 1468 969 1527 ad
984 1470 1056 1529 ilva·
1118 1525 1120 1529 ,

94 1552 191 1611 ricum
203 1558 371 1628 agerentur,
389 1549 586 1626 cognoscebat
601 1558 639 1619 et,
656 1550 727 1627 quid
739 1551 804 1611 fieri
814 1550 912 1619 vellet,
928 1553 1055 1630 impera·

94 1633 154 1694 bat.
194 1632 298 1695 Omnis
316 1640 434 1694 nostras
448 1632 654 1713 pabulationes
675 1635 982 1711 frumentationesque
1003 1635 1086 1696 oba
1170 1659 1172 1665 ’

94 1717 232 1780 servabat
253 1716 478 1794 dispersosque,
500 1718 707 1796 cumlongius
728 1718 897 1778 necessario
912 1719 1055 1795 procede·

94 1808 177 1870 rent,
202 1800 391 1861 adoriebatur
410 1817 577 1879 magnoque
596 1801 786 1863 incommodo
804 1800 966 1870 adiiciebat,
990 1805 1054 1870 etsi,

95 1892 239 1962 quamum
264 1885 379 1945 ratione
403 1885 553 1963 provideri
578 1893 710 1964 poterat,
744 1884 780 1944 ab
810 1885 920 1962 nostris
951 1903 1054 1947 occur·

94 1968 232 2037 rebatur,
268 1976 300 2030 ut
328 1970 450 2028 incertis
475 1969 658 2047 temporibus
688 1968 870 2045 diversisque
901 1969 1056 2030 itineribus

93 2053 199 2113 iretur.
1061 2111 1064 2115 .

158 2135 247 2196 xvii.
281 2136 391 2198 Castris
412 2135 448 2196 ad
470 2143 671 2214 campartem
693 2137 794 2214 oppidi
814 2134 918 2214 positis
941 2136 1055 2208 Caesar,
1073 2143 1085 2196 t

95 2236 172 2297 quae
186 2221 356 2281 intermissa
371 2239 387 2280 a
401 2219 524 2280 flumine
539 2228 568 2279 et
582 2218 767 2298 apaludibus
782 2221 901 2289 aditum,
919 2228 951 2280 ut
966 2239 1055 2299 supra

95 2303 239 2372 diximus,
266 2311 424 2382 angustum
443 2303 585 2372 babebat,
607 2320 745 2381 aggerem
766 2321 925 2382 apparare,
956 2306 1056 2365 uineas

95 2404 193 2465 agere,
210 2394 310 2449 turres
324 2388 397 2448 duas
413 2389 593 2448 constituere
614 2389 727 2464 coepit;
750 2404 818 2446 nam
834 2387 1056 2450 circumvallare

94 2469 153 2531 loci
172 2477 279 2531 natura
297 2470 483 2549 prohibebat.
520 2470 563 2531 lle
584 2488 617 2530 re
640 2471 834 2531 frumentaria
855 2471 943 2531 boios
967 2477 1086 2548 atquea

94 2554 213 2616 Aeduos
228 2553 379 2615 adhortari
393 2572 453 2615 non
469 2554 596 2622 destitit:
619 2571 747 2632 quorum
762 2554 862 2621 alteri,
880 2553 958 2630 quod
973 2554 1055 2615 nullo

95 2637 193 2698 studio
209 2637 342 2715 agebant,
359 2657 420 2699 non
434 2637 560 2699 multum
570 2638 753 2707 adiuuabant,
770 2638 855 2698 alteri
866 2656 927 2698 non
942 2642 1055 2716 magnis

95 2720 295 2791 securitatibus,
311 2723 392 2799 quod
406 2723 509 2783 civitas
523 2729 586 2782 erat
601 2724 706 2800 exigua
722 2730 752 2781 ct
765 2722 889 2790 infirma,
907 2720 1053 2792 celeriter,

95 2805 176 2881 quod
189 2804 374 2876 babuerunt,
391 2813 649 2885 consumpserunt.
681 2805 801 2866 Summa
823 2804 995 2865 dificultate
1012 2808 1086 2867 reit

95 2889 307 2949 frumentariae
326 2890 442 2951 adfecto
463 2891 597 2951 exercitu
617 2893 760 2950 tenuitate
779 2888 934 2957 boiorum,
957 2888 1054 2949 indili-

94 2973 194 3050 gentio
200 2973 380 3043 Aeduorum,
391 2974 538 3034 incendiis
549 2973 761 3042 aedificiorum,
775 2989 870 3049 usque
881 2990 926 3043 eo,
940 2980 974 3033 ut
985 2992 1055 3035 oon·

93 3055 199 3135 plures
218 3056 282 3117 dies
301 3059 452 3118 frumento
473 3057 581 3117 milites
603 3059 754 3118 caruerint
770 3064 799 3117 et
813 3074 922 3135 pecore
939 3075 975 3117 ex
990 3057 1054 3118 lon·

94 3139 302 3217 ginquioribus
317 3142 388 3201 vicis
408 3140 511 3202 adacto
533 3148 694 3203 extremam
714 3142 822 3200 famem
843 3148 1054 3211 sustentarent,

94 3223 176 3284 nulla
191 3230 290 3284 umen
305 3242 361 3284 vox
377 3231 422 3285 est
433 3224 469 3285 ab
484 3226 521 3285 iis
535 3224 632 3286 audita
647 3224 750 3304 populi
764 3225 890 3286 Romani
903 3227 1056 3286 maiestate

96 3313 125 3368 et
140 3307 347 3387 superioribus
362 3310 493 3370 victoriis
508 3309 636 3386 indigna.
669 3309 747 3381 Quin
763 3310 850 3370 etiarn
866 3309 973 3371 Caesar
989 3320 1084 3369 cumo

94 3391 125 3452 ln
136 3409 229 3472 opere
240 3392 372 3470 singulas
384 3392 517 3470 legiones
524 3392 731 3472 appellaretct,
745 3395 770 3454 si
779 3393 915 3455 acerbius
926 3394 1056 3470 inopiam

94 3477 218 3547 ferrent,
232 3494 265 3538 se
276 3477 469 3540 dinussurum
481 3479 730 3558 oppugnationem
744 3477 864 3549 diceret,
878 3477 1008 3537 universi
1020 3474 1056 3536 ab
