2356 3870
130 203 171 267 38
450 200 490 256 DE
505 199 609 256 tutte
625 197 764 254 dictito

130 367 255 427 Nervios
275 364 445 425 consedisse
469 364 686 438 adventumque
710 360 752 420 ibi
771 359 973 421 Romanorum
998 376 1087 437 expe-

129 459 211 510 ctare
225 466 284 508 una
299 466 367 508 cum
381 447 528 508 Atrebatis
543 456 573 506 et
586 444 808 514 VIromanduis,
823 443 955 503 finitimis
970 444 1032 502 suis
1050 475 1084 484 -

129 551 198 593 nam
212 531 258 592 his
272 533 407 608 utrisque
421 538 640 610 persuaserant,
657 529 700 589 uti
715 526 839 588 eandem
853 525 924 587 belli
937 527 1088 586 fortunam

97 622 115 673 8
129 617 338 694 experirentur
355 632 408 682 —;
425 615 576 693 expectari
591 615 678 673 etiam
693 610 730 671 ab
744 610 791 671 bis
802 609 1023 671 Aduatucorum
1038 627 1087 670 co·

97 701 191 778 tpias
206 708 295 775 atque
311 716 376 759 esse
390 701 422 758 in
436 700 558 758 itinere:
580 697 739 765 mulieres,
762 697 872 772 quique
892 712 947 773 per
962 701 1090 754 aetatem

129 783 167 843 ad
181 799 311 862 pugnam
324 781 445 843 inutiles
459 781 646 851 viderentur,
666 782 699 839 in
715 796 784 839 eum
798 777 898 838 locum
912 778 1087 846 coniecisse,

131 882 189 943 quo
204 876 330 945 propter
344 866 466 945 paludes
482 865 626 926 exercitui
640 862 735 924 aditus
749 879 809 923 non
825 869 912 923 esset.

98 956 113 1006 t
191 949 278 1010 XVII.
302 949 355 1010 ills
369 949 460 1010 rebus
475 950 601 1026 cognitis
622 945 824 1026 exploratores
839 947 1089 1022 centurionesque

99 1040 116 1088 2
129 1035 307 1112 praemittit,
330 1035 381 1110 qui
393 1033 493 1093 locum
506 1032 647 1092 idoneum
662 1031 766 1090 castris
787 1028 924 1108 deligant.
963 1028 1038 1090 Cum
1053 1046 1088 1089 ex

130 1116 275 1177 dediticiis
286 1115 384 1195 Belgis
398 1117 580 1194 reliquisque
595 1113 686 1175 Gallis
701 1112 860 1192 conplures
872 1113 1027 1175 Caesarem
1041 1129 1085 1173 se·

130 1202 191 1261 cuti
205 1219 263 1260 una
277 1202 335 1260 iter
350 1201 496 1270 lacerent,
520 1200 639 1278 quidam
654 1216 690 1259 ex
705 1197 761 1267 bis,
778 1205 812 1258 ut
824 1206 929 1277 postea
945 1215 981 1257 ex
996 1198 1084 1275 capti·

129 1285 172 1344 vis
187 1285 338 1362 cognitum
353 1293 407 1353 est,
424 1302 529 1345 eorum
543 1283 660 1343 dierum
675 1282 891 1344 consuetudine
904 1282 1020 1341 itineris
1034 1298 1088 1340 no·

129 1370 185 1428 stri
205 1369 354 1427 exercitus
373 1376 546 1446 perspecta,
573 1374 661 1427 nocte
685 1366 723 1426 ad
741 1366 864 1427 Nervios
888 1374 1091 1445 pervenerunt

129 1460 218 1528 atque
233 1451 280 1511 his
295 1451 555 1520 demonstrarunt,
576 1451 656 1511 inter
675 1449 806 1528 siugulas
825 1449 959 1528 legiones
973 1448 1088 1528 inpedi-

129 1543 300 1595 mentorum
319 1550 460 1612 maguum
484 1552 645 1595 numerum
669 1533 871 1603 intercedere,
898 1549 996 1610 neque
1024 1551 1091 1594 esse

130 1620 289 1695 quicquam
304 1620 424 1696 negotii,
440 1637 508 1679 oum
519 1620 615 1697 prima
630 1617 706 1695 legio
721 1618 752 1677 in
765 1624 861 1678 castra
875 1618 1005 1678 venisset
1018 1615 1089 1678 reli·

130 1717 265 1779 quaeque
276 1701 409 1781 legiones
419 1721 559 1846 mapnum
571 1703 699 1781 spatium
710 1700 858 1772 abessent,
870 1700 947 1762 banc
958 1700 1014 1762 sub
1025 1719 1088 1762 sar·

97 1795 116 1846 a
130 1787 203 1846 cinIs
219 1785 343 1854 adoriri;
361 1803 419 1864 qua
430 1805 472 1866 pu
484 1805 516 1848 sa
529 1785 799 1865 inpedimentisque
810 1784 934 1864 direptis
943 1783 1088 1854 futurum,

97 1879 115 1927 4
129 1877 162 1929 ut
176 1869 309 1947 reliquae
323 1878 427 1932 contra
442 1872 605 1931 consistere
619 1887 681 1931 nou
692 1868 844 1930 auderent
867 1868 1030 1931 Adiuvabat
1044 1877 1084 1930 et⁴

129 1954 189 2014 iam
210 1972 313 2015 eorum
334 1954 504 2024 consilium,
527 1956 579 2031 qui
599 1971 665 2015 rem
684 1951 873 2022 deferebant,
895 1952 975 2030 quod
989 1952 1088 2016 Nervii

129 2039 306 2114 antiquitus,
324 2056 392 2099 oum
406 2039 540 2116 equitatu
554 2036 627 2098 nihiI
640 2044 764 2117 possent
787 2070 822 2081 -
846 2052 943 2113 neque
959 2038 1038 2099 enim
1051 2036 1087 2099 ad

85 2164 88 2171 .
128 2118 186 2180 hoc
201 2128 320 2199 tempus
335 2123 363 2182 ei
376 2123 422 2182 rel
435 2121 571 2192 student,
587 2121 655 2193 sed,
678 2120 818 2200 quicquid
831 2128 974 2202 possunt,
996 2121 1087 2200 pede·

129 2204 240 2265 stribus
255 2204 353 2265 valent
367 2207 460 2284 copiis
477 2239 531 2276 -,
553 2223 612 2284 quo
634 2204 749 2267 lacIlius
763 2207 956 2269 finitimorum
972 2209 1092 2285 equita*

129 2297 207 2358 tum,
224 2289 249 2349 si
263 2288 426 2366 praedandi
440 2307 528 2351 causa
542 2289 579 2351 ad
594 2309 646 2352 eos
661 2293 826 2360 venissent,
843 2291 1026 2370 inpedirent,
1042 2301 1086 2353 te·

129 2373 211 2433 neris
225 2371 383 2434 arboribus
397 2374 500 2436 incisis
514 2381 602 2451 atque
618 2372 751 2455 [Iulianis
766 2373 953 2455 crebrisque]
976 2377 1007 2437 in
1022 2375 1087 2436 Iati-

128 2455 261 2516 tudinem
275 2458 366 2518 ramis
381 2460 474 2520 euatIs
490 2464 520 2518 et
533 2456 617 2520 rubis
631 2458 824 2535 sentibusque
837 2460 1002 2521 interiectis
1016 2460 1086 2520 elie·

129 2548 240 2609 cerant,
257 2547 291 2601 ut
304 2542 398 2602 Instar
412 2543 491 2603 muri
504 2540 560 2603 bae
574 2559 661 2621 sepes
670 2543 886 2605 munimentum
895 2543 1086 2622 praeberent,

128 2640 187 2701 quo
201 2641 262 2684 uon
276 2623 364 2685 modo
381 2623 472 2706 [uon]
487 2627 603 2697 intrari,
619 2625 673 2687 sed
687 2644 725 2687 ne
738 2627 868 2706 perspici
883 2627 1003 2705 quidem
1017 2645 1086 2705 pos-

95 2713 180 2768 tset
217 2707 270 2768 His
284 2707 376 2770 rebus
390 2727 457 2770 cum
473 2710 530 2770 iter
544 2711 670 2788 agminis
689 2711 785 2772 nostri
803 2711 1004 2791 inpediretur,
1026 2729 1086 2772 uon

128 2791 324 2853 omittendum
339 2791 395 2853 sibi
410 2793 567 2855 consilium
580 2793 681 2855 Nervii
695 2796 943 2856 existimaverunt

95 2882 110 2932 t
188 2874 291 2937 XVIII.
315 2875 386 2938 Loci
400 2878 506 2938 uatuia
522 2883 586 2939 erat
600 2876 688 2948 haec,
709 2894 798 2955 quem
812 2878 912 2940 locum
927 2882 1022 2940 nostri
1038 2898 1085 2940 ca·

127 2960 197 3019 stris
212 2957 392 3038 delegerant.
431 2961 521 3024 Collis
541 2961 577 3022 ab
598 2979 715 3023 summo
736 2962 898 3039 aequaliter
914 2963 1034 3024 declivis
1048 2963 1086 3023 ad

93 3041 237 3102 onumen
252 3041 361 3113 Sabim,
379 3045 458 3122 quod
472 3064 563 3125 supra
577 3046 800 3115 nominavimus,
818 3047 965 3124 rer-gebat.
990 3046 1033 3108 db
1049 3065 1085 3106 eo

125 3123 249 3186 Ilumine
262 3128 328 3204 pari
348 3127 512 3191 adclivitate
527 3128 610 3191 collis
625 3127 801 3190 nascebatur
816 3131 956 3192 adversus
970 3131 1040 3191 huic
1056 3140 1085 3190 et

126 3210 307 3280 contrarius,
329 3229 434 3290 passus
454 3214 572 3274 clrciter
593 3213 736 3275 ducentos
755 3213 874 3276 iniimus
888 3224 1024 3293 apertus,
1046 3213 1083 3274 ab

126 3294 282 3372 superiore
295 3304 381 3373 parte
397 3295 553 3366 silvestris,
571 3306 603 3358 ut
617 3315 678 3358 non
693 3295 778 3356 facile
791 3298 940 3360 Introrsus
954 3299 1084 3378 perspici

93 3384 235 3456 aposset.
273 3377 351 3440 Intra
374 3399 423 3441 eas
444 3379 530 3442 silvas
551 3380 652 3443 hostes
672 3381 703 3441 in
724 3381 840 3447 occulto
860 3401 927 3445 sese
949 3385 1082 3444 contine·

126 3459 211 3530 bant;
233 3463 264 3523 in
285 3470 387 3544 aperto
408 3463 473 3525 Ioco
495 3465 658 3527 secundum
679 3464 790 3526 flumen
808 3484 921 3546 paucae
940 3469 1082 3528 stationes
