2356 3870
153 192 214 264 100
233 189 234 192 ‘
425 207 573 262 eunoun
593 207 843 262 erseunneusu.

152 365 249 417 castra
271 355 395 434 Pompei
422 373 459 415 ex
487 355 597 434 oppido
625 356 794 434 portabant.
838 355 883 417 Er
910 357 959 418 bis
987 361 1071 437 capti
1097 371 1119 418 L

114 449 222 502 noum
250 442 393 500 iumentis
414 440 451 500 ad
479 449 581 501 nostra
608 440 730 501 adducti
756 446 829 500 sunt
850 447 959 502 castra.
1003 441 1119 504 Eodem

153 523 201 584 die
223 523 257 595 Q.
280 523 439 593 Marcius,
456 523 598 586 tribunus
620 524 750 585 militum
772 526 824 602 qui
852 525 960 585 luisset
982 525 1118 606 Pompei,

152 607 190 671 ad
216 625 271 667 nos
298 609 474 685 transiugit;
515 616 545 669 et
572 611 671 669 noctis
697 609 787 669 tertia
813 609 915 686 vigilia
945 611 978 669 in
1007 611 1119 690 oppido

152 693 301 758 acerrime
328 701 493 770 pugnatum
521 699 582 761 cst,
616 696 775 770 ignemque
803 693 930 753 multum
959 696 1117 764 miserunt,

152 778 232 837 sicut
259 794 347 837 omne
375 793 469 854 genus
499 779 579 854 ignis
609 795 664 855 per
691 779 788 837 iactus
813 776 919 837 solitus
948 785 993 837 est
1025 780 1117 844 mitti,

115 861 216 921 3Hoc
249 863 414 939 praeterito
447 868 582 939 tempore
605 861 696 922 Gaius
718 860 906 930 Fundanius,
940 880 1033 940 eques
1057 863 1117 923 Ro·

151 963 273 1014 manus,
297 963 334 1006 ex
357 946 465 1006 castris
487 945 727 1006 adversariorum
750 945 786 1004 ad
808 963 864 1005 nos
886 946 1031 1022 confugit.

117 1037 130 1086 t
204 1028 281 1088 ΧΗ.
325 1029 449 1089 Postero
473 1029 522 1090 die
545 1047 583 1088 ex
604 1028 724 1107 legione
740 1028 901 1090 vernacula
916 1028 1029 1092 milites
1044 1038 1118 1092 sunt

153 1115 232 1192 capti
254 1112 291 1173 ab
315 1111 467 1190 equitibus
488 1115 601 1174 nostris
623 1126 667 1181 11,
690 1115 741 1191 qui
765 1112 921 1181 dixerunt,
953 1132 985 1174 se
1015 1132 1119 1175 servos

115 1205 230 1257 nesse.
282 1197 352 1256 Com
386 1199 539 1277 venirent,
575 1198 688 1275 cogniti
721 1205 789 1258 sunt
822 1215 839 1257 e
865 1197 1029 1267 militibus,
1065 1201 1119 1278 qui

153 1287 240 1341 antea
262 1298 331 1340 cum
352 1279 444 1340 Fabio
467 1288 496 1340 et
518 1280 611 1340 Pedio
633 1282 754 1341 luerunt
776 1287 808 1340 et
828 1280 980 1342 Trebonio
1004 1280 1117 1360 [trans-

153 1361 319 1442 fugerant]
363 1363 415 1424 Eis
429 1363 466 1424 ad
489 1364 704 1441 ignoscendum
720 1365 802 1425 nulla
824 1365 952 1426 incultas
974 1374 1020 1425 est
1037 1365 1117 1435 data,

116 1454 185 1508 tet
207 1466 224 1508 a
246 1446 394 1515 militibus
421 1450 533 1509 nostris
560 1449 713 1508 interlecti
744 1456 841 1509 sunt.¹
867 1449 948 1510 ldem
971 1455 1120 1529 temporis

154 1532 233 1611 capti
262 1530 427 1601 tabellarii,
460 1534 513 1610 qui
545 1551 562 1593 a
590 1530 726 1592 Corduba
759 1532 796 1593 ad
825 1533 1001 1611 Pompeium
1032 1536 1117 1596 missi

154 1624 240 1676 erant
261 1634 479 1695 perperamque
494 1617 531 1676 ad
554 1623 656 1677 nostra
671 1624 770 1677 castra
793 1624 1005 1694 pervenerant,
1029 1637 1118 1697 prae·

116 1703 226 1761 tcisis
247 1700 386 1761 manibus
408 1703 493 1762 missi
515 1709 585 1760 sunt
612 1702 695 1760 lacti.
739 1701 808 1760 Peri
832 1701 1050 1763 cousuetudine
1074 1706 1118 1763 vi·

154 1784 225 1863 gilia
258 1785 388 1846 secunda
422 1804 456 1845 ex
491 1784 601 1863 oppido
633 1787 733 1861 ignem
766 1784 894 1845 multum
926 1785 1118 1865 telorumque

153 1869 377 1930 multitudinem
400 1868 537 1929 iactando
572 1868 647 1928 bene
670 1885 810 1944 magnum
832 1876 952 1946 tempus
977 1888 1118 1931 consum·

116 1962 132 2009 o
156 1961 279 2032 pserunt
301 1954 529 2032 compluresque
545 1950 719 2012 vulneribus
731 1951 916 2013 adiecerunt.
950 1952 1119 2015 Praeterito

154 2047 290 2115 tempore
318 2040 416 2096 noctis
447 2038 636 2114 eruptionem
664 2036 700 2095 ad
730 2036 881 2114 legionem
902 2048 948 2096 vi.
968 2039 1118 2108 lecerunt,

155 2139 222 2181 cum
246 2123 383 2198 inopere
407 2123 502 2181 nostri
517 2120 641 2180 distenti
656 2127 771 2188 essent,
795 2123 964 2199 acriterque
980 2139 1118 2199 pugnare

155 2214 333 2282 coeperuut;
357 2222 485 2282 quorum
507 2206 552 2263 vis
576 2221 714 2281 repressa
742 2223 759 2264 a
787 2207 913 2273 nostris,
943 2207 1001 2266 etsi
1032 2209 1118 2285 oppi-

119 2288 225 2349 odani
254 2290 409 2366 superiore
438 2288 505 2348 loco
535 2287 783 2348 defendebantur.
827 2288 864 2348 lli
893 2307 962 2349 cum
984 2293 1119 2368 eruptio·

155 2391 224 2434 nem
246 2375 346 2434 iacere
369 2375 553 2450 coepissent,
582 2379 682 2432 tamen
704 2374 814 2431 virtute
841 2372 971 2433 militum
999 2382 1118 2435 nostro·

157 2476 238 2526 rum,
268 2455 349 2536 [qui]
379 2460 436 2517 etsi
459 2459 604 2517 inferiore
627 2456 694 2517 loco
721 2455 953 2534 premebantur,
985 2455 1117 2538 [tamen]

157 2542 270 2620 repulsi
299 2542 462 2602 adversarii
496 2541 572 2601 bene
605 2540 708 2600 multis
737 2539 913 2601 vulneribus
944 2541 1055 2602 adlecti
1087 2545 1120 2604 in

158 2625 302 2703 oppidum
324 2643 355 2685 se
379 2624 580 2685 contulerunt.

122 2717 135 2766 1
222 2707 299 2769 XIII.
343 2707 467 2769 Postero
495 2709 544 2769 die
572 2709 732 2787 Pompeius
759 2727 794 2768 ex
822 2711 935 2770 castris¹
957 2712 1020 2771 suis
1049 2708 1119 2771 bra·

158 2795 260 2856 chium
282 2795 393 2866 ducere
415 2796 515 2871 coepit
537 2793 573 2853 ad
595 2793 706 2854 llumen
721 2792 855 2862 Salsum;
879 2801 910 2853 et
932 2812 1001 2854 cum
1023 2797 1120 2856 nostri

159 2882 275 2957 equites
297 2881 385 2958 pauci
413 2880 443 2938 in
471 2879 600 2938 statione
627 2878 756 2938 luissent
783 2896 800 2937 a
827 2877 967 2955 pluribus
994 2881 1120 2956 reperti,

121 2972 137 3021 2
160 2964 196 3024 de
219 2966 347 3024 statione
370 2969 440 3023 sunt
461 2961 571 3022 deiecti
594 2968 623 3021 et
646 2962 739 3022 occisi
766 2968 836 3022 tres.
881 2961 924 3022 Eo
952 2962 1001 3022 die
1028 2963 1122 3023 Aulus

160 3047 294 3126 Valgius,
318 3048 465 3108 senatoris
487 3045 581 3115 lilius,
610 3047 697 3106 cuins
726 3047 820 3107 irater
849 3048 881 3105 in
905 3048 1011 3108 castris
1033 3047 1120 3107 Pom·

160 3136 210 3210 pei
233 3133 353 3200 luisset,
382 3129 523 3192 omuibus
551 3131 614 3190 suis
642 3129 736 3190 rebus
762 3130 879 3191 relictis
907 3149 1017 3209 equum
1050 3149 1123 3201 con:

123 3226 139 3274 3
162 3216 280 3277 scendit
301 3223 330 3277 et
353 3216 438 3293 fugit.
482 3214 657 3293 speculator
680 3214 716 3275 de
745 3214 865 3292 legione
887 3227 923 3275 11.
941 3215 1122 3292 Pompeiana

162 3309 266 3378 captus
288 3319 304 3361 a
326 3298 474 3360 militibus
496 3306 525 3359 et
548 3300 727 3360 interiectus
749 3308 809 3367 est;
839 3299 978 3378 idemque
1005 3308 1123 3380 tempo·

161 3388 204 3446 ris
226 3385 310 3463 glans
332 3385 422 3445 missa
445 3390 491 3443 est
512 3384 672 3461 inscripta:
696 3401 755 3461 quo
779 3383 827 3443 die
850 3382 886 3444 ad
909 3382 1052 3463 oppidum
1074 3404 1123 3446 ca-

120 3468 304 3550 lpiendum
327 3466 520 3539 accederent,
549 3485 581 3529 se
608 3473 726 3528 scutum
748 3485 814 3529 esse
836 3469 1015 3547 positurum.
1061 3470 1125 3541 Qua
