2356 3870
180 225 220 289 18
433 229 580 284 BELLUM
593 227 896 284 ALEXANDRINUM.

141 380 233 439 adit.
277 379 357 440 llaec
380 397 448 439 cum
471 386 502 439 et
524 397 615 457 opere
637 396 745 457 magno
768 378 875 438 vallata
897 385 927 439 et
950 376 1011 438 loci
1033 387 1141 439 natura

180 465 294 524 munita
310 462 560 523 animadverteret
582 465 809 541 confertamque
832 469 1017 522 armatorum
1038 460 1138 522 mralti·

179 547 316 617 tudinem
339 547 515 608 collocatam
539 548 570 607 in
594 547 669 607 vallo
694 546 826 616 videret,
855 546 949 606 lassos
972 546 1086 607 itinere
1108 564 1139 605 ac

180 631 355 710 proeliando
391 631 503 691 milites
536 631 573 691 ad
597 630 809 709 ,oppugnanda
846 637 944 691 castra
976 629 1140 691 succedere

180 716 285 775 noluit.
329 715 433 794 ltaque
457 733 516 775 non
537 731 645 792 magno
668 714 825 775 intervallo
853 714 959 775 relicto
988 714 1026 774 ab
1058 714 1141 775 hoste

144 803 276 860 icastra
299 802 407 878 posuit.
452 799 577 860 Postero
599 799 649 859 die
672 798 840 867 castellum,
863 797 1008 877 qnodrex
1023 799 1059 857 in
1073 814 1141 874 pro·
1170 804 1173 811 '

178 887 258 944 xirno
286 886 352 945 vico
375 902 435 944 non
457 883 545 961 longe
567 902 584 943 a
606 885 670 944 suis
692 885 799 943 castris
820 884 971 943 munierat
993 881 1139 943 brachiis·

178 987 235 1047 que
267 986 335 1028 cum
363 985 454 1046 opere
483 976 650 1028 castrorum
677 969 875 1028 coniunxerat
902 968 962 1026 vici
985 964 1140 1028 obtinendi

178 1070 282 1119 causa,
309 1052 416 1113 Caesar
439 1051 598 1129 adgressus
621 1051 762 1112 omnibus
784 1052 882 1130 copiis
897 1058 1061 1128 expugnat,
1084 1067 1139 1110 noo

178 1154 236 1214 quo
251 1135 281 1194 id
302 1138 420 1196 minore
443 1155 569 1196 numero
592 1136 722 1197 militum
745 1138 890 1214 consequi
912 1134 1039 1195 difficile
1063 1135 1140 1196 iactu

177 1227 313 1298 putaret,
336 1219 389 1279 sed
411 1229 444 1281 ut
467 1220 504 1280 ab
527 1240 562 1281 ea
583 1222 710 1280 victoria
738 1221 910 1296 perterritis
931 1218 1141 1279 Alexandrinis

140 1305 316 1381 dprotinus
344 1310 440 1362 castra
468 1306 550 1380 regis
582 1311 779 1381 oppugnaret.
833 1302 936 1380 ltaque
969 1320 1005 1362 eo
1040 1318 1140 1370 cursu,

178 1405 236 1465 qno
258 1388 445 1462 refugientes
455 1385 672 1447 Alexandrinos
695 1403 731 1445 ex
753 1385 876 1446 castello
898 1387 930 1444 in
952 1392 1054 1444 castra
1074 1392 1139 1446 sunt

127 1534 130 1539 ,
177 1468 289 1530 milites
311 1471 451 1538 insecuti,
473 1468 694 1530 munitionibus
707 1477 917 1531 successerunt
932 1471 1140 1548 acerrimeque

140 1558 157 1609 5
178 1556 297 1615 eminus
320 1553 464 1632 proeliari
488 1561 661 1632 coeperunt.
705 1553 829 1614 Duabus
851 1552 1051 1632 expertibus
1079 1552 1138 1613 adi·

176 1648 226 1700 tus
248 1640 480 1716 oppugnationis
502 1640 615 1698 nostris
637 1636 780 1699 dabatur:
803 1656 873 1708 urna,
896 1655 986 1717 quiam
1007 1637 1137 1699 liberum

178 1740 332 1784 accessum
355 1721 466 1782 babere
495 1721 712 1792 demonstravi,
742 1722 854 1792 altera,
883 1740 959 1801 quiae
987 1720 1138 1783 mediocre

141 1812 157 1860 6
178 1807 369 1867 intervallum
393 1808 472 1867 inter
494 1814 592 1867 castra
615 1814 646 1867 et
659 1806 771 1868 flumen
786 1806 888 1867 Nilum
903 1805 1043 1866 babebat.
1081 1806 1138 1867 bla-

176 1893 255 1951 xima
278 1900 309 1951 et
329 1891 510 1951 electissima
531 1890 692 1951 multitudo
707 1889 976 1951 Alexandrinorum
999 1889 1136 1951 deiende·

177 1976 318 2035 baleam
345 1983 476 2051 partem,
514 1992 589 2054 quae
629 1974 808 2035 facillimum
844 1974 959 2034 aditum
991 1973 1136 2042 babebat;

176 2059 341 2138 plurimum
374 2057 574 2137 proficiebant
606 2061 638 2119 in
670 2058 854 2135 repellendis
887 2057 1137 2137 vulnerandisque

177 2143 306 2211 nostris,
329 2143 382 2221 qui
403 2144 527 2220 regione
549 2144 682 2204 litaminis
696 2142 757 2203 Nili
772 2141 1016 2222 propugnabant:
1042 2143 1136 2205 diver·

177 2229 219 2286 sis
242 2228 324 2287 enim
345 2226 415 2287 telis
437 2230 533 2288 nostri
555 2227 739 2304 figebantur,
768 2227 885 2288 adversi
917 2243 952 2288 ex
985 2225 1062 2288 vallo
1091 2244 1135 2288 ca·

178 2320 326 2379 strorum,
361 2313 457 2372 aversi
485 2329 522 2371 ex
543 2312 682 2380 ssiunine,
710 2314 742 2371 in
763 2330 823 2390 quo
844 2311 957 2372 multae
979 2329 1073 2373 naves
1093 2313 1135 2371 in·

178 2404 311 2455 structae
327 2395 532 2456 funditoribus
555 2403 585 2456 et
607 2398 771 2474 sagittariis
786 2402 905 2456 nostros
921 2394 1135 2474 inpugnabant.

141 2495 155 2542 1
239 2479 343 2540 XXXI.
389 2480 497 2541 Caesar
519 2499 589 2541 carm
609 2480 744 2549 rideret,
767 2480 882 2540 milites
904 2481 1006 2540 acrius
1027 2479 1135 2559 proeli·

176 2566 221 2622 ari
244 2581 305 2623 non
327 2581 424 2641 posse,
446 2583 502 2625 nec
523 2572 623 2624 tamen
645 2564 774 2625 multum
795 2565 903 2643 protici
918 2571 1044 2643 propter
1059 2563 1134 2625 loco·
1173 2578 1175 2649 g

175 2665 243 2707 rum
266 2646 489 2716 difficultatem,
513 2666 641 2726 cumque
664 2650 797 2710 animum
820 2647 1006 2717 adverteret,
1039 2646 1134 2709 excel·
1173 2676 1175 2733 3

176 2733 327 2792 sissimaun
356 2732 456 2793 locum
486 2740 652 2794 castrorum
680 2732 822 2792 relictum
851 2750 916 2792 esse
946 2732 983 2792 ab
1011 2732 1134 2794 Alexan·
1173 2748 1175 2791 l

176 2816 281 2885 drinis,
305 2814 384 2894 quod
407 2824 437 2877 et
458 2834 513 2893 per
532 2835 563 2877 se
585 2819 720 2878 munitus
742 2824 831 2884 esset,
855 2825 886 2876 et
907 2815 1007 2876 studio
1030 2818 1134 2896 partim

174 2899 327 2978 pugnandi
355 2903 464 2978 partim
493 2901 647 2981 spectandi
676 2903 920 2962 decucurrissent
948 2902 979 2959 in
1002 2918 1074 2962 eum
1093 2900 1133 2961 lo·
1173 2876 1175 2939 l

175 3003 259 3052 caran,
283 2985 397 3063 inquo
420 2984 623 3064 pugnabatur,
653 2987 793 3046 cohortes
821 2985 874 3045 illo
901 2987 1068 3046 circumire
1090 3000 1134 3045 ca·
1173 2990 1175 2995 '

175 3078 235 3127 stra
264 3076 294 3127 et
322 3086 471 3131 summum
493 3070 591 3130 locum
614 3069 738 3147 adgredi
761 3072 850 3130 iussit
876 3070 974 3148 iisque
1003 3068 1131 3131 Carlulo

175 3170 245 3212 ratim
268 3153 430 3229 praefecit,
466 3160 497 3213 et
525 3156 618 3213 animi
646 3154 853 3231 magnitudine
876 3161 905 3214 et
927 3156 974 3214 rei
996 3152 1133 3215 militaris
1173 3222 1175 3233 Ι

136 3250 153 3297 ‘2
175 3237 302 3296 scientia
317 3239 416 3298 urum
430 3244 641 3316 praestantem.
686 3240 750 3310 Qaro
766 3246 935 3299 otrentum
952 3246 1010 3306 est,
1034 3237 1134 3318 paucis
1173 3294 1175 3303 ,

174 3319 408 3382 ‹leiendcntibus
423 3324 634 3391 munitionem,
651 3324 763 3384 nostris
776 3332 880 3383 contra
890 3320 1044 3383 militibus
1055 3336 1131 3384 acer·
1173 3330 1175 3355 ¹

173 3405 250 3464 rime
263 3405 478 3483 pugnantibus,
503 3406 621 3467 diverso
643 3407 775 3468 clamore
798 3415 827 3468 et
849 3406 965 3485 proelio
980 3403 1131 3486 perterriti
1170 3372 1175 3463 l

157 3487 369 3554 Alexandrini
392 3490 584 3575 trepidantes
605 3492 640 3553 in
661 3500 879 3569 omnespartes
892 3499 1063 3553 castrorum
1077 3490 1131 3551 dn·
