2356 3870
383 236 482 294 uului.
498 236 539 293 111.
556 235 734 293 unum-111.
998 236 1039 297 47

77 403 178 463 duas
170 419 201 462 111
217 399 413 463 Nantuatibus
434 400 591 462 conlocare
612 401 725 479 etipse
748 417 814 459 cum
835 396 1000 474 reliquis'
975 413 1039 456 eius

76 486 203 563 legionis
225 483 425 546 cohortibus
416 503 448 545 m
474 487 537 544 rico
557 486 771 581 Veragrorum,
800 483 851 559 qui
876 478 1040 560 appellatur

77 569 258 638 Octodurus,
275 567 421 636 biemare;
446 569 592 646 quiricus
612 569 754 646 positus'
746 584 778 626 m
792 565 881 634 valle,
904 583 962 624 non
978 582 1040 624 ma·
1055 571 1072 621 o

75 671 133 730 gna
149 651 264 712 adiecta
278 651 413 731 planicie,
431 651 578 719 altissimis
593 651 744 711 montibus
758 650 890 726 undique
906 650 1038 710 contine·

76 747 135 796 tur.
176 735 250 796 Cum
265 734 345 795 hunc
359 737 390 794 in
405 734 479 796 duas
493 741 593 814 partes
609 735 720 794 llumen
735 733 892 801 divideret,
916 732 1070 793 1110111111

76 826 194 898 partem
211 820 274 879 eius
288 820 345 878 vici
361 818 451 879 Gallis
473 819 508 879 ad
522 817 712 878 hiemandum
733 818 894 885 concessit,
917 814 1039 876 alteram

75 920 200 962 vacuam
215 901 251 962 ab
265 900 312 962 his
326 901 460 964 relictam
476 901 648 963 cohortibus
663 900 812 962 adtribuit
850 900 926 960 Eum
940 898 1039 960 locum

75 985 153 1046 vallo
168 986 307 1062 fossaque
321 987 456 1045 munivit.

140 1068 177 1129 11.
203 1068 276 1129 Cum
291 1068 354 1128 dies
369 1067 565 1129 hibernorum
582 1067 741 1146 conplures
760 1070 953 1135 transissent,
975 1068 1068 1127 fra-1

75 1161 272 1229 mentumque
288 1170 322 1212 co
338 1153 510 1230 conportari
524 1153 668 1221 iussisset,
686 1151 784 1212 subito
798 1169 854 1229 per
869 1148 1037 1229 explorato·

74 1254 125 1296 res
139 1237 250 1295 certior
260 1236 355 1296 lactus
368 1243 422 1304 est,
439 1253 474 1295 ex
487 1253 521 1296 ea
532 1243 630 1325 parte
632 1237 696 1303 rici,
710 1251 797 1311 quam
810 1234 900 1295 Gallis
916 1252 1036 1294 conces-

76 1328 172 1388 serat,
189 1336 293 1379 omnes
307 1327 398 1380 noctu
413 1320 600 1388 discessisse,
621 1307 811 1394 montesque,
829 1319 880 1395 qui
894 1317 1037 1395 inpende-

76 1410 159 1471 rent,
183 1420 200 1462 a
220 1419 348 1463 maxima
367 1401 556 1463 multitudine
577 1402 766 1463 Sedunorum
788 1408 818 1461 et
838 1403 1038 1478 Veragrorum
1087 1469 1091 1475 .

76 1486 183 1546 teneri.
222 1485 255 1545 ld
275 1484 389 1563 aliquot
413 1485 451 1545 de
478 1487 575 1546 causis
599 1484 760 1553 acciderat,
782 1492 816 1544 ut
841 1485 938 1545 subito
964 1482 1070 1544 Gallia

75 1567 147 1628 belli
163 1568 325 1630 renovandi
345 1567 529 1647 legionisque
546 1568 758 1647 opprimendae
779 1567 934 1628 consilium
950 1585 1036 1645 cape·

75 1659 160 1712 rent:
184 1654 330 1730 primurn,
347 1652 426 1728 quod
446 1651 608 1730 legionem,
630 1667 728 1728 neque
750 1668 815 1710 eam
835 1650 1069 1730 plenissimamt

75 1735 216 1795 detractis
241 1734 414 1795 cohortibus
435 1735 549 1796 duabus
575 1741 605 1794 et
630 1733 833 1813 compluribus
857 1732 1035 1811 singillatim,

77 1820 128 1896 qui
143 1826 325 1879 commeatus
339 1818 461 1897 petendi
476 1837 563 1879 causa
577 1819 660 1878 missi
676 1823 774 1886 erant,
796 1823 921 1895 propter
934 1818 1035 1895 pauci-

76 1909 167 1962 tatem
181 1900 399 1980 despiciebant;
422 1909 486 1962 tum
502 1903 611 1971 etiam,¹
621 1901 699 1978 quod
713 1907 838 1980 propter
851 1902 1038 1977 iniquitatem
1051 1909 1068 1958 ⁴

74 1985 147 2054 loci,
170 2003 239 2045 cum
258 1986 315 2064 ipsi
331 2003 367 2044 ex
381 1984 533 2045 montibus
552 1987 583 2044 111
603 1983 708 2044 vallem
723 1984 919 2045 decurrerent
934 1989 963 2043 et
977 1983 1036 2044 tela

75 2070 257 2137 conicerent,
272 2086 312 2128 ne
325 2070 456 2147 primum
471 2068 590 2145 quidem
605 2085 693 2146 posse
707 2069 852 2146 impetum
867 2085 954 2128 suum
969 2085 1034 2128 sus·

74 2153 165 2212 tineri
185 2150 400 2212 existimabant.
441 2151 619 2220 Accedebat,
642 2151 721 2229 quod
736 2169 806 2212 suos
821 2151 857 2212 ab
873 2170 905 2211 se
924 2150 1066 2212 liberoso

73 2234 240 2296 abstractos
255 2233 391 2295 obsidum
411 2237 531 2295 nomine
546 2234 686 2296 dolebant
705 2242 736 2294 et
748 2235 896 2296 Romanos
910 2253 971 2294 non
986 2253 1032 2295 so·

71 2318 136 2379 lum
151 2319 293 2378 itinerum
307 2336 405 2387 causa,
421 2318 474 2378 sed
489 2321 576 2379 etiam
587 2325 749 2398 perpetuae
763 2319 960 2397 possessionis
972 2317 1033 2378 cul-

72 2404 155 2462 mina
168 2401 286 2480 Alpium
307 2420 453 2480 occupare
468 2404 568 2463 conari
589 2409 619 2462 et
633 2419 668 2462 ea
680 2400 746 2463 loca
760 2403 899 2463 finitimae
914 2403 1032 2480 provin·

73 2488 137 2545 ciac
153 2484 314 2562 adiungere
329 2485 386 2545 sibi
399 2503 575 2564 persuasum
589 2484 746 2546 habebant.

137 2568 187 2628 llI.
204 2567 256 2628 llis
271 2569 382 2628 nuntiis
396 2570 524 2648 acceptis
536 2568 636 2638 Galba,
650 2587 717 2629 curn
732 2585 829 2645 neque
844 2586 919 2647 opus
933 2567 1031 2629 hiber·
1048 2575 1060 2626 1

72 2669 183 2712 norum
208 2653 447 2728 munitionesque
465 2652 554 2732 plene
575 2658 675 2713 essent
697 2654 848 2731 perlectae
872 2669 971 2730 neque
995 2652 1032 2713 de

70 2736 225 2796 lrumento
236 2734 412 2814 reliquoque
423 2743 589 2797 commeatu
603 2738 675 2797 satis
690 2742 768 2797 esset
779 2739 939 2815 provisum,
952 2736 1032 2813 quod

72 2818 223 2878 deditione
238 2818 315 2880 iacta
330 2819 541 2896 obsidibusque
552 2821 679 2899 acceptis
693 2819 766 2880 nibil
780 2819 818 2880 de
832 2819 909 2879 bello
924 2822 1029 2880 timen-

71 2902 143 2962 dum
159 2896 390 2973 existimaverat,
408 2902 530 2964 consilio
545 2903 682 2965 celeriter
697 2909 856 2963 convocato
871 2905 1030 2964 sententias

72 2987 233 3063 exquirere
248 2988 353 3065 coepit.
391 2987 502 3058 Quom
517 2987 652 3056 consilio,
674 3004 741 3047 cum
755 2993 869 3047 tantum
883 2989 1062 3087 repentinia

70 3068 199 3148 periculi
218 3077 339 3148 praeter
360 3072 528 3150 opinionem
548 3071 703 3132 accidisset
721 3089 756 3131 ac
775 3072 833 3131 iarn
854 3073 1030 3133 omniafere

70 3155 230 3234 superiora
243 3153 308 3214 loca
322 3154 510 3215 multitudine
525 3161 704 3216 armatorum
718 3155 862 3234 completa
878 3157 1029 3234 conspice·

70 3245 187 3308 rentur,
209 3255 307 3314 neque
326 3237 459 3300 subsidio
480 3240 574 3299 veniri
594 3256 691 3316 neque
707 3245 887 3300 commeatus
903 3239 1028 3318 subpor·
1130 3260 1136 3265 ·

71 3323 128 3381 tari
148 3321 318 3383 interclusis
337 3321 492 3383 itineribus
511 3331 647 3401 possent,
672 3341 767 3402 prope
791 3323 850 3384 iam
875 3323 1060 3402 desperatae

72 3405 167 3466 calme
181 3405 341 3467 nonnullae
356 3405 525 3469 huiusmodi
545 3408 707 3468 sententiae
722 3406 908 3478 dicebantur,
926 3414 963 3469 ut
973 3408 1030 3467 im·

71 3488 249 3568 pedimentis
260 3489 373 3552 relictis
387 3491 544 3573 eruptione
564 3492 643 3560 lacta
657 3492 758 3560 isdem
774 3493 961 3565 itineribus,
979 3492 1048 3572 qui·
1120 3566 1123 3571 p
