2356 3870
392 225 469 282 cnr.
483 225 702 282 xxvi-mix.
990 223 1030 286 17
1095 218 1097 222 ’

61 376 139 437 baec
150 375 296 436 accidisse
312 392 376 437 rex.
421 376 464 437 lta
486 394 582 456 paene
605 375 661 436 sub
684 375 765 436 idem
787 383 906 454 tempus
928 384 957 437 et
972 394 1028 438 rex

61 458 101 520 ad
139 458 368 538 opprimendum
402 458 596 521 Mithridaten
632 461 838 539 proficiscitur
867 468 896 521 et
919 461 1027 522 Caesar

61 543 101 604 ad
128 544 349 622 recipiendum.
409 544 561 606 Celeriore
588 544 721 605 iluminis
749 543 810 604 Nili
839 546 1064 622 navigatione2

62 645 119 689 rex
141 635 187 689 est
208 645 296 698 usus,
320 630 352 688 in
374 646 433 707 quo
456 646 592 706 magnam
615 637 645 688 et
666 636 801 707 paratam
824 629 952 690 classem
974 630 1026 689 ba·

62 711 166 772 bebat.
195 711 304 773 Caesar
326 712 431 773 eodem
453 714 564 774 itinere
586 712 768 781 utinoluit,
791 730 830 772 ne
853 712 980 773 navibus
995 716 1028 773 in

61 795 187 856 llumine
211 795 384 866 dimicaret,
408 796 460 857 sed
482 800 703 858 circumvectus
719 803 764 856 est
779 815 814 856 eo
830 799 922 865 mari,
947 797 1026 876 quod

62 880 183 941 Africae
206 884 301 960 partis
324 899 390 941 esse
413 881 540 952 dicitur,
569 883 660 942 sicuti
691 898 781 957 supra
811 879 1026 941 demonstravi·

61 982 144 1032 mus;
168 967 254 1043 prius
276 973 377 1025 tamen
399 967 481 1043 regis
503 967 600 1043 copiis
622 967 771 1033 occurrit,
805 982 894 1043 qnam
919 966 946 1023 is
970 965 1025 1024 Mi-

62 1048 217 1109 tbridaten
229 1048 352 1128 adcredi
373 1057 483 1128 posset,
507 1067 634 1128 eumque
648 1049 685 1109 ad
697 1067 728 1109 se
751 1050 898 1110 victorem
909 1049 1025 1109 incoln-

62 1133 106 1192 mi
129 1134 265 1194 cxcroitu
287 1137 412 1212 recepit.
453 1133 647 1195 ¹Consederat
673 1151 741 1194 curn
764 1134 860 1212 copiis
883 1151 935 1193 rex
959 1133 1064 1194 locon

62 1223 171 1278 natura
192 1219 324 1286 munito,
353 1219 433 1297 quod
460 1226 525 1279 crat
557 1221 621 1298 ipse
657 1217 804 1278 excelsior
833 1217 966 1296 planicie
989 1235 1025 1277 ex

61 1299 205 1360 omnibus
226 1301 363 1377 partibus
391 1301 541 1370 subiecta:
575 1300 674 1362 tribus
697 1308 796 1361 autern
819 1319 856 1360 ex
878 1301 1026 1361 lateribus

62 1385 155 1444 variis
176 1382 340 1461 generibus
368 1387 569 1445 munitionum
605 1384 778 1461 tegebatur:
817 1402 910 1445 unum
947 1385 1025 1444 latus

61 1474 129 1529 erat
151 1467 301 1528 adiectum
329 1467 447 1529 llnmini
475 1468 560 1537 Nilo,
595 1469 723 1529 alterum
756 1468 925 1529 editissimo
958 1469 1024 1529 loco

62 1552 202 1621 ductum,
230 1558 265 1612 ut
285 1559 402 1630 partem
424 1559 592 1613 castrorum
620 1552 791 1621 obtineret,
822 1554 944 1612 tertium
972 1571 1024 1632 pa·

61 1635 133 1697 ludc
155 1634 345 1713 cingebatur.

124 1718 267 1780 XXVllll.
312 1721 394 1781 lnter
421 1729 519 1782 castra
547 1727 579 1781 et
599 1720 736 1782 Caesaris
764 1722 822 1780 iter
843 1719 955 1780 ilumen
977 1721 1060 1782 in-1

60 1804 235 1865 tarcedebat
257 1812 431 1881 angustum,
454 1805 609 1866 altissimis
638 1805 726 1882 ripis,
755 1803 834 1882 qnod
863 1805 895 1863 in
922 1803 1024 1864 Nilum

61 1887 222 1958 intlnebat,
246 1888 352 1949 aberat
373 1897 472 1949 antem
494 1888 531 1950 ab
554 1891 637 1966 regis
659 1890 767 1948 castris
782 1887 865 1947 milia
882 1904 1024 1964 passuum

60 1974 185 2034 circiter
206 1985 267 2032 vn.
320 1973 383 2032 Rex
412 1991 479 2034 cum
507 1974 564 2033 hoc
592 1975 701 2033 itinere
733 1973 836 2032 venire
866 1972 1059 2034 Caesareme

59 2058 272 2136 comperisset,
302 2059 468 2135 equitatum
497 2075 616 2118 omnem
645 2056 860 2135 expeditosque
890 2055 1022 2116 delectos

59 2141 179 2220 pedites
215 2141 251 2202 ad
286 2141 316 2201 id
344 2140 456 2203 llumen
483 2144 581 2210 misit,
619 2144 670 2220 qni
706 2142 846 2202 transitu¹
866 2139 1023 2201 Caesarem

58 2224 258 2303 prohiberent
280 2231 311 2285 et
331 2227 450 2287 eminus
471 2244 508 2286 ex
530 2227 606 2304 ripis
621 2225 771 2303 proelium
786 2227 883 2304 impar
898 2227 1021 2285 inirent:

59 2308 178 2371 nullum
201 2312 281 2370 enirn
302 2327 476 2388 processum
498 2311 594 2370 virtus
615 2309 746 2370 habebat
774 2316 825 2369 aut
852 2308 1023 2387 periculum

58 2395 178 2473 ignaria
221 2393 353 2456 subibat.
412 2396 493 2466 Quae
527 2412 577 2455 res
609 2392 743 2454 incendit
774 2393 877 2454 dolore
910 2393 1059 2453 milites3

56 2480 236 2557 equitesque
265 2486 396 2546 nostros,
430 2478 510 2558 qnod
540 2487 602 2539 tarn
636 2477 687 2537 din
714 2478 781 2555 pari
810 2476 926 2555 proelio
953 2495 1022 2536 cum

57 2562 270 2623 Alexandrinis
292 2569 470 2623 certaretur.
513 2561 616 2641 ltaque
635 2561 740 2622 eodem
756 2568 891 2640 ternpore
906 2563 1023 2639 equites
1041 2569 1059 2616 4

57 2647 202 2708 Germani
213 2647 343 2726 dispersi
354 2646 426 2706 vada
440 2644 626 2726 [fluminum]
645 2653 824 2726 quaerentes
839 2647 949 2724 partim
970 2645 1021 2706 de·

57 2730 250 2792 missioribus
272 2732 348 2809 ripis
370 2731 483 2792 llnmen
509 2738 683 2800 tranarnnt,
712 2739 744 2790 et
768 2728 928 2808 legionarii
959 2748 1021 2789 ma·

55 2815 127 2894 gnis
149 2814 311 2876 arboribus
333 2817 458 2885 excisis,
487 2833 563 2893 quae
585 2813 772 2892 longitudine
798 2821 957 2892 utramque
980 2814 1022 2872 ri·

57 2916 127 2977 pam
149 2901 375 2977 contingerent,
398 2901 542 2975 proiectis
557 2901 593 2958 iis
608 2899 827 2977 repentinoque
843 2913 952 2974 aggere
976 2899 1022 2956 in·

58 2985 138 3044 iecto
160 2983 272 3045 llumcn
294 2986 490 3044 transierunt.
535 2985 669 3055 Quorum
692 2985 837 3057 impetum
860 2981 934 3041 adeo
950 2998 1017 3060 per·
1042 2993 1060 3042 5

56 3069 227 3129 timuerunt
248 3068 366 3136 hostes,
390 3075 424 3128 nt
447 3070 479 3127 in
501 3068 572 3145 luga
595 3086 679 3145 spem
701 3067 807 3126 salutis
822 3065 1021 3134 collocarent;

55 3151 111 3213 sed
144 3152 174 3213 id
207 3155 337 3214 frustra:
367 3170 495 3230 namque
517 3171 554 3212 ex
582 3154 651 3229 luga
672 3153 760 3230 pauci
782 3149 819 3210 ad
842 3167 944 3228 regem
972 3167 1022 3210 re-

56 3237 202 3314 fugerunt
223 3255 319 3316 paene
342 3238 424 3298 omni
446 3236 562 3316 reliqua
583 3235 777 3297 multitudine
800 3235 973 3296 interiecta.

121 3320 210 3382 llllll.
256 3321 364 3383 Caesar
386 3339 419 3383 re
442 3322 683 3400 praeclarissime
705 3327 789 3398 gesta
804 3337 874 3380 curn
889 3318 1023 3380 subitum
1044 3333 1066 3382 1

55 3404 217 3467 adventum
239 3425 328 3467 suum
352 3405 500 3468 indicaret
521 3423 663 3484 magnum
685 3414 834 3466 tcrrorcm
847 3402 1020 3464 Alexandri·

55 3491 105 3550 nis
128 3492 335 3559 iniecturnm,
351 3491 492 3569 protinus
513 3493 610 3555 victor
633 3489 672 3554 ad
693 3489 1042 3567 castrarquispertsm

100 3602 119 3633 o.
133 3603 181 3634 run
198 3603 294 3636 cussa.
317 3605 352 3639 ιιι,
820 3593 843 3642 ‘2
