2356 3870
337 217 437 274 doun.
454 216 505 273 Vll.
523 217 593 274 CAP.
609 218 770 274 llll—Vllll.
968 223 1029 282 129

64 392 129 445 tom
143 377 314 462 pervenisse
328 379 525 458 intellegeret,
541 382 571 442 in
583 381 807 460 Transalpinam
822 380 945 445 Galliam
960 398 1029 461 pro·

57 468 161 530 'iectus
177 472 230 526 est.
252 465 370 526 Eccum
382 466 518 533 venisset,
534 480 638 542 magna
649 465 820 525 difficultate
832 465 1030 537 adficiebatur,
1046 478 1064 526 2

65 569 123 629 qua
139 551 253 610 ratione
268 547 305 609 ad
320 550 483 608 exercitum
498 550 655 626 pervenire
669 558 780 627 posset.
811 549 883 610 Nam
900 550 925 609 si
939 549 1030 627 legio·
1045 557 1061 608 t

65 651 119 696 nes
134 635 165 693 in
180 633 362 712 provinciam
377 640 552 702 accerseret,
569 649 601 691 se
617 631 737 693 absente
752 635 782 692 in
796 634 902 693 itinere
916 634 1031 712 proelio
1085 686 1088 692 .

65 717 256 778 dimicaturas
269 715 476 793 intellegebat:
491 717 516 776 si
531 717 595 794 ipse
602 715 639 775 ad
652 718 813 777 exercitum
829 717 1030 787 contenderet,

64 820 103 862 ne
117 803 155 861 iis
171 800 290 878 quidem
306 817 341 860 eo
358 806 500 878 tempore,
515 801 566 876 qui
582 801 674 876 quieti
688 800 869 870 viderentur,
886 816 970 861 suam
985 818 1031 861 sa·

64 886 159 947 intem
173 892 256 944 recte
272 885 414 943 committi
428 881 554 942 ridebat.

130 968 190 1029 Vll.
229 967 351 1027 lnterim
372 966 528 1026 Lucterius
550 966 700 1026 Cadurcus
721 968 751 1026 in
771 965 904 1028 Rutenos
924 969 1061 1031 missust

65 1071 132 1114 eam
148 1053 292 1112 civitatem
308 1051 447 1111 Arvernis
468 1049 613 1111 conciliat.
644 1051 822 1127 Progressus
836 1053 868 1111 in
882 1051 1031 1114 Nitiobro·
1047 1061 1064 1110 a

63 1143 117 1215 ges
135 1142 164 1195 et
179 1133 304 1195 Gabalos
319 1133 355 1194 ab
371 1136 505 1210 utrisque
516 1133 632 1193 obsides
647 1136 753 1212 accipit
768 1141 797 1194 et
812 1153 918 1213 magna
933 1144 1033 1198 coacta

64 1236 157 1281 manu
171 1220 203 1300 in
218 1219 400 1298 prouinciam
414 1217 583 1278 Narbonem
604 1234 706 1277 versus
728 1220 915 1297 eruptionem
935 1222 1034 1281 lacere

65 1301 227 1365 contendit.
258 1302 320 1372 Qua
334 1318 368 1362 re
383 1303 516 1362 nuntiata
530 1301 638 1360 Caesar
653 1301 790 1362 omnibus
804 1303 935 1363 consiliis
950 1312 1031 1364 ante·
1047 1315 1063 1367 3

56 1384 432 1454 ‘vertendumexistimavit
441 1383 903 1462 utNarbonemproficisceretur.
917 1387 1032 1448 Eccum
1048 1394 1064 1443 4

66 1473 205 1539 uenisset,
221 1469 527 1537 tinientesconiirmat,
544 1469 690 1547 praesidia
701 1469 1032 1550 inliutenisprovincia·

65 1552 152 1624 libus,
165 1552 264 1615 Volcis
276 1554 463 1622 Arecomicis,
481 1551 668 1613 Tolosatibus
675 1554 846 1630 circumque
854 1554 1031 1624 Narbonem,

69 1636 354 1716 quaelocahostibus
361 1637 582 1706 erantiinitima,
591 1637 750 1706 constituit,
758 1644 874 1716 partem
882 1640 1032 1716 copiarum
1048 1644 1064 1696 t

67 1740 104 1782 ex
120 1723 271 1800 provincia
294 1721 606 1799 supplementumque,
622 1719 701 1797 quod
715 1738 749 1780 ex
765 1721 847 1781 ltalia
861 1721 1032 1791 adduxerat,

66 1804 1031 1882 inlleivios,quidnesdrvernorumcontingunt,convenireiubet.

130 1887 207 1951 vul.-
236 1888 289 1948 liis
309 1887 399 1948 rebus
420 1889 597 1966 comparatis
617 1905 758 1966 represso
778 1890 837 1949 iam
852 1889 990 1949 Lucterio
1007 1893 1063 1948 etl

67 1981 195 2042 remoto,
213 1971 292 2049 quod
307 1973 419 2032 intrare
433 1973 511 2032 intra
523 1971 672 2049 praesidia
687 1971 888 2050 periculosum
901 1972 1033 2050 putabat,

65 2059 97 2118 in
112 2052 232 2118 lielvios
246 2055 452 2136 proficiscitur.
480 2056 544 2116 Etsi
558 2070 644 2116 mons
660 2055 806 2126 Cebenna,
824 2058 874 2132 qui
887 2057 1036 2116 Arvernos
1051 2063 1065 2112 2

67 2140 104 2201 ab
130 2137 240 2200 liciniis
266 2139 418 2208 discludit,
452 2139 610 2200 durissimo
634 2147 770 2218 tempore
796 2141 864 2200 anni
894 2139 1035 2200 altissima

66 2225 134 2286 nive
158 2225 216 2285 iter
236 2223 428 2303 impediebat,
451 2231 549 2284 tamen
571 2223 703 2284 discussa
724 2227 790 2284 nive
810 2242 862 2283 sex
882 2226 914 2284 in
935 2225 1034 2284 altitu·

68 2307 167 2368 dinem
191 2307 301 2386 pedum
328 2317 417 2385 atque
439 2309 479 2368 ita
504 2308 557 2366 viis
583 2308 737 2385 patefactis
764 2324 878 2368 summo
908 2308 1035 2368 militum

67 2390 178 2452 sudore
194 2391 229 2451 ad
249 2392 323 2451 lines
349 2393 549 2452 Arvernorum
577 2393 722 2470 pervenit.
769 2391 882 2463 Quibus
912 2397 1065 2470 oppres-³

68 2477 110 2535 sis
136 2474 372 2553 inopinantibus,
406 2474 484 2552 quod
517 2493 549 2534 se
575 2475 711 2536 Cebenna
737 2481 771 2534 ut
796 2493 881 2534 nuuro
904 2478 1035 2534 munitos

68 2558 290 2626 existimabant,
312 2557 402 2618 abne
422 2557 564 2636 singulari
585 2558 703 2635 quidem
719 2573 858 2635 umquam
873 2557 984 2619 bomini
1000 2576 1035 2618 eo

67 2649 204 2720 tempore
226 2643 294 2702 anni
316 2645 437 2703 semitae
455 2649 627 2721 patuerant,
651 2643 799 2718 equitibus
824 2645 965 2720 imperat,
993 2650 1034 2712 ut,

70 2742 157 2803 quam
173 2724 313 2787 latissime
324 2728 447 2805 possint,
462 2733 606 2803 vagentur
622 2734 651 2786 ct
666 2744 753 2803 quam
768 2728 928 2786 maximum
943 2725 1034 2786 hosti·

70 2808 126 2870 bus
143 2816 288 2869 terrorem
303 2811 441 2870 inierant.
479 2809 621 2870 Celeriter
641 2808 714 2870 haec
735 2812 811 2871 lama
827 2829 860 2869 ac
875 2810 987 2874 nuntiis
1002 2807 1068 2869 adt

68 2893 343 2970 Vercingetorigem
380 2894 589 2972 perferuntur;
625 2909 712 2970 quem
745 2894 900 2972 perterriti
933 2910 1036 2954 omnes

67 2977 194 3039 Artemi
206 2978 523 3054 circumsistuntatque
534 2977 701 3046 obsecrant,
712 2985 746 3038 ut
756 2978 817 3037 suis
828 2978 955 3038 fortunis
965 2995 1034 3037 con·
1070 3042 1075 3052 ,

68 3058 148 3121 sulat
161 3078 220 3120 neu
242 3078 275 3120 se
286 3059 322 3120 ab
337 3059 472 3122 hostibus
484 3060 571 3140 diripi
582 3063 718 3139 patiatur,
731 3063 982 3140 praesertimcum
994 3063 1035 3120 vi·

69 3142 140 3204 deat
153 3160 242 3204 omne
256 3142 292 3204 ad
307 3160 339 3205 se
354 3144 463 3205 bellum
477 3144 659 3205 uanslatum.
688 3145 821 3216 Quorum
832 3145 882 3206 ille
893 3144 1033 3224 precibus
1048 3151 1064 3203 b

68 3234 226 3308 permotus
242 3235 336 3289 castra
353 3246 389 3288 ex
404 3227 587 3305 Biturigibus
601 3235 700 3289 moret
713 3232 744 3289 in
759 3231 907 3291 Arvernos
921 3247 1033 3290 versus.

133 3310 220 3373 Vllll.
256 3314 293 3373 At
310 3306 420 3381 ,Caesar
440 3312 564 3373 biduum
584 3315 615 3373 in
635 3312 681 3374 his
702 3313 775 3374 iocis
795 3320 942 3384 moratuS,
959 3311 1066 3390 quodi

67 3391 144 3455 baec
158 3395 195 3455 de
210 3397 452 3475 Vercingetorige
468 3414 524 3458 usu
539 3403 663 3457 ventura
678 3399 817 3477 opinione
832 3401 1034 3477 praeceperat,

67 3495 124 3564 per
140 3497 259 3541 oausam
275 3481 474 3562 supplementi
490 3481 698 3558 equitatusque
713 3482 838 3560 cogendi
853 3480 889 3541 ab
904 3480 1036 3540 exercitu

110 3593 137 3632 θ·
148 3595 207 3632 wls.
221 3595 334 3633 CAESAR·
