2356 3870
152 195 193 259 14
394 199 541 255 BELLUM
555 198 859 256 ALEXANDRINUM.

149 357 202 410 aut
224 367 278 410 suo
300 351 402 425 priore
426 349 553 409 consilio
576 366 630 427 per
652 346 787 409 occultos
809 349 932 409 nuntios
954 349 1020 426 regi
1041 366 1116 428 pro·

151 433 220 494 bato
236 433 350 509 legatos
365 432 402 492 ad
417 432 574 494 Caesarem
596 435 757 501 miserunt,
781 439 815 492 ut
830 431 995 492 dimitteret
1009 448 1114 510 regem

109 529 129 577 2
149 519 339 594 transireque
361 516 397 576 ad
420 534 490 577 suos
511 524 680 594 pateretur:
710 523 843 594 paratam
872 517 952 575 enim
973 514 1114 578 multitu·

149 601 251 660 dinem
279 618 359 669 esse,
388 602 557 661 conlectam
585 600 684 661 taedio
713 599 830 677 puellae
864 598 1022 659 fiduciaria
1060 599 1113 660 do·

149 685 312 743 minatione
347 683 556 744 crudelissima
591 683 784 760 Ganymedis,
819 683 920 743 iacere
953 682 998 751 id,
1032 683 1115 761 quod

151 785 205 827 rex
228 768 419 844 imperasset:
443 785 502 846 quo
525 769 553 827 si
575 775 696 826 auctore
719 769 751 826 in
774 765 910 827 Caesaris
932 765 1022 826 iidem
1037 770 1113 828 arni-

151 852 315 929 citiamque
351 854 471 912 venturi
508 858 622 920 essent,
660 850 774 910 nullius
808 849 939 927 periculi
972 851 1113 912 timorem

149 934 338 995 multitudini
360 937 425 996 iore
449 935 679 1013 impedimento,
703 952 762 1012 qno
784 936 886 993 minus
900 950 939 993 ,se
955 932 1113 996 dederent.

113 1036 129 1084 1
213 1017 331 1077 XXllll.
381 1018 503 1087 Caesar,
534 1021 591 1078 etsi
620 1017 757 1078 fallacem
784 1024 905 1095 gentem
932 1035 1114 1098 semperque

145 1101 208 1176 ‚alia
231 1104 430 1178 cogitantem,
454 1102 512 1161 alia
534 1103 723 1163 simulantem
746 1100 823 1162 bene
847 1102 996 1178 cognitam
1019 1101 1113 1163 habe·

150 1183 217 1253 bat,
241 1194 341 1245 tamen
363 1184 538 1262 petentibus
560 1186 631 1246 dare
653 1187 771 1246 veniam
798 1185 874 1246 utile
902 1202 967 1245 esse
995 1188 1113 1255 statuit,

149 1267 243 1346 quod,
273 1271 299 1327 si
326 1287 385 1347 quo
413 1276 499 1347 pacto
527 1272 676 1329 sentirent
713 1286 763 1336 ea,
800 1287 876 1346 quae
912 1269 1113 1343 postularent,

149 1369 324 1411 mansurum
345 1355 379 1410 in
401 1352 458 1410 lide
487 1352 643 1412 dimissum
672 1368 774 1427 regem
801 1349 958 1419 credebat,
987 1353 1052 1420 sin,
1081 1349 1112 1411 id

149 1433 228 1512 quod
256 1436 352 1510 magis
381 1434 502 1494 illorum
531 1442 654 1494 naturae
683 1433 895 1504 conveniebat,
931 1433 1038 1495 ducem
1075 1434 1113 1494 ad

149 1517 263 1578 bellum
289 1517 454 1593 gerendum
481 1535 585 1595 regem
617 1515 730 1577 habere
764 1517 889 1586 vellent,
924 1516 1113 1595 splendidius

149 1609 238 1680 atque
260 1601 419 1662 honestius
440 1619 472 1662 se
495 1611 599 1662 contra
621 1617 724 1677 regem
752 1618 840 1678 quam
869 1609 973 1662 contra
1002 1619 1112 1663 conve·

149 1703 255 1745 narum
278 1703 312 1747 ac
334 1687 530 1763 lugitivorum
558 1701 679 1745 manum
707 1684 820 1745 bellurn
848 1702 914 1745 esse
943 1692 1112 1762 gesturum.

110 1777 128 1825 2
149 1769 252 1848 ltaque
275 1786 377 1846 regem
400 1769 590 1837 cohortatus,
613 1777 647 1828 ut
670 1768 842 1828 consuleret
863 1785 957 1846 regno
972 1775 1113 1847 paterno,

148 1860 287 1930 parceret
308 1854 567 1930 praeclarissimae
589 1854 719 1929 patriae,
743 1869 819 1929 quae
841 1851 983 1931 turpibus
1005 1855 1112 1914 incen-

149 1936 206 1995 diis
228 1944 259 1995 et
281 1939 379 1996 ruinis
405 1944 484 1997 esset
511 1936 695 2003 deformata,
726 1938 806 1996 cives
829 1954 899 1996 suos
918 1938 1051 2014 primum
1074 1936 1113 1997 ad

147 2021 307 2079 sanitatem
330 2029 500 2087 revocaret,
525 2019 633 2080 deinde
656 2027 863 2088 conservaret,
886 2020 976 2080 iidem
998 2021 1113 2098 populo
1156 2088 1161 2097 ⁸

147 2102 280 2162 Romano
316 2102 435 2180 sibique
462 2110 645 2177 praestaret,
674 2120 742 2163 cum
766 2106 830 2181 ipse
853 2111 969 2165 tantum
991 2107 1020 2164 ei
1044 2122 1113 2165 cre·

148 2185 248 2254 deret,
285 2193 319 2245 ut
346 2186 382 2245 ad
411 2186 513 2246 hostes
549 2194 678 2247 armatos
716 2204 785 2247 eum
821 2189 969 2256 mitteret,
985 2200 988 2205 ’
1007 2187 1113 2250 dextra

148 2269 282 2328 dextram
318 2278 425 2330 tenens
462 2270 613 2331 dimittere
651 2273 751 2349 coepit
787 2269 887 2331 adulta
918 2274 977 2331 iam
1013 2278 1114 2334 aetate

110 2368 286 2428 apnerum.
344 2355 382 2414 m
417 2357 519 2432 regius
555 2356 671 2415 animus
704 2355 875 2434 disciplinis
909 2355 1116 2417 fallacissimis

148 2436 298 2505 eruditus
341 2455 379 2498 ne
415 2457 432 2498 a
468 2441 566 2516 gentis
609 2457 680 2499 suae
724 2436 859 2500 moribus
902 2438 1114 2516 degeneraret,

146 2519 222 2580 llens
258 2538 345 2581 orare
383 2519 515 2602 [contra]
553 2522 709 2584 Caesarem
732 2525 846 2601 coepit,
869 2540 907 2583 ne
928 2541 961 2583 se
976 2522 1115 2584 dimitte·

147 2611 210 2664 ret:
240 2622 300 2664 non
322 2607 403 2665 enim
425 2605 484 2665 sibi
506 2622 634 2683 regnum
660 2608 759 2684 ipsum
788 2614 950 2685 conspectu
974 2607 1116 2669 Caesaris

111 2704 129 2752 4
148 2705 214 2748 esse
237 2688 408 2749 iucundius.
453 2689 637 2768 Compressis
659 2692 747 2768 pueri
768 2690 903 2752 lacrimis
918 2690 1025 2752 Caesar
1044 2693 1113 2769 ipse

147 2779 313 2833 commotus
336 2773 489 2843 celeriter,
518 2776 545 2834 si
573 2774 625 2835 illa
654 2776 797 2844 sentiret,
826 2776 892 2835 iore
915 2792 984 2835 eum
1007 2793 1113 2838 secum

108 2873 126 2921 o
148 2856 308 2918 adfirmans
329 2858 366 2918 ad
388 2877 458 2919 suos
480 2858 602 2931 dimisit.
657 2857 726 2928 lile,
760 2865 794 2917 ut
822 2876 858 2918 ex
879 2857 1054 2920 carceribus
1078 2861 1114 2921 in

147 2939 276 3000 liberum
297 2959 419 3002 cursum
443 2945 585 3012 emissus,
609 2941 683 3003 adeo
705 2949 809 3003 contra
824 2942 982 3003 Caesarem
998 2945 1116 3004 acriter

146 3023 259 3084 bellum
281 3043 388 3102 gerere
411 3030 527 3104 coepit.
557 3034 591 3087 ut
619 3027 772 3095 lacrimaS,
800 3044 874 3105 quas
902 3029 934 3087 in
958 3026 1112 3104 colloquio

107 3122 126 3173 c
145 3110 325 3186 proiecerat,
350 3110 460 3186 gaudio
485 3109 638 3171 videretur
658 3109 840 3189 profudisse.
883 3110 1036 3171 decidisse
1051 3111 1114 3171 boc

146 3190 315 3270 complures
338 3192 472 3254 Caesaris
495 3195 600 3271 legati,
628 3195 736 3262 amici,
765 3197 959 3255 centuriones
980 3193 1113 3254 milites·

146 3291 203 3351 que
225 3275 425 3346 laetabantur,
449 3277 529 3356 quod
551 3280 644 3340 nimia
660 3278 780 3338 bonitas
795 3281 861 3339 eius
876 3278 1006 3340 iallaciis
1020 3279 1110 3357 pueri

145 3359 229 3418 elusa
251 3366 339 3420 esset.
385 3363 476 3433 Otiosi
498 3381 569 3423 vero
592 3363 622 3423 id
645 3362 753 3424 Caesar
775 3361 909 3424 bonitate
924 3370 1040 3426 tantum
1055 3361 1111 3423 ad·

144 3442 252 3504 ductus
275 3461 310 3505 ac
331 3462 391 3505 non
413 3445 648 3525 prudentissimo
671 3446 798 3507 consilio
821 3449 953 3508 lecisset.
