2356 3870
152 209 195 274 84
438 214 584 271 BELLUM
598 214 819 271 AFRICANUM

150 367 299 426 porcarios
321 373 447 443 poterat,
470 372 503 424 ut
524 367 557 424 in
572 380 693 442 aequum
709 363 808 425 locum
831 364 1050 427 descenderent
1072 366 1116 426 le·

152 454 335 528 gionumque
368 449 538 527 periculum
570 451 719 517 lacerent,
759 466 857 527 neque
889 452 953 527 ipse
987 453 1116 528 propius

153 535 270 596 hostem
292 540 389 593 castra
411 550 523 611 ponere
546 540 671 612 propter
694 550 787 611 aquae
803 535 961 610 penuriam
977 550 1116 612 seposse

153 616 422 685 animadvertebat,
451 618 636 678 adversarios
664 634 724 677 non
752 617 862 677 virtute
889 634 993 677 eorum
1021 619 1115 679 conli-

153 703 234 769 dere,
258 701 311 761 sed
332 719 476 780 aquarum
498 703 600 779 inopia
622 702 717 762 lretos
736 701 891 778 despicere
906 719 938 760 se
954 701 1115 770 intellexit,

154 797 181 846 11
193 785 267 844 Non.
280 785 350 862 hpr.
366 787 456 846 tertia
470 784 572 862 vigilia
595 801 733 861 egressam
756 784 794 843 ab
815 785 923 862 hggar,
946 797 1009 844 xvl
1032 785 1115 845 milia

155 877 243 930 nocte
274 886 468 947 progressus,
501 869 539 928 ad
572 869 738 946 Thapsum,
772 868 827 928 ubi
859 867 1009 945 Vergilius
1042 887 1116 929 cum

153 952 260 1031 grandi
282 952 432 1030 praesidio
455 961 602 1030 praeerat,
626 960 723 1012 castra
747 955 832 1030 ponit
854 951 1057 1030 oppidumque
1080 969 1117 1011 eo

153 1037 203 1097 die
226 1039 463 1097 circummunire
486 1039 585 1114 coepit
607 1037 732 1114 locaque
755 1035 863 1108 idonea
886 1042 1116 1114 opportunaque

155 1119 308 1197 complura
330 1120 489 1198 praesidiis
511 1137 677 1197 occupare,
700 1121 801 1181 hostes
823 1138 861 1180 ne
883 1122 999 1180 intrare
1022 1119 1060 1179 ad
1083 1137 1117 1178 se

117 1210 188 1265 211
211 1203 275 1263 loca
299 1205 444 1263 interiora
466 1221 574 1282 capere
601 1211 732 1281 possent.
782 1203 885 1281 Scipio
912 1205 1036 1263 interim
1065 1221 1117 1263 co·

154 1290 248 1366 guilis
271 1286 405 1347 Caesaris
429 1287 566 1347 consiliis
595 1286 631 1346 ad
659 1289 869 1348 necessitatem
896 1287 1042 1347 adductus
1071 1286 1117 1346 di·

154 1372 295 1439 micandi,
318 1389 356 1430 ne
378 1389 432 1449 per
455 1388 603 1431 summurn
624 1370 755 1430 dedecus
770 1371 932 1431 fidissimos
946 1373 1009 1431 suis
1024 1369 1119 1431 rebus

154 1455 351 1531 Thapsitanos
366 1462 396 1513 et
411 1453 575 1530 Vergilium
597 1455 758 1523 amitteret,
782 1456 940 1515 confestim
959 1454 1118 1515 Caesarem

155 1557 210 1616 per
232 1540 392 1615 superiora
408 1538 473 1598 loca
500 1546 680 1598 consecutus
713 1539 795 1598 milia
829 1555 970 1615 passuum
1001 1549 1067 1598 v111
1101 1555 1118 1597 a

155 1623 273 1700 Thapso
296 1620 377 1681 binis
399 1624 506 1683 castris
530 1621 675 1682 consedit.

120 1712 134 1762 1
219 1704 333 1767 LXXX.
377 1706 450 1766 Erat
476 1714 613 1782 stagnum
646 1707 827 1774 salinarum,
862 1709 942 1766 inter
974 1706 1054 1784 quod
1088 1713 1118 1765 et

155 1809 237 1852 mare
260 1793 413 1866 angustiae
436 1790 583 1868 quaedam
606 1807 666 1850 non
688 1789 817 1866 amplius
838 1790 922 1850 mille
944 1798 975 1849 et
996 1801 1021 1846 1)
1051 1807 1117 1868 pas·

156 1894 207 1937 sus
229 1877 408 1941 intererant;
432 1892 506 1950 quas
528 1873 629 1951 Scipio
654 1876 766 1934 intrare
788 1880 817 1932 et
832 1873 1021 1951 Thapsitanis
1033 1874 1117 1932 auxi-

118 1960 229 2019 alium
257 1960 339 2017 lerre
367 1956 542 2017 conabatur.
594 1956 679 2027 Quod
706 1960 842 2016 luturum
871 1957 1025 2018 Caesarem
1056 1974 1117 2016 non

158 2042 316 2103 thlellerat
323 2040 501 2127 Namque
523 2041 675 2118 pridiem
698 2059 733 2099 eo
755 2040 822 2099 loco
845 2040 969 2100 castello
1000 2042 1118 2100 munito

157 2124 261 2222 ibique
283 2136 325 2182 111
323 2106 496 2196 legionum
518 2123 668 2202 praesidio
691 2124 828 2184 relicto
820 2141 884 2201 ipse
906 2142 976 2187 cum
990 2123 1118 2202 reliquis

158 2210 252 2284 copiis
275 2207 387 2267 lunatis
408 2208 515 2266 castris
530 2206 683 2284 Thapsum
704 2207 848 2285 operibus
863 2209 1117 2268 circummunivit.

122 2292 260 2369 tScipio
283 2292 405 2351 interim
428 2290 567 2351 exclusus
589 2291 625 2350 ab
655 2293 773 2368 incepto
803 2293 911 2352 itinere
940 2309 1030 2368 supra
1058 2299 1117 2351 sta·

158 2393 249 2454 gnum
272 2383 392 2452 postero
415 2373 464 2434 die
488 2383 518 2433 11
540 2383 628 2434 nocte
650 2377 788 2435 conlecto
812 2375 895 2435 caelo
918 2374 1038 2435 albente
1060 2393 1119 2434 non

158 2461 247 2536 longe
270 2479 285 2520 1
308 2459 415 2518 castris
430 2459 649 2536 praesidioque,
672 2459 753 2536 quod
769 2477 858 2537 supra
874 2463 1117 2525 commemoravi,

158 2557 185 2604 11
207 2543 345 2621 passibus
367 2541 403 2600 ad
427 2559 508 2600 mare
530 2560 634 2601 versus
656 2542 791 2602 consedit
814 2550 843 2602 et
871 2551 969 2602 castra
999 2545 1119 2602 munire

122 2638 139 2684 4
159 2630 269 2704 coepit.
313 2625 399 2696 Quod
421 2633 577 2704 postquam
599 2625 719 2686 Caesari
741 2628 912 2686 nuntiatum
936 2633 998 2694 est,
1021 2626 1118 2687 milite

157 2710 196 2772 ab
220 2727 310 2788 opere
334 2708 478 2775 deducto,
503 2711 610 2769 castris
632 2710 782 2787 praesidio
804 2712 967 2788 Asprenate
990 2727 1119 2786 procon-

159 2795 224 2871 sple
248 2811 316 2855 cum
340 2790 512 2869 legionibus
533 2792 649 2853 duabus
671 2793 777 2854 relicto
800 2797 864 2870 ipse
888 2811 958 2854 cum
980 2792 1120 2870 expedita

123 2881 246 2957 cthpia
268 2880 301 2938 in
323 2877 429 2937 locum
445 2879 560 2937 citatim
583 2877 752 2944 contendit,
783 2877 946 2955 classisque
974 2883 1060 2954 parte
1084 2875 1121 2935 ad

159 2963 309 3040 Thapsum
319 2960 424 3023 relicta
434 2960 567 3038 reliquas
583 2978 672 3021 naves
684 2960 769 3021 iubet
779 2968 846 3038 post
857 2961 988 3021 hostium
1000 2968 1121 3036 tergum

159 3065 248 3126 quam
256 3047 389 3107 maxime
400 3044 436 3103 ad
448 3043 520 3103 litus
531 3044 676 3122 adpelli
652 3060 830 3122 signumque
846 3062 932 3104 suum
948 3043 1120 3111 observare,

97 3180 150 3205 2„
148 3149 228 3210 quo
242 3131 343 3204 signo
349 3127 428 3189 dato
436 3126 540 3193 subito
563 3128 693 3188 clamore
716 3130 795 3187 lacto
819 3146 855 3186 ex
879 3129 1041 3205 improviso
1068 3128 1121 3187 ho·

159 3212 260 3281 stibus
276 3212 400 3287 aversis
430 3212 602 3277 incuterent
635 3220 798 3281 terrorem,
832 3218 866 3271 ut
893 3209 1063 3290 perturbati
1087 3229 1122 3271 11

160 3297 316 3376 perterriti
338 3297 491 3373 respirare
513 3303 581 3374 post
601 3303 686 3372 terga
708 3304 899 3372 cogerentur.

125 3398 139 3444 1
222 3379 350 3442 LXXXI.
394 3380 460 3450 Quo
482 3387 639 3458 postquam
662 3379 769 3439 Caesar
791 3380 927 3457 pervenit
942 3387 972 3438 et
987 3378 1122 3440 animad-

160 3467 251 3537 vertit
271 3466 374 3527 aciem.
388 3463 541 3544 pro-uallo
564 3463 715 3542 Scipionis
738 3461 871 3543 [contra]
887 3463 1124 3543 elephantosque
