<?xml version="1.0" encoding="UTF-8"?>
<!DOCTYPE html PUBLIC "-//W3C//DTD XHTML 1.0 Transitional//EN"
    "http://www.w3.org/TR/xhtml1/DTD/xhtml1-transitional.dtd">
<html xmlns="http://www.w3.org/1999/xhtml" xml:lang="en" lang="en">
 <head>
  <title>
</title>
<meta http-equiv="Content-Type" content="text/html;charset=utf-8" />
  <meta name='ocr-system' content='tesseract 3.04.00' />
  <meta name='ocr-capabilities' content='ocr_page ocr_carea ocr_par ocr_line ocrx_word'/>
</head>
<body>
  <div class='ocr_page' id='page_1' title='image "./commentariicuma00caesgoog_0372.png"; bbox 0 0 2356 3870; ppageno 0'>
   <div class='ocr_carea' id='block_1_1' title="bbox 404 236 1028 302">
    <p class='ocr_par' dir='ltr' id='par_1_1' title="bbox 404 236 1028 302">
     <span class='ocr_line' id='line_1_1' title="bbox 404 236 1028 302; baseline 0.01 -6"><span class='ocrx_word' id='word_1_1' title='bbox 404 240 480 297; x_wconf 86' lang='lat' dir='ltr'>CAP.</span> <span class='ocrx_word' id='word_1_2' title='bbox 494 239 684 297; x_wconf 76' lang='lat' dir='ltr'>ux-uxlli.</span> <span class='ocrx_word' id='word_1_3' title='bbox 985 236 1028 302; x_wconf 81' lang='grc'>35</span> 
     </span>
    </p>
   </div>
   <div class='ocr_carea' id='block_1_2' title="bbox 57 389 1120 3496">
    <p class='ocr_par' dir='ltr' id='par_1_2' title="bbox 60 389 1025 536">
     <span class='ocr_line' id='line_1_2' title="bbox 60 389 1025 468; baseline 0.001 -18"><span class='ocrx_word' id='word_1_4' title='bbox 60 391 129 450; x_wconf 86' lang='lat' dir='ltr'>iore</span> <span class='ocrx_word' id='word_1_5' title='bbox 153 391 383 468; x_wconf 88' lang='lat' dir='ltr'>impedimento,</span> <span class='ocrx_word' id='word_1_6' title='bbox 408 393 432 450; x_wconf 87' lang='lat' dir='ltr'>si</span> <span class='ocrx_word' id='word_1_7' title='bbox 456 390 576 451; x_wconf 89' lang='lat' dir='ltr'>clausus</span> <span class='ocrx_word' id='word_1_8' title='bbox 598 390 755 452; x_wconf 78' lang='lat' dir='ltr'>obsidione</span> <span class='ocrx_word' id='word_1_9' title='bbox 778 397 808 451; x_wconf 90' lang='lat' dir='ltr'>et</span> <span class='ocrx_word' id='word_1_10' title='bbox 832 389 950 451; x_wconf 91' lang='lat' dir='ltr'>inutilis</span> <span class='ocrx_word' id='word_1_11' title='bbox 972 408 1025 451; x_wconf 92' lang='lat' dir='ltr'>ne·</span> 
     </span>
     <span class='ocr_line' id='line_1_3' title="bbox 63 476 658 536; baseline 0.002 -2"><span class='ocrx_word' id='word_1_12' title='bbox 63 477 227 536; x_wconf 89' lang='lat' dir='ltr'>cessarium</span> <span class='ocrx_word' id='word_1_13' title='bbox 250 481 442 536; x_wconf 90' lang='lat' dir='ltr'>consumeret</span> <span class='ocrx_word' id='word_1_14' title='bbox 464 476 658 536; x_wconf 74' lang='lat' dir='ltr'>intumentum.</span> 
     </span>
    </p>

    <p class='ocr_par' dir='ltr' id='par_1_3' title="bbox 61 557 1120 1460">
     <span class='ocr_line' id='line_1_4' title="bbox 127 557 1062 638; baseline 0 -20"><span class='ocrx_word' id='word_1_15' title='bbox 127 557 215 619; x_wconf 89' lang='lat' dir='ltr'>LXll.</span> <span class='ocrx_word' id='word_1_16' title='bbox 259 558 424 638; x_wconf 90' lang='lat' dir='ltr'>Paucisque</span> <span class='ocrx_word' id='word_1_17' title='bbox 448 558 555 619; x_wconf 87' lang='lat' dir='ltr'>diebus</span> <span class='ocrx_word' id='word_1_18' title='bbox 578 559 659 620; x_wconf 88' lang='lat' dir='ltr'>Cassi</span> <span class='ocrx_word' id='word_1_19' title='bbox 683 560 794 620; x_wconf 88' lang='lat' dir='ltr'>litteris</span> <span class='ocrx_word' id='word_1_20' title='bbox 816 561 949 638; x_wconf 90' lang='lat' dir='ltr'>acceptis</span> <span class='ocrx_word' id='word_1_21' title='bbox 970 577 1025 618; x_wconf 86' lang='lat' dir='ltr'>rex</span> <span class='ocrx_word' id='word_1_22' title='bbox 1047 564 1062 611; x_wconf 88' lang='lat'>1</span> 
     </span>
     <span class='ocr_line' id='line_1_5' title="bbox 62 641 1026 722; baseline 0.003 -20"><span class='ocrx_word' id='word_1_23' title='bbox 62 641 167 720; x_wconf 83' lang='lat' dir='ltr'>Bogud</span> <span class='ocrx_word' id='word_1_24' title='bbox 190 660 257 703; x_wconf 88' lang='lat' dir='ltr'>com</span> <span class='ocrx_word' id='word_1_25' title='bbox 281 645 376 720; x_wconf 89' lang='lat' dir='ltr'>copiis</span> <span class='ocrx_word' id='word_1_26' title='bbox 397 645 481 703; x_wconf 89' lang='lat' dir='ltr'>venit</span> <span class='ocrx_word' id='word_1_27' title='bbox 502 642 696 721; x_wconf 84' lang='lat' dir='ltr'>adiungitque</span> <span class='ocrx_word' id='word_1_28' title='bbox 725 645 753 704; x_wconf 93' lang='lat' dir='ltr'>ei</span> <span class='ocrx_word' id='word_1_29' title='bbox 781 644 907 721; x_wconf 88' lang='lat' dir='ltr'>legioni,</span> <span class='ocrx_word' id='word_1_30' title='bbox 936 662 1026 722; x_wconf 92' lang='lat' dir='ltr'>quam</span> 
     </span>
     <span class='ocr_line' id='line_1_6' title="bbox 63 726 1024 807; baseline 0.002 -20"><span class='ocrx_word' id='word_1_31' title='bbox 63 743 166 788; x_wconf 88' lang='lat' dir='ltr'>secum</span> <span class='ocrx_word' id='word_1_32' title='bbox 189 727 360 797; x_wconf 80' lang='lat' dir='ltr'>adduxerat,</span> <span class='ocrx_word' id='word_1_33' title='bbox 384 728 554 806; x_wconf 79' lang='lat' dir='ltr'>complures</span> <span class='ocrx_word' id='word_1_34' title='bbox 575 726 717 788; x_wconf 77' lang='lat' dir='ltr'><strong>cohortes</strong></span> <span class='ocrx_word' id='word_1_35' title='bbox 731 728 903 788; x_wconf 85' lang='lat' dir='ltr'>auxiliarios</span> <span class='ocrx_word' id='word_1_36' title='bbox 917 728 1024 807; x_wconf 86' lang='lat' dir='ltr'>llispa·</span> 
     </span>
     <span class='ocr_line' id='line_1_7' title="bbox 63 810 1061 890; baseline 0 -18"><span class='ocrx_word' id='word_1_37' title='bbox 63 828 181 872; x_wconf 86' lang='lat' dir='ltr'>norum.</span> <span class='ocrx_word' id='word_1_38' title='bbox 231 811 380 890; x_wconf 84' lang='lat' dir='ltr'>Namque,</span> <span class='ocrx_word' id='word_1_39' title='bbox 409 814 497 872; x_wconf 91' lang='lat' dir='ltr'>utin</span> <span class='ocrx_word' id='word_1_40' title='bbox 520 810 659 872; x_wconf 85' lang='lat' dir='ltr'>civilibus</span> <span class='ocrx_word' id='word_1_41' title='bbox 682 811 923 872; x_wconf 87' lang='lat' dir='ltr'>dissensionibus</span> <span class='ocrx_word' id='word_1_42' title='bbox 945 815 1061 873; x_wconf 82' lang='lat' dir='ltr'>acci-2</span> 
     </span>
     <span class='ocr_line' id='line_1_8' title="bbox 63 893 1024 974; baseline 0.002 -19"><span class='ocrx_word' id='word_1_43' title='bbox 63 895 135 956; x_wconf 89' lang='lat' dir='ltr'>dere</span> <span class='ocrx_word' id='word_1_44' title='bbox 148 897 310 965; x_wconf 89' lang='lat' dir='ltr'>consuevit,</span> <span class='ocrx_word' id='word_1_45' title='bbox 335 897 377 956; x_wconf 88' lang='lat' dir='ltr'>iia</span> <span class='ocrx_word' id='word_1_46' title='bbox 386 893 576 974; x_wconf 80' lang='lat' dir='ltr'>temporibus</span> <span class='ocrx_word' id='word_1_47' title='bbox 588 896 649 957; x_wconf 92' lang='lat' dir='ltr'>illis</span> <span class='ocrx_word' id='word_1_48' title='bbox 661 895 690 956; x_wconf 88' lang='lat' dir='ltr'>in</span> <span class='ocrx_word' id='word_1_49' title='bbox 701 895 845 974; x_wconf 82' lang='lat' dir='ltr'>Hispania</span> <span class='ocrx_word' id='word_1_50' title='bbox 859 897 1024 957; x_wconf 81' lang='lat' dir='ltr'>nonnullae</span> 
     </span>
     <span class='ocr_line' id='line_1_9' title="bbox 63 979 1120 1064; baseline 0 -24"><span class='ocrx_word' id='word_1_51' title='bbox 63 980 199 1041; x_wconf 87' lang='lat' dir='ltr'>civitates</span> <span class='ocrx_word' id='word_1_52' title='bbox 220 979 312 1041; x_wconf 90' lang='lat' dir='ltr'>rebus</span> <span class='ocrx_word' id='word_1_53' title='bbox 334 979 417 1064; x_wconf 82' lang='lat' dir='ltr'>Cassi</span> <span class='ocrx_word' id='word_1_54' title='bbox 438 979 606 1049; x_wconf 81' lang='lat' dir='ltr'>studebant,</span> <span class='ocrx_word' id='word_1_55' title='bbox 629 980 732 1058; x_wconf 90' lang='lat' dir='ltr'>plures</span> <span class='ocrx_word' id='word_1_56' title='bbox 753 980 926 1041; x_wconf 82' lang='lat' dir='ltr'>Marcellum</span> <span class='ocrx_word' id='word_1_57' title='bbox 941 982 1023 1041; x_wconf 86' lang='lat' dir='ltr'>love·</span> <span class='ocrx_word' id='word_1_58' title='bbox 1115 989 1120 998; x_wconf 90' lang='lat'>&#39;</span> 
     </span>
     <span class='ocr_line' id='line_1_10' title="bbox 63 1063 1061 1142; baseline 0.001 -19"><span class='ocrx_word' id='word_1_59' title='bbox 63 1063 145 1124; x_wconf 89' lang='lat' dir='ltr'>bant.</span> <span class='ocrx_word' id='word_1_60' title='bbox 194 1063 318 1125; x_wconf 78' lang='lat' dir='ltr'>Accedit</span> <span class='ocrx_word' id='word_1_61' title='bbox 346 1083 414 1124; x_wconf 90' lang='lat' dir='ltr'>cum</span> <span class='ocrx_word' id='word_1_62' title='bbox 443 1066 539 1142; x_wconf 90' lang='lat' dir='ltr'>copiis</span> <span class='ocrx_word' id='word_1_63' title='bbox 560 1064 664 1142; x_wconf 86' lang='lat' dir='ltr'>Bogud</span> <span class='ocrx_word' id='word_1_64' title='bbox 693 1064 729 1125; x_wconf 91' lang='lat' dir='ltr'>ad</span> <span class='ocrx_word' id='word_1_65' title='bbox 759 1066 925 1126; x_wconf 84' lang='lat' dir='ltr'>exteriores</span> <span class='ocrx_word' id='word_1_66' title='bbox 946 1065 1061 1125; x_wconf 83' lang='lat' dir='ltr'>Mar-3</span> 
     </span>
     <span class='ocr_line' id='line_1_11' title="bbox 63 1147 1024 1227; baseline 0.001 -18"><span class='ocrx_word' id='word_1_67' title='bbox 63 1148 133 1209; x_wconf 90' lang='lat' dir='ltr'>celli</span> <span class='ocrx_word' id='word_1_68' title='bbox 153 1150 346 1208; x_wconf 90' lang='lat' dir='ltr'>munitiones.</span> <span class='ocrx_word' id='word_1_69' title='bbox 391 1147 545 1225; x_wconf 86' lang='lat' dir='ltr'>Pugnatur</span> <span class='ocrx_word' id='word_1_70' title='bbox 567 1151 719 1227; x_wconf 87' lang='lat' dir='ltr'>utrimque</span> <span class='ocrx_word' id='word_1_71' title='bbox 742 1151 867 1218; x_wconf 90' lang='lat' dir='ltr'>acriter,</span> <span class='ocrx_word' id='word_1_72' title='bbox 895 1147 1024 1210; x_wconf 80' lang='lat' dir='ltr'>erebro·</span> 
     </span>
     <span class='ocr_line' id='line_1_12' title="bbox 62 1231 1025 1311; baseline 0.002 -19"><span class='ocrx_word' id='word_1_73' title='bbox 62 1251 121 1310; x_wconf 87' lang='lat' dir='ltr'>que</span> <span class='ocrx_word' id='word_1_74' title='bbox 144 1231 176 1291; x_wconf 92' lang='lat' dir='ltr'>id</span> <span class='ocrx_word' id='word_1_75' title='bbox 198 1233 308 1293; x_wconf 89' lang='lat' dir='ltr'>accidit</span> <span class='ocrx_word' id='word_1_76' title='bbox 337 1235 458 1292; x_wconf 89' lang='lat' dir='ltr'>iortuna</span> <span class='ocrx_word' id='word_1_77' title='bbox 486 1250 574 1311; x_wconf 85' lang='lat' dir='ltr'>saepe</span> <span class='ocrx_word' id='word_1_78' title='bbox 603 1231 639 1292; x_wconf 90' lang='lat' dir='ltr'>ad</span> <span class='ocrx_word' id='word_1_79' title='bbox 673 1241 833 1311; x_wconf 89' lang='lat' dir='ltr'>utrumque</span> <span class='ocrx_word' id='word_1_80' title='bbox 867 1235 1025 1294; x_wconf 87' lang='lat' dir='ltr'>victoriam</span> 
     </span>
     <span class='ocr_line' id='line_1_13' title="bbox 62 1316 1024 1396; baseline 0 -20"><span class='ocrx_word' id='word_1_81' title='bbox 62 1318 280 1384; x_wconf 77' lang='lat' dir='ltr'>transferente;</span> <span class='ocrx_word' id='word_1_82' title='bbox 304 1334 360 1377; x_wconf 92' lang='lat' dir='ltr'>nec</span> <span class='ocrx_word' id='word_1_83' title='bbox 381 1324 482 1376; x_wconf 88' lang='lat' dir='ltr'>tamen</span> <span class='ocrx_word' id='word_1_84' title='bbox 504 1334 647 1394; x_wconf 90' lang='lat' dir='ltr'>umquam</span> <span class='ocrx_word' id='word_1_85' title='bbox 669 1316 706 1376; x_wconf 91' lang='lat' dir='ltr'>ab</span> <span class='ocrx_word' id='word_1_86' title='bbox 729 1316 875 1396; x_wconf 87' lang='lat' dir='ltr'>operibus</span> <span class='ocrx_word' id='word_1_87' title='bbox 898 1317 1024 1395; x_wconf 88' lang='lat' dir='ltr'>depelli·</span> 
     </span>
     <span class='ocr_line' id='line_1_14' title="bbox 61 1399 525 1460; baseline -0.004 0"><span class='ocrx_word' id='word_1_88' title='bbox 61 1409 113 1460; x_wconf 89' lang='lat' dir='ltr'>tur</span> <span class='ocrx_word' id='word_1_89' title='bbox 133 1399 303 1460; x_wconf 86' lang='lat' dir='ltr'>Marcellus.</span> <span class='ocrx_word' id='word_1_90' title='bbox 521 1422 525 1427; x_wconf 95' lang='lat'>·</span> 
     </span>
    </p>

    <p class='ocr_par' dir='ltr' id='par_1_4' title="bbox 57 1482 1072 3496">
     <span class='ocr_line' id='line_1_15' title="bbox 125 1482 1060 1564; baseline 0 -20"><span class='ocrx_word' id='word_1_91' title='bbox 125 1482 226 1545; x_wconf 85' lang='lat' dir='ltr'>LXlll.</span> <span class='ocrx_word' id='word_1_92' title='bbox 271 1483 395 1544; x_wconf 86' lang='lat' dir='ltr'>Interim</span> <span class='ocrx_word' id='word_1_93' title='bbox 410 1483 540 1563; x_wconf 84' lang='lat' dir='ltr'>Lepidus</span> <span class='ocrx_word' id='word_1_94' title='bbox 562 1502 599 1544; x_wconf 85' lang='lat' dir='ltr'>ex</span> <span class='ocrx_word' id='word_1_95' title='bbox 621 1487 764 1546; x_wconf 83' lang='lat' dir='ltr'>citeriore</span> <span class='ocrx_word' id='word_1_96' title='bbox 786 1486 940 1564; x_wconf 88' lang='lat' dir='ltr'>provincia</span> <span class='ocrx_word' id='word_1_97' title='bbox 956 1504 1025 1547; x_wconf 90' lang='lat' dir='ltr'>cum</span> <span class='ocrx_word' id='word_1_98' title='bbox 1045 1496 1060 1544; x_wconf 87' lang='lat'>1</span> 
     </span>
     <span class='ocr_line' id='line_1_16' title="bbox 62 1567 1023 1648; baseline 0.003 -21"><span class='ocrx_word' id='word_1_99' title='bbox 62 1567 238 1628; x_wconf 84' lang='lat' dir='ltr'>cohortibus</span> <span class='ocrx_word' id='word_1_100' title='bbox 266 1567 442 1645; x_wconf 82' lang='lat' dir='ltr'>legionariis</span> <span class='ocrx_word' id='word_1_101' title='bbox 467 1578 567 1627; x_wconf 82' lang='lat' dir='ltr'><strong>xxxv</strong></span> <span class='ocrx_word' id='word_1_102' title='bbox 593 1585 761 1646; x_wconf 84' lang='lat' dir='ltr'>magnoque</span> <span class='ocrx_word' id='word_1_103' title='bbox 789 1587 916 1630; x_wconf 91' lang='lat' dir='ltr'>numero</span> <span class='ocrx_word' id='word_1_104' title='bbox 939 1572 1023 1648; x_wconf 91' lang='lat' dir='ltr'>equi-</span> 
     </span>
     <span class='ocr_line' id='line_1_17' title="bbox 61 1650 1022 1730; baseline 0.002 -18"><span class='ocrx_word' id='word_1_105' title='bbox 61 1661 126 1712; x_wconf 89' lang='lat' dir='ltr'>turn</span> <span class='ocrx_word' id='word_1_106' title='bbox 148 1660 177 1712; x_wconf 89' lang='lat' dir='ltr'>et</span> <span class='ocrx_word' id='word_1_107' title='bbox 199 1650 386 1730; x_wconf 87' lang='lat' dir='ltr'>reliquorum</span> <span class='ocrx_word' id='word_1_108' title='bbox 405 1652 588 1712; x_wconf 68' lang='lat' dir='ltr'>auxiliorum</span> <span class='ocrx_word' id='word_1_109' title='bbox 616 1655 698 1711; x_wconf 87' lang='lat' dir='ltr'>venit</span> <span class='ocrx_word' id='word_1_110' title='bbox 725 1672 759 1713; x_wconf 90' lang='lat' dir='ltr'>ea</span> <span class='ocrx_word' id='word_1_111' title='bbox 787 1660 887 1713; x_wconf 91' lang='lat' dir='ltr'>mente</span> <span class='ocrx_word' id='word_1_112' title='bbox 915 1653 1022 1723; x_wconf 91' lang='lat' dir='ltr'>Uliam,</span> 
     </span>
     <span class='ocr_line' id='line_1_18' title="bbox 61 1735 1023 1815; baseline 0.002 -19"><span class='ocrx_word' id='word_1_113' title='bbox 61 1745 96 1797; x_wconf 90' lang='lat' dir='ltr'>ut</span> <span class='ocrx_word' id='word_1_114' title='bbox 110 1737 173 1796; x_wconf 85' lang='lat' dir='ltr'>sine</span> <span class='ocrx_word' id='word_1_115' title='bbox 189 1736 252 1797; x_wconf 89' lang='lat' dir='ltr'>ullo</span> <span class='ocrx_word' id='word_1_116' title='bbox 273 1735 373 1796; x_wconf 86' lang='lat' dir='ltr'>studio</span> <span class='ocrx_word' id='word_1_117' title='bbox 397 1738 605 1797; x_wconf 85' lang='lat' dir='ltr'>contentiones</span> <span class='ocrx_word' id='word_1_118' title='bbox 628 1737 709 1797; x_wconf 89' lang='lat' dir='ltr'>Cassi</span> <span class='ocrx_word' id='word_1_119' title='bbox 724 1735 918 1815; x_wconf 80' lang='lat' dir='ltr'>Marcellique</span> <span class='ocrx_word' id='word_1_120' title='bbox 942 1756 1023 1798; x_wconf 92' lang='lat' dir='ltr'>com·</span> 
     </span>
     <span class='ocr_line' id='line_1_19' title="bbox 61 1819 1059 1900; baseline -0.002 -19"><span class='ocrx_word' id='word_1_121' title='bbox 61 1827 199 1900; x_wconf 88' lang='lat' dir='ltr'>poneret.</span> <span class='ocrx_word' id='word_1_122' title='bbox 244 1820 321 1881; x_wconf 90' lang='lat' dir='ltr'>lluic</span> <span class='ocrx_word' id='word_1_123' title='bbox 342 1822 476 1882; x_wconf 84' lang='lat' dir='ltr'>venienti</span> <span class='ocrx_word' id='word_1_124' title='bbox 499 1822 564 1880; x_wconf 89' lang='lat' dir='ltr'>sine</span> <span class='ocrx_word' id='word_1_125' title='bbox 588 1819 774 1880; x_wconf 90' lang='lat' dir='ltr'>dubitatione</span> <span class='ocrx_word' id='word_1_126' title='bbox 796 1820 957 1883; x_wconf 79' lang='lat' dir='ltr'>Marcellus</span> <span class='ocrx_word' id='word_1_127' title='bbox 990 1839 1022 1882; x_wconf 92' lang='lat' dir='ltr'>se</span> <span class='ocrx_word' id='word_1_128' title='bbox 1042 1830 1059 1879; x_wconf 79' lang='lat'>2</span> 
     </span>
     <span class='ocr_line' id='line_1_20' title="bbox 62 1904 1023 1984; baseline 0 -18"><span class='ocrx_word' id='word_1_129' title='bbox 62 1904 160 1966; x_wconf 87' lang='lat' dir='ltr'>credit</span> <span class='ocrx_word' id='word_1_130' title='bbox 182 1913 270 1984; x_wconf 91' lang='lat' dir='ltr'>atque</span> <span class='ocrx_word' id='word_1_131' title='bbox 293 1905 394 1973; x_wconf 86' lang='lat' dir='ltr'>oliert;</span> <span class='ocrx_word' id='word_1_132' title='bbox 423 1904 541 1966; x_wconf 83' lang='lat' dir='ltr'>Cassius</span> <span class='ocrx_word' id='word_1_133' title='bbox 564 1912 669 1965; x_wconf 90' lang='lat' dir='ltr'>contra</span> <span class='ocrx_word' id='word_1_134' title='bbox 691 1906 755 1966; x_wconf 91' lang='lat' dir='ltr'>suis</span> <span class='ocrx_word' id='word_1_135' title='bbox 776 1922 808 1965; x_wconf 88' lang='lat' dir='ltr'>se</span> <span class='ocrx_word' id='word_1_136' title='bbox 830 1912 915 1966; x_wconf 90' lang='lat' dir='ltr'>tenet</span> <span class='ocrx_word' id='word_1_137' title='bbox 935 1923 1023 1984; x_wconf 85' lang='lat' dir='ltr'>prae·</span> 
     </span>
     <span class='ocr_line' id='line_1_21' title="bbox 61 1987 1022 2068; baseline -0.002 -18"><span class='ocrx_word' id='word_1_138' title='bbox 61 1989 159 2059; x_wconf 91' lang='lat' dir='ltr'>sidiis,</span> <span class='ocrx_word' id='word_1_139' title='bbox 183 1991 244 2049; x_wconf 84' lang='lat' dir='ltr'>sire</span> <span class='ocrx_word' id='word_1_140' title='bbox 263 2007 309 2058; x_wconf 91' lang='lat' dir='ltr'>eo,</span> <span class='ocrx_word' id='word_1_141' title='bbox 333 1988 413 2066; x_wconf 90' lang='lat' dir='ltr'>quod</span> <span class='ocrx_word' id='word_1_142' title='bbox 435 1989 503 2068; x_wconf 91' lang='lat' dir='ltr'>plus</span> <span class='ocrx_word' id='word_1_143' title='bbox 522 1988 585 2050; x_wconf 87' lang='lat' dir='ltr'>sibi</span> <span class='ocrx_word' id='word_1_144' title='bbox 607 1990 683 2049; x_wconf 89' lang='lat' dir='ltr'>iuris</span> <span class='ocrx_word' id='word_1_145' title='bbox 706 1987 812 2050; x_wconf 89' lang='lat' dir='ltr'>deberi</span> <span class='ocrx_word' id='word_1_146' title='bbox 835 2008 924 2068; x_wconf 92' lang='lat' dir='ltr'>quam</span> <span class='ocrx_word' id='word_1_147' title='bbox 945 1989 1022 2049; x_wconf 82' lang='lat' dir='ltr'>llar-</span> 
     </span>
     <span class='ocr_line' id='line_1_22' title="bbox 62 2071 1022 2152; baseline -0.001 -17"><span class='ocrx_word' id='word_1_148' title='bbox 62 2073 140 2135; x_wconf 89' lang='lat' dir='ltr'>cello</span> <span class='ocrx_word' id='word_1_149' title='bbox 168 2073 373 2142; x_wconf 89' lang='lat' dir='ltr'>existimabat,</span> <span class='ocrx_word' id='word_1_150' title='bbox 407 2075 469 2133; x_wconf 83' lang='lat' dir='ltr'>sire</span> <span class='ocrx_word' id='word_1_151' title='bbox 488 2080 550 2142; x_wconf 89' lang='lat' dir='ltr'>eo,</span> <span class='ocrx_word' id='word_1_152' title='bbox 585 2071 679 2152; x_wconf 91' lang='lat' dir='ltr'>quod,</span> <span class='ocrx_word' id='word_1_153' title='bbox 713 2091 751 2134; x_wconf 89' lang='lat' dir='ltr'>ne</span> <span class='ocrx_word' id='word_1_154' title='bbox 784 2081 1022 2152; x_wconf 89' lang='lat' dir='ltr'>praeoccupatus</span> 
     </span>
     <span class='ocr_line' id='line_1_23' title="bbox 60 2155 1021 2236; baseline 0 -17"><span class='ocrx_word' id='word_1_155' title='bbox 60 2158 180 2219; x_wconf 88' lang='lat' dir='ltr'>animus</span> <span class='ocrx_word' id='word_1_156' title='bbox 208 2157 314 2235; x_wconf 90' lang='lat' dir='ltr'>Lepidi</span> <span class='ocrx_word' id='word_1_157' title='bbox 348 2164 428 2219; x_wconf 89' lang='lat' dir='ltr'>esset</span> <span class='ocrx_word' id='word_1_158' title='bbox 464 2155 610 2236; x_wconf 90' lang='lat' dir='ltr'>obsequio</span> <span class='ocrx_word' id='word_1_159' title='bbox 647 2157 812 2228; x_wconf 85' lang='lat' dir='ltr'>adversari,</span> <span class='ocrx_word' id='word_1_160' title='bbox 850 2157 1021 2220; x_wconf 89' lang='lat' dir='ltr'>verebatur.</span> 
     </span>
     <span class='ocr_line' id='line_1_24' title="bbox 60 2240 1059 2320; baseline -0.001 -17"><span class='ocrx_word' id='word_1_161' title='bbox 60 2241 153 2306; x_wconf 85' lang='lat' dir='ltr'>Ponit</span> <span class='ocrx_word' id='word_1_162' title='bbox 174 2241 211 2301; x_wconf 90' lang='lat' dir='ltr'>ad</span> <span class='ocrx_word' id='word_1_163' title='bbox 232 2240 331 2302; x_wconf 89' lang='lat' dir='ltr'>Uliam</span> <span class='ocrx_word' id='word_1_164' title='bbox 354 2249 451 2302; x_wconf 89' lang='lat' dir='ltr'>castra</span> <span class='ocrx_word' id='word_1_165' title='bbox 472 2240 604 2320; x_wconf 87' lang='lat' dir='ltr'>Lepidus</span> <span class='ocrx_word' id='word_1_166' title='bbox 625 2259 723 2320; x_wconf 90' lang='lat' dir='ltr'>neque</span> <span class='ocrx_word' id='word_1_167' title='bbox 745 2241 866 2302; x_wconf 90' lang='lat' dir='ltr'>habeta</span> <span class='ocrx_word' id='word_1_168' title='bbox 880 2242 1022 2304; x_wconf 85' lang='lat' dir='ltr'>Marcello</span> <span class='ocrx_word' id='word_1_169' title='bbox 1042 2246 1059 2294; x_wconf 81' lang='grc'>3</span> 
     </span>
     <span class='ocr_line' id='line_1_25' title="bbox 60 2324 1020 2406; baseline 0.002 -20"><span class='ocrx_word' id='word_1_170' title='bbox 60 2325 339 2406; x_wconf 68' lang='lat' dir='ltr'>quicquarn‘divisi.</span> <span class='ocrx_word' id='word_1_171' title='bbox 388 2324 431 2385; x_wconf 88' lang='lat' dir='ltr'>Ne</span> <span class='ocrx_word' id='word_1_172' title='bbox 454 2333 620 2404; x_wconf 87' lang='lat' dir='ltr'>pugnetur,</span> <span class='ocrx_word' id='word_1_173' title='bbox 651 2324 821 2395; x_wconf 91' lang='lat' dir='ltr'>interdicit;</span> <span class='ocrx_word' id='word_1_174' title='bbox 850 2327 887 2387; x_wconf 90' lang='lat' dir='ltr'>ad</span> <span class='ocrx_word' id='word_1_175' title='bbox 908 2345 1020 2388; x_wconf 84' lang='lat' dir='ltr'>exeun·</span> 
     </span>
     <span class='ocr_line' id='line_1_26' title="bbox 60 2410 1021 2487; baseline -0.001 -16"><span class='ocrx_word' id='word_1_176' title='bbox 60 2411 133 2471; x_wconf 88' lang='lat' dir='ltr'>dum</span> <span class='ocrx_word' id='word_1_177' title='bbox 156 2410 291 2471; x_wconf 91' lang='lat' dir='ltr'>Cassium</span> <span class='ocrx_word' id='word_1_178' title='bbox 314 2410 419 2470; x_wconf 88' lang='lat' dir='ltr'>invitat</span> <span class='ocrx_word' id='word_1_179' title='bbox 441 2410 589 2487; x_wconf 89' lang='lat' dir='ltr'>iidemque</span> <span class='ocrx_word' id='word_1_180' title='bbox 612 2427 696 2470; x_wconf 89' lang='lat' dir='ltr'>suam</span> <span class='ocrx_word' id='word_1_181' title='bbox 718 2411 750 2471; x_wconf 91' lang='lat' dir='ltr'>in</span> <span class='ocrx_word' id='word_1_182' title='bbox 772 2428 805 2470; x_wconf 89' lang='lat' dir='ltr'>re</span> <span class='ocrx_word' id='word_1_183' title='bbox 829 2414 911 2471; x_wconf 87' lang='lat' dir='ltr'>omni</span> <span class='ocrx_word' id='word_1_184' title='bbox 927 2413 1021 2473; x_wconf 88' lang='lat' dir='ltr'>inter-</span> 
     </span>
     <span class='ocr_line' id='line_1_27' title="bbox 59 2492 1059 2574; baseline -0.006 -19"><span class='ocrx_word' id='word_1_185' title='bbox 59 2496 157 2574; x_wconf 83' lang='lat' dir='ltr'>ponit.</span> <span class='ocrx_word' id='word_1_186' title='bbox 207 2493 355 2555; x_wconf 88' lang='lat' dir='ltr'>Cumdiu</span> <span class='ocrx_word' id='word_1_187' title='bbox 377 2492 543 2554; x_wconf 86' lang='lat' dir='ltr'>dubitasset</span> <span class='ocrx_word' id='word_1_188' title='bbox 565 2494 700 2562; x_wconf 82' lang='lat' dir='ltr'>Cassius,</span> <span class='ocrx_word' id='word_1_189' title='bbox 727 2493 799 2572; x_wconf 91' lang='lat' dir='ltr'>quid</span> <span class='ocrx_word' id='word_1_190' title='bbox 826 2493 886 2554; x_wconf 89' lang='lat' dir='ltr'>sibi</span> <span class='ocrx_word' id='word_1_191' title='bbox 907 2496 1059 2556; x_wconf 77' lang='lat' dir='ltr'>facien-4</span> 
     </span>
     <span class='ocr_line' id='line_1_28' title="bbox 60 2577 1022 2658; baseline 0 -20"><span class='ocrx_word' id='word_1_192' title='bbox 60 2579 133 2640; x_wconf 81' lang='lat' dir='ltr'>ditm</span> <span class='ocrx_word' id='word_1_193' title='bbox 160 2577 268 2658; x_wconf 88' lang='lat' dir='ltr'>quidve</span> <span class='ocrx_word' id='word_1_194' title='bbox 295 2577 408 2656; x_wconf 87' lang='lat' dir='ltr'>Lepido</span> <span class='ocrx_word' id='word_1_195' title='bbox 443 2584 522 2638; x_wconf 86' lang='lat' dir='ltr'>esset</span> <span class='ocrx_word' id='word_1_196' title='bbox 555 2577 756 2647; x_wconf 87' lang='lat' dir='ltr'>credendum,</span> <span class='ocrx_word' id='word_1_197' title='bbox 793 2596 891 2657; x_wconf 91' lang='lat' dir='ltr'>neque</span> <span class='ocrx_word' id='word_1_198' title='bbox 927 2579 1022 2640; x_wconf 88' lang='lat' dir='ltr'>ulium</span> 
     </span>
     <span class='ocr_line' id='line_1_29' title="bbox 61 2663 1021 2741; baseline 0 -18"><span class='ocrx_word' id='word_1_199' title='bbox 61 2663 176 2723; x_wconf 78' lang='lat' dir='ltr'>exitum</span> <span class='ocrx_word' id='word_1_200' title='bbox 200 2663 319 2723; x_wconf 91' lang='lat' dir='ltr'>consilii</span> <span class='ocrx_word' id='word_1_201' title='bbox 336 2664 383 2722; x_wconf 87' lang='lat' dir='ltr'>sui</span> <span class='ocrx_word' id='word_1_202' title='bbox 398 2664 560 2741; x_wconf 88' lang='lat' dir='ltr'>reperiret,</span> <span class='ocrx_word' id='word_1_203' title='bbox 583 2665 610 2722; x_wconf 89' lang='lat' dir='ltr'>si</span> <span class='ocrx_word' id='word_1_204' title='bbox 632 2670 825 2740; x_wconf 87' lang='lat' dir='ltr'>permaneret</span> <span class='ocrx_word' id='word_1_205' title='bbox 847 2664 878 2723; x_wconf 93' lang='lat' dir='ltr'>in</span> <span class='ocrx_word' id='word_1_206' title='bbox 899 2671 1021 2725; x_wconf 92' lang='lat' dir='ltr'>senten-</span> 
     </span>
     <span class='ocr_line' id='line_1_30' title="bbox 60 2746 1022 2825; baseline 0 -19"><span class='ocrx_word' id='word_1_207' title='bbox 60 2749 113 2816; x_wconf 84' lang='lat' dir='ltr'>tia,</span> <span class='ocrx_word' id='word_1_208' title='bbox 136 2746 283 2825; x_wconf 88' lang='lat' dir='ltr'>postulat,</span> <span class='ocrx_word' id='word_1_209' title='bbox 306 2749 351 2807; x_wconf 90' lang='lat' dir='ltr'>uti</span> <span class='ocrx_word' id='word_1_210' title='bbox 373 2748 557 2807; x_wconf 88' lang='lat' dir='ltr'>munitiones</span> <span class='ocrx_word' id='word_1_211' title='bbox 577 2747 782 2808; x_wconf 89' lang='lat' dir='ltr'>disicerentur</span> <span class='ocrx_word' id='word_1_212' title='bbox 804 2746 922 2825; x_wconf 90' lang='lat' dir='ltr'>sibique</span> <span class='ocrx_word' id='word_1_213' title='bbox 944 2746 1022 2806; x_wconf 90' lang='lat' dir='ltr'>liber</span> 
     </span>
     <span class='ocr_line' id='line_1_31' title="bbox 60 2829 1059 2909; baseline -0.002 -16"><span class='ocrx_word' id='word_1_214' title='bbox 60 2832 160 2894; x_wconf 84' lang='lat' dir='ltr'>exitus</span> <span class='ocrx_word' id='word_1_215' title='bbox 182 2830 313 2891; x_wconf 87' lang='lat' dir='ltr'>daretur.</span> <span class='ocrx_word' id='word_1_216' title='bbox 359 2829 424 2891; x_wconf 89' lang='lat' dir='ltr'>Non</span> <span class='ocrx_word' id='word_1_217' title='bbox 445 2838 562 2891; x_wconf 87' lang='lat' dir='ltr'>tantum</span> <span class='ocrx_word' id='word_1_218' title='bbox 584 2830 711 2892; x_wconf 91' lang='lat' dir='ltr'>indutiis</span> <span class='ocrx_word' id='word_1_219' title='bbox 732 2831 836 2898; x_wconf 85' lang='lat' dir='ltr'>iactis,¹</span> <span class='ocrx_word' id='word_1_220' title='bbox 853 2830 906 2890; x_wconf 89' lang='lat' dir='ltr'>sed</span> <span class='ocrx_word' id='word_1_221' title='bbox 927 2832 1059 2909; x_wconf 86' lang='lat' dir='ltr'>prope5</span> 
     </span>
     <span class='ocr_line' id='line_1_32' title="bbox 60 2912 1021 2994; baseline 0 -19"><span class='ocrx_word' id='word_1_222' title='bbox 60 2917 121 2978; x_wconf 91' lang='lat' dir='ltr'>iam</span> <span class='ocrx_word' id='word_1_223' title='bbox 137 2931 221 2992; x_wconf 82' lang='lat' dir='ltr'>pace</span> <span class='ocrx_word' id='word_1_224' title='bbox 248 2917 412 2976; x_wconf 89' lang='lat' dir='ltr'>constituta</span> <span class='ocrx_word' id='word_1_225' title='bbox 439 2932 531 2994; x_wconf 89' lang='lat' dir='ltr'>opera</span> <span class='ocrx_word' id='word_1_226' title='bbox 557 2930 626 2974; x_wconf 83' lang='lat' dir='ltr'>cum</span> <span class='ocrx_word' id='word_1_227' title='bbox 651 2912 892 2992; x_wconf 89' lang='lat' dir='ltr'>complanarent,</span> <span class='ocrx_word' id='word_1_228' title='bbox 920 2921 1021 2975; x_wconf 88' lang='lat' dir='ltr'>custo·</span> 
     </span>
     <span class='ocr_line' id='line_1_33' title="bbox 58 2996 1072 3081; baseline -0.002 -21"><span class='ocrx_word' id='word_1_229' title='bbox 58 3000 187 3078; x_wconf 89' lang='lat' dir='ltr'>diaeque</span> <span class='ocrx_word' id='word_1_230' title='bbox 208 3001 411 3059; x_wconf 88' lang='lat' dir='ltr'>munitionum</span> <span class='ocrx_word' id='word_1_231' title='bbox 434 3005 535 3058; x_wconf 89' lang='lat' dir='ltr'>essent</span> <span class='ocrx_word' id='word_1_232' title='bbox 557 2996 716 3068; x_wconf 90' lang='lat' dir='ltr'>deductae,</span> <span class='ocrx_word' id='word_1_233' title='bbox 744 2996 856 3059; x_wconf 84' lang='lat' dir='ltr'>auxilia</span> <span class='ocrx_word' id='word_1_234' title='bbox 885 2999 967 3075; x_wconf 90' lang='lat' dir='ltr'>regis</span> <span class='ocrx_word' id='word_1_235' title='bbox 989 3000 1022 3058; x_wconf 90' lang='lat' dir='ltr'>in</span> <span class='ocrx_word' id='word_1_236' title='bbox 1065 3070 1072 3081; x_wconf 34' lang='grc' dir='ltr'>Ι</span> 
     </span>
     <span class='ocr_line' id='line_1_34' title="bbox 59 3081 1022 3162; baseline -0.003 -17"><span class='ocrx_word' id='word_1_237' title='bbox 59 3084 91 3145; x_wconf 92' lang='lat' dir='ltr'>id</span> <span class='ocrx_word' id='word_1_238' title='bbox 113 3083 272 3146; x_wconf 88' lang='lat' dir='ltr'>castellum</span> <span class='ocrx_word' id='word_1_239' title='bbox 294 3081 444 3151; x_wconf 88' lang='lat' dir='ltr'>Marcelli,</span> <span class='ocrx_word' id='word_1_240' title='bbox 475 3081 554 3161; x_wconf 89' lang='lat' dir='ltr'>quod</span> <span class='ocrx_word' id='word_1_241' title='bbox 582 3084 753 3162; x_wconf 81' lang='lat' dir='ltr'>proximum</span> <span class='ocrx_word' id='word_1_242' title='bbox 782 3089 845 3142; x_wconf 85' lang='lat' dir='ltr'>eret</span> <span class='ocrx_word' id='word_1_243' title='bbox 866 3085 949 3159; x_wconf 84' lang='lat' dir='ltr'>regis</span> <span class='ocrx_word' id='word_1_244' title='bbox 971 3100 1022 3143; x_wconf 88' lang='lat' dir='ltr'>ca·</span> 
     </span>
     <span class='ocr_line' id='line_1_35' title="bbox 59 3165 1022 3246; baseline -0.001 -18"><span class='ocrx_word' id='word_1_245' title='bbox 59 3169 140 3239; x_wconf 88' lang='lat' dir='ltr'>stris,</span> <span class='ocrx_word' id='word_1_246' title='bbox 163 3185 261 3246; x_wconf 87' lang='lat' dir='ltr'>neque</span> <span class='ocrx_word' id='word_1_247' title='bbox 283 3165 479 3246; x_wconf 89' lang='lat' dir='ltr'>opinantibus</span> <span class='ocrx_word' id='word_1_248' title='bbox 501 3165 642 3227; x_wconf 88' lang='lat' dir='ltr'>omnibus</span> <span class='ocrx_word' id='word_1_249' title='bbox 663 3199 706 3210; x_wconf 91' lang='lat'>--</span> <span class='ocrx_word' id='word_1_250' title='bbox 721 3168 747 3225; x_wconf 91' lang='lat' dir='ltr'>si</span> <span class='ocrx_word' id='word_1_251' title='bbox 761 3174 862 3226; x_wconf 88' lang='lat' dir='ltr'>tamen</span> <span class='ocrx_word' id='word_1_252' title='bbox 877 3169 909 3227; x_wconf 93' lang='lat' dir='ltr'>in</span> <span class='ocrx_word' id='word_1_253' title='bbox 924 3167 1022 3227; x_wconf 90' lang='lat' dir='ltr'>omni·</span> 
     </span>
     <span class='ocr_line' id='line_1_36' title="bbox 59 3250 1023 3314; baseline -0.002 -2"><span class='ocrx_word' id='word_1_254' title='bbox 59 3252 117 3314; x_wconf 84' lang='lat' dir='ltr'>bus</span> <span class='ocrx_word' id='word_1_255' title='bbox 132 3253 191 3313; x_wconf 90' lang='lat' dir='ltr'>luit</span> <span class='ocrx_word' id='word_1_256' title='bbox 206 3251 339 3313; x_wconf 88' lang='lat' dir='ltr'>Cassius:</span> <span class='ocrx_word' id='word_1_257' title='bbox 363 3269 432 3311; x_wconf 92' lang='lat' dir='ltr'>nam</span> <span class='ocrx_word' id='word_1_258' title='bbox 451 3250 487 3311; x_wconf 92' lang='lat' dir='ltr'>de</span> <span class='ocrx_word' id='word_1_259' title='bbox 509 3250 600 3312; x_wconf 91' lang='lat' dir='ltr'>buius</span> <span class='ocrx_word' id='word_1_260' title='bbox 623 3251 809 3312; x_wconf 88' lang='lat' dir='ltr'>conscientia</span> <span class='ocrx_word' id='word_1_261' title='bbox 826 3250 1023 3311; x_wconf 87' lang='lat' dir='ltr'>dubitabatur</span> 
     </span>
     <span class='ocr_line' id='line_1_37' title="bbox 57 3333 1021 3416; baseline -0.001 -19"><span class='ocrx_word' id='word_1_262' title='bbox 57 3368 101 3381; x_wconf 84' lang='lat'>-</span> <span class='ocrx_word' id='word_1_263' title='bbox 112 3339 258 3416; x_wconf 89' lang='lat' dir='ltr'>impetum</span> <span class='ocrx_word' id='word_1_264' title='bbox 273 3337 412 3396; x_wconf 86' lang='lat' dir='ltr'>lecerunt</span> <span class='ocrx_word' id='word_1_265' title='bbox 427 3334 656 3414; x_wconf 89' lang='lat' dir='ltr'>compluresque</span> <span class='ocrx_word' id='word_1_266' title='bbox 671 3333 715 3393; x_wconf 91' lang='lat' dir='ltr'>ibi</span> <span class='ocrx_word' id='word_1_267' title='bbox 730 3335 843 3395; x_wconf 88' lang='lat' dir='ltr'>milites</span> <span class='ocrx_word' id='word_1_268' title='bbox 864 3352 1021 3413; x_wconf 91' lang='lat' dir='ltr'>oppresse·</span> 
     </span>
     <span class='ocr_line' id='line_1_38' title="bbox 58 3418 1064 3496; baseline 0.001 -16"><span class='ocrx_word' id='word_1_269' title='bbox 58 3429 140 3482; x_wconf 88' lang='lat' dir='ltr'>runt.</span> <span class='ocrx_word' id='word_1_270' title='bbox 186 3419 272 3492; x_wconf 86' lang='lat' dir='ltr'>Quod</span> <span class='ocrx_word' id='word_1_271' title='bbox 288 3421 347 3480; x_wconf 87' lang='lat' dir='ltr'>nisi</span> <span class='ocrx_word' id='word_1_272' title='bbox 363 3419 504 3480; x_wconf 88' lang='lat' dir='ltr'>celeriter</span> <span class='ocrx_word' id='word_1_273' title='bbox 520 3419 727 3496; x_wconf 86' lang='lat' dir='ltr'>indignatione</span> <span class='ocrx_word' id='word_1_274' title='bbox 743 3427 773 3479; x_wconf 91' lang='lat' dir='ltr'>et</span> <span class='ocrx_word' id='word_1_275' title='bbox 788 3420 900 3479; x_wconf 83' lang='lat' dir='ltr'>auxilio</span> <span class='ocrx_word' id='word_1_276' title='bbox 915 3418 1026 3496; x_wconf 86' lang='lat' dir='ltr'>Lepidi</span> <span class='ocrx_word' id='word_1_277' title='bbox 1041 3431 1064 3481; x_wconf 72' lang='lat' dir='ltr'>u</span> 
     </span>
    </p>
   </div>
   <div class='ocr_carea' id='block_1_3' title="bbox 56 3501 1049 3654">
    <p class='ocr_par' dir='ltr' id='par_1_5' title="bbox 56 3501 1049 3654">
     <span class='ocr_line' id='line_1_39' title="bbox 56 3501 1049 3586; baseline -0.01 -20"><span class='ocrx_word' id='word_1_278' title='bbox 56 3505 206 3586; x_wconf 89' lang='lat' dir='ltr'>proelium</span> <span class='ocrx_word' id='word_1_279' title='bbox 219 3512 298 3564; x_wconf 84' lang='lat' dir='ltr'>esset</span> <span class='ocrx_word' id='word_1_280' title='bbox 309 3503 501 3585; x_wconf 89' lang='lat' dir='ltr'>diremptum,</span> <span class='ocrx_word' id='word_1_281' title='bbox 524 3505 623 3567; x_wconf 85' lang='lat' dir='ltr'>maior</span> <span class='ocrx_word' id='word_1_282' title='bbox 635 3501 798 3567; x_wconf 80' lang='lat' dir='ltr'>calamitas</span> <span class='ocrx_word' id='word_1_283' title='bbox 809 3506 1049 3576; x_wconf 68' lang='lat' dir='ltr'>essetecceqts.</span> 
     </span>
     <span class='ocr_line' id='line_1_40' title="bbox 806 3599 845 3654; baseline 0 -20"><span class='ocrx_word' id='word_1_284' title='bbox 806 3599 845 3654; x_wconf 46' lang='lat' dir='ltr'>g*</span> 
     </span>
    </p>
   </div>
   <div class='ocr_carea' id='block_1_4' title="bbox 0 0 1182 3870">
    <p class='ocr_par' dir='ltr' id='par_1_6' title="bbox 0 0 1182 3870">
     <span class='ocr_line' id='line_1_41' title="bbox 0 0 1182 3870; baseline 0 1"><span class='ocrx_word' id='word_1_285' title='bbox 0 0 1182 3870; x_wconf 95' lang='lat' dir='ltr'> </span> 
     </span>
    </p>
   </div>
  </div>
 </body>
</html>
