2356 3870
312 206 411 266 corut
426 207 445 264 1.
462 207 532 264 (111).
548 205 786 264 xxxii-xxxvl.
988 208 1028 270 19

65 379 158 442 esset,
175 389 243 434 sese
257 369 295 432 ad
310 388 379 432 eum
398 378 557 432 venturum
571 371 678 437 fuisse3
702 371 728 429 si
743 369 814 446 quid
829 367 879 429 ille
899 386 932 429 se
946 368 1026 449 velit,

65 455 149 517 dium
170 455 208 516 ad
228 473 261 517 se
281 457 382 516 venire
403 463 553 535 oportere.
596 455 756 516 Praeterea
782 471 814 514 se
840 469 938 529 neque
964 455 1060 514 sinet

64 539 198 601 exercitu
212 540 245 600 in
260 557 310 600 eas
324 545 426 618 partes
441 537 553 600 Galliae
566 539 668 599 venire
684 536 808 606 audere,
832 553 904 613 quas
920 536 1028 598 Caesar

62 621 248 703 possideret,
263 638 362 700 neque
377 623 540 683 exercitum
556 623 621 683 sine
635 638 741 698 magno
758 628 924 681 commeatu
939 629 1027 699 atque

63 705 239 767 molimento
253 707 284 767 in
300 724 393 767 unum
407 705 507 767 locum
522 703 699 766 contrahere
713 722 812 784 posse.
851 703 914 764 Sibi
929 714 1059 765 autema

62 791 176 850 mirum
189 788 294 860 videri,
311 789 382 866 quid
396 791 428 849 in
443 807 496 850 sua
512 788 613 857 Gallia,
631 804 720 865 quam
735 787 813 848 bello
828 789 960 858 vicisset,
978 798 1029 849 aut

63 873 185 934 Caesari
200 880 252 933 aut
266 875 385 933 omnino
400 872 512 951 populo
526 871 659 933 Romano
675 873 787 950 negotii
802 878 889 932 esset.

125 955 241 1016 XXXV.
265 955 318 1016 His
332 958 484 1033 responsis
500 955 536 1016 ad
552 955 709 1016 Caesarem
723 954 840 1023 relatis,
861 956 972 1014 iterum
994 953 1030 1013 ad
1046 961 1059 1011 t

62 1057 133 1100 eum
154 1038 263 1100 Caesar
282 1037 396 1116 legatos
417 1057 486 1100 cum
506 1038 553 1100 his
578 1038 724 1099 mandatis
750 1039 854 1098 mittit:
884 1037 1061 1108 Quoniamt

61 1128 146 1183 tanto
167 1140 223 1183 suo
243 1121 407 1201 populique
427 1122 553 1182 Romani
573 1121 718 1183 beneficio
739 1121 887 1190 adfectus,
909 1138 977 1182 cum
997 1122 1029 1180 in

62 1203 222 1266 consulatu
237 1222 291 1265 suo
307 1222 360 1266 rex
375 1212 464 1282 atque
479 1207 591 1265 amicus
607 1223 623 1264 1
638 1212 743 1266 senatu
758 1204 924 1284 appellatus
940 1210 1027 1272 esset,

61 1286 139 1349 hanc
153 1288 213 1349 sihi
227 1287 399 1368 populoque
412 1288 545 1349 Romano
560 1290 685 1366 gratiam
699 1290 842 1354 referret,
864 1289 942 1347 utin
957 1305 1027 1347 con·

60 1370 198 1449 loquium
213 1374 315 1432 venire
328 1373 469 1432 invitatus
483 1379 656 1450 gravaretur
670 1388 769 1449 neque
784 1372 821 1432 de
837 1372 1029 1431 communire

62 1455 222 1517 dicendum
237 1453 294 1516 sihi
308 1461 338 1516 et
352 1455 592 1533 cognoscendum
605 1462 738 1534 putaret,
760 1453 835 1515 haec
850 1472 930 1524 esse,
953 1470 1030 1530 quae

62 1538 98 1600 ab
114 1557 151 1600 eo
167 1537 347 1617 postularet:
368 1539 515 1617 primum,
536 1556 575 1598 ne
597 1555 685 1614 quam
699 1537 919 1599 multitudinem
934 1535 1029 1597 homi·
1045 1542 1061 1593 3

61 1641 133 1684 num
145 1621 274 1701 amplius
285 1628 366 1682 trans
378 1620 516 1681 Rhenum
527 1622 558 1681 in
570 1620 693 1681 Galliam
707 1622 892 1688 traducerem
910 1621 1025 1689 deinde,

62 1705 198 1774 obsides,
221 1721 297 1781 quos
316 1703 441 1765 haberet
455 1703 491 1763 ab
505 1703 627 1774 Aeduis,
649 1704 805 1773 redderet,
822 1704 1028 1780 Sequanisque

61 1790 260 1868 permitteret,
276 1794 318 1856 ut,
336 1804 410 1864 quos
424 1785 467 1846 illi
482 1786 639 1855 haherent,
656 1787 808 1848 voluntate
823 1790 886 1847 eius
901 1788 1028 1848 reddere

60 1871 119 1933 11111
132 1871 256 1938 liceret;
280 1888 354 1931 neve
367 1869 485 1931 Aeduos
499 1872 608 1930 iniuria
623 1869 801 1939 lacesseret,
823 1888 897 1930 neve
918 1870 964 1932 his
979 1890 1028 1932 so·

62 1958 178 2032 ciisque
193 1972 299 2015 eorum
312 1953 425 2014 bellum
438 1955 573 2014 inferret.
612 1953 644 2014 si
657 1953 688 2013 id
702 1955 742 2014 ita
757 1955 886 2023 lecisset,
903 1954 960 2015 sibi
973 1972 1027 2034 po·
1043 1963 1060 2011 1

61 2038 197 2119 puloque
211 2035 344 2097 Romano
358 2044 535 2117 perpetuam
549 2039 674 2114 gratiam
685 2045 775 2114 atque
786 2039 944 2099 amicitiam
960 2057 1027 2099 cum

63 2142 97 2184 1ο
112 2123 264 2183 futuram:
280 2121 305 2180 si
319 2139 380 2181 non
394 2122 577 2199 impetraret,
593 2139 669 2189 sese,
687 2123 826 2198 quoniam
840 2122 878 2182 Μ.
891 2121 1025 2190 Messala,

61 2207 98 2268 ll.
116 2206 228 2267 Pisone
243 2202 415 2265 consulibus
434 2213 554 2265 senatus
574 2205 753 2276 censuisset,
775 2207 834 2275 uti,
857 2208 1028 2280 quicunque

62 2289 190 2352 Galliam
204 2288 386 2366 provinciam
401 2289 564 2366 optineret,
580 2289 660 2364 quod
676 2289 830 2349 commodo
844 2288 1027 2367 reipublicae

60 2375 164 2435 111111
184 2379 301 2451 posset,
317 2370 436 2433 Aeduos
455 2380 633 2448 ceterosque
653 2374 763 2433 amicos
783 2372 886 2452 populi
902 2373 1026 2433 Romani

61 2455 254 2524 defenderet,
270 2473 303 2516 se
317 2455 488 2516 Aeduorum
501 2457 625 2516 iniurias
639 2473 699 2515 non
714 2455 929 2533 neglecturum.

124 2538 254 2601 XXXVI.
278 2538 322 2600 ld
336 2537 411 2600 haec
423 2538 587 2599 Ariovistus
600 2539 769 2617 respondit:
793 2538 844 2600 lus
864 2558 931 2599 esse
946 2537 1025 2608 belli,
1042 2546 1055 2596 1

61 2633 109 2695 11,
132 2623 188 2701 qul
200 2623 353 2691 1111111111,
369 2623 421 2691 111,
438 2638 513 2699 quos
527 2623 680 2691 vicissent,
703 2623 951 2699 quemadmodum
966 2621 1025 2683 vel-

61 2709 140 2778 lent,
155 2709 355 2785 imperarent:
378 2707 450 2766 item
470 2705 615 2784 populum
629 2704 795 2767 Romanum
814 2708 899 2767 victis
913 2725 973 2766 non
989 2705 1025 2765 ad

62 2792 188 2853 alterius
206 2790 439 2869 praescriptum,
460 2787 514 2848 sed
534 2788 570 2849 ad
590 2807 679 2850 suum
700 2789 856 2850 arbitrium
876 2791 1025 2867 imperare

62 2891 236 2937 consuesse.
275 2873 307 2933 si
325 2875 390 2951 ipse
413 2870 526 2951 populo
551 2871 684 2933 Romano
710 2891 770 2933 non
795 2871 1057 2951 praescriberem

62 2956 316 3037 quemadmodum
335 2975 390 3018 suo
409 2957 476 3017 iure
496 2962 645 3039 uteretur,
676 2974 737 3016 non
758 2963 902 3034 oportere
923 2973 988 3016 sese
1009 2975 1026 3016 a

60 3041 177 3123 populo
192 3040 326 3101 Romano
345 3041 377 3101 in
397 3057 452 3100 suo
471 3041 539 3100 iure
558 3040 695 3119 inpediri.
732 3040 849 3101 Aeduos
863 3039 935 3109 sihi,
953 3057 1025 3116 quo·
1042 3047 1058 3096 3

61 3129 142 3189 niam
156 3123 231 3186 belli
244 3125 394 3186 fortunam
408 3130 604 3203 temptassent
618 3131 647 3184 et
658 3125 748 3184 armis
760 3126 911 3202 congressi
925 3142 960 3184 ac
974 3143 1023 3184 su·

61 3211 158 3290 perati
174 3216 284 3279 essent,
296 3206 503 3287 stipendiarios
519 3224 584 3268 esse
597 3208 700 3268 factos.
724 3208 858 3284 Magnam
869 3208 1025 3269 Caesarem
1039 3217 1056 3264 4

62 3297 203 3357 iniuriam
217 3294 330 3362 facere,
354 3293 406 3368 qui
424 3309 478 3352 suo
494 3288 621 3352 adventu
635 3291 786 3368 vectigalia
807 3290 863 3353 sihi
878 3292 1025 3353 deteriora

64 3379 184 3440 iaceret.
223 3376 334 3438 ledus
353 3393 386 3437 se
406 3373 525 3436 obsides
544 3373 732 3436 redditurum
747 3393 807 3436 non
829 3393 907 3444 esse,
929 3383 1056 3452 nequeo

64 3463 98 3523 iis
111 3479 213 3540 neque
230 3477 334 3523 eorum
348 3460 436 3521 sociis
449 3459 555 3521 iniuria
569 3457 683 3523 bellum
697 3457 880 3535 inlaturum,
902 3461 931 3524 si
946 3461 986 3523 in
998 3476 1036 3521 eo

826 3548 871 3619 2*
