2356 3870
152 194 192 258 86
437 197 584 254 BELLUM
598 196 819 253 Aunictnnu.

151 367 218 410 cum
235 348 403 426 elephantis
415 354 511 416 erant,
526 347 679 426 praesidio
695 347 807 406 deserti
819 347 974 425 principes
986 349 1120 426 lugiunt.

114 434 195 498 ulta
218 433 359 493 celeriter
382 432 488 493 bestiis
516 433 686 492 circumitis
714 431 850 508 legiones
878 432 955 492 vallo
984 432 1119 494 hostium

152 524 222 578 sunt
249 519 378 595 potitae,
414 524 443 576 et
475 518 580 594 paucis
615 517 727 576 acriter
754 514 995 592 repugnantibus
1022 519 1119 577 inter·

152 603 300 679 lectisque
323 601 433 679 reliqui
456 600 599 660 concitati
621 600 653 658 in
676 605 782 666 castra,
807 599 885 658 unde
907 600 1007 677 pridie
1031 611 1120 662 erant

152 688 286 763 egressi,
310 686 497 761 confugiunt.

117 784 131 833 1
214 768 384 830 LXXXllll.
428 768 494 828 Non
521 767 640 828 videtur
668 784 733 828 esse
755 767 1057 844 praetermittendum
1082 769 1119 828 de

151 855 261 914 virtute
283 854 388 914 militis
402 853 537 912 veterani
550 864 583 912 v.
596 851 734 928 legionis.
778 850 854 910 Num
867 869 935 912 cum
948 854 978 911 in
992 854 1118 912 sinistro

151 955 247 998 cornu
269 938 413 1017 elephans
440 936 564 996 vulnere
591 937 669 995 ictus
697 943 728 995 et
756 934 859 994 dolore
888 938 1056 996 concitatus
1087 939 1118 997 in

151 1023 242 1083 lixam
264 1024 411 1083 inermem
429 1024 572 1098 impetum
594 1020 717 1081 lecisset
739 1036 865 1097 eumque
881 1017 936 1079 sub
952 1020 1028 1098 pede
1044 1019 1118 1080 sub·

152 1107 248 1167 ditum
270 1105 340 1165 dein
363 1122 442 1182 genu
465 1107 586 1165 innixus
601 1103 734 1181 pondere
750 1120 804 1162 suo
820 1101 999 1181 proboscide
1015 1114 1116 1165 erecta

151 1189 341 1268 vibrantique
364 1189 493 1249 stridore
516 1191 644 1249 maximo
666 1194 818 1266 premeret
846 1194 935 1266 atque
964 1198 1117 1257 enecaret,

115 1274 239 1338 nmiles
266 1272 316 1334 hic
345 1291 405 1334 nou
432 1274 532 1352 potuit
558 1275 634 1351 pati,
669 1274 741 1352 quin
777 1291 809 1333 se
837 1280 970 1333 armatus
997 1271 1117 1334 bestiae

152 1358 283 1418 olierret.
333 1357 428 1428 Quem
457 1365 614 1436 postquam
642 1357 784 1436 elephans
806 1358 843 1418 ad
865 1375 897 1417 se
918 1358 981 1419 telo
1003 1359 1117 1419 infesto

152 1444 256 1503 venire
272 1442 492 1510 animadvertit,
509 1442 616 1502 relicto
632 1441 774 1502 cadavere
790 1441 918 1502 militem
933 1441 1116 1520 proboscide

116 1541 133 1591 8
154 1526 321 1587 circumdat
343 1535 431 1606 atque
455 1528 487 1586 in
510 1525 639 1586 sublime
663 1527 789 1587 extollit.
833 1526 982 1593 Armatus,
1006 1528 1059 1604 qui
1084 1529 1117 1586 in

153 1611 301 1672 eiusmodi
327 1608 465 1690 periculo
502 1618 674 1671 constanter
710 1609 859 1688 agendum
891 1608 953 1669 sibi
986 1611 1115 1679 videret,

151 1691 251 1773 gladio
284 1695 509 1778 proboscidem,
543 1715 600 1775 qua
628 1704 692 1756 erat
725 1695 941 1763 circumdatus
976 1695 1114 1763 caedere,

115 1788 297 1860 tquantum
333 1780 451 1841 viribus
478 1787 613 1858 poterat,
649 1798 710 1840 non
742 1780 867 1840 destitit.
922 1778 987 1850 Quo
1009 1778 1115 1839 dolore

152 1864 299 1925 adductus
322 1864 465 1944 elephans
487 1865 584 1925 milite
607 1863 724 1925 abiecto
746 1865 875 1926 maximo
899 1883 967 1925 cum
982 1863 1115 1924 stridore

152 1967 302 2028 cursuque
325 1967 486 2009 conversus
509 1949 545 2009 ad
568 1949 700 2025 reliquas
722 1948 836 2009 bestias
858 1966 890 2008 se
912 1950 1038 2027 recepit.
1112 1984 1116 2028 ξ

115 2045 130 2095 1
213 2032 350 2093 LXXXV.
394 2033 534 2102 Interim,
557 2034 674 2110 Thapso
697 2036 749 2111 qui
771 2041 857 2093 erant
879 2034 1047 2111 praesidio,
1077 2035 1116 2094 ex'

150 2117 260 2195 oppido
284 2118 472 2195 eruptionem
494 2125 580 2194 porta
602 2119 761 2178 marituma
784 2119 899 2178 iaciunt
921 2124 966 2186 et,
995 2120 1057 2178 sire
1080 2125 1115 2178 ut

151 2205 213 2260 suis
235 2199 369 2260 subsidio
393 2209 604 2270 occurrerent,
627 2205 689 2261 sive
713 2210 745 2261 ut
767 2202 876 2280 oppido
898 2202 1019 2263 deserto
1041 2203 1113 2279 luga

150 2285 276 2344 salutern
298 2284 358 2344 sibi
379 2292 531 2363 parerent,
554 2287 760 2363 egrediuntur,
783 2295 871 2365 atque
895 2287 937 2346 ita
958 2303 1013 2364 per
1028 2305 1112 2346 mare

112 2380 129 2430 2
150 2369 286 2429 umbilici
308 2370 366 2430 fine
390 2372 520 2446 ingressi
542 2377 654 2431 terram
676 2370 827 2448 petebant.
872 2368 928 2440 Qui
946 2388 963 2430 a
978 2372 1112 2431 servitiis

149 2455 322 2531 puerisque,
345 2456 450 2533 quiin
474 2456 581 2515 castris
603 2463 696 2525 erant,
721 2453 873 2533 lapidibus
894 2455 1026 2534 pilisque
1041 2473 1111 2533 pro·

148 2537 238 2597 bibiti
260 2546 372 2599 terram
395 2540 541 2616 attingere
562 2557 668 2600 rursus
696 2542 727 2598 iu
755 2539 898 2617 oppidum
926 2558 958 2600 se
986 2557 1110 2617 recepe·

112 2627 229 2682 oront.
282 2621 408 2682 lnterim
436 2621 587 2701 Scipionis
620 2624 716 2701 copiis
747 2626 907 2703 prostratis
939 2625 1111 2703 passimque

148 2712 211 2765 toto
244 2722 349 2783 campo
380 2705 582 2783 fugientibus,
616 2710 776 2770 confestim
807 2710 942 2769 Caesaris
974 2709 1111 2785 legiones

109 2799 128 2848 4
148 2792 290 2870 consequi
313 2792 500 2871 spatiumque
519 2810 552 2852 se
567 2811 627 2853 non
643 2793 714 2853 dare
730 2793 901 2870 colligendi.
946 2792 1005 2863 Qui
1028 2802 1110 2870 post-

146 2893 235 2952 quam
258 2874 295 2934 ad
325 2894 359 2936 ea
388 2886 500 2945 castra,
535 2895 610 2955 quae
639 2877 795 2954 petebant,
828 2878 1043 2954 perfugeruut,
1076 2883 1111 2936 ut

146 2959 271 3019 reiectis
299 2963 408 3020 castris
429 2978 536 3021 rursus
558 2978 624 3020 sese
646 2958 843 3020 defenderent
865 2960 1031 3037 ducemque
1054 2960 1109 3019 ali·

147 3059 235 3119 quem
273 3045 477 3121 requirerent,
511 3063 599 3124 quem
636 3047 839 3122 respicerent,
870 3047 957 3104 cuius
978 3045 1109 3103 auctori-

146 3133 207 3184 tate
230 3129 416 3206 imperioque
439 3146 503 3189 rem
526 3137 681 3206 gererent:
710 3131 761 3208 qui
789 3134 946 3207 postquam
975 3127 1109 3187 animad-

145 3215 314 3279 verterunt,
339 3214 488 3272 neminem
511 3213 555 3272 ibi
578 3232 643 3274 esse
665 3213 831 3291 praesidio,
854 3214 994 3290 protinus
1016 3213 1110 3272 armis

107 3307 124 3358 s
145 3291 270 3354 abiectis
284 3297 315 3353 in
327 3298 409 3372 regia
426 3303 523 3357 castra
538 3298 643 3374 lugere
656 3297 849 3357 contendunt.
873 3295 938 3366 Quo
950 3304 1111 3374 postquam

144 3387 355 3456 pervenerunt,
380 3399 413 3440 ea
437 3398 555 3459 quoque
572 3380 609 3440 ab
625 3381 750 3441 Iulianis
773 3382 871 3440 teneri
895 3379 1006 3441 vident.
1051 3379 1109 3441 lle·

141 3471 261 3541 sperata
285 3463 380 3524 salute
403 3466 435 3523 in
457 3465 585 3545 quodam
608 3464 684 3524 colle
707 3467 877 3525 consistunt
898 3472 987 3543 atque
1016 3467 1109 3526 armis
