2356 3870
131 218 172 278 at
264 198 267 204 ’
454 213 611 271 rotroco
628 211 765 268 caturco

130 379 245 446 statuit,
265 394 323 454 quo
339 375 506 454 diligentius
520 377 551 436 in
565 375 712 451 reliquum
728 383 845 454 tempus
860 394 876 435 a
891 374 1024 438 barbaris
1038 376 1085 437 ius

129 460 294 540 legatorum
310 467 544 521 conservaretur.
581 460 683 535 itaque
704 459 784 518 omni
799 466 902 519 senatu
917 468 1021 520 necato
1037 477 1085 520 re·

129 543 226 622 liquos
241 543 296 605 sub
313 561 422 605 corona
436 542 575 605 vendidit.

100 634 112 684 1
190 627 276 688 XVII.
300 627 377 688 Dum
397 625 471 688 haec
489 629 520 688 in
534 627 654 687 Venetis
673 633 832 706 geruntur,
855 625 980 696 Quintus
1002 626 1085 686 Titu-

129 712 192 771 rius
208 710 334 771 Sabinus
350 729 416 772 cum
431 712 468 771 iis
484 712 590 788 copiis,
610 727 713 787 quasa
729 709 852 771 Caesare
868 717 1039 787 acceperat,
1054 713 1085 769 in

98 794 201 855 afines
211 793 399 855 Venellorum
414 796 557 873 pervenit.
580 793 632 854 His
645 802 783 873 praeerat
794 789 941 852 Viridovix
956 810 990 853 ac
1004 811 1085 854 sum-

128 895 207 938 mam
220 879 339 957 imperii
352 877 472 939 tenebat
492 895 594 938 earum
609 878 739 938 omnium
759 877 921 945 civitatum,
944 892 1019 952 quae
1034 876 1084 936 de·

128 962 269 1030 fecerant,
285 960 441 1037 exquibus
454 963 616 1021 exercitum
628 975 808 1037 magnasque
821 960 919 1038 coplas
932 965 1084 1037 coegerat,

92 1051 215 1121 datque
241 1042 286 1104 his
310 1045 413 1124 paucis
438 1043 542 1104 diebus
561 1042 679 1104 Aulerci
704 1042 884 1104 Eburovices
903 1041 1085 1120 Lexobiique

129 1135 232 1187 senatu
253 1145 308 1187 suo
328 1129 499 1197 interfecto,
522 1126 600 1203 quod
619 1133 755 1186 auctores
769 1125 840 1186 belli
856 1144 921 1186 csse
935 1126 1083 1195 nolebant,

128 1217 231 1289 portas
256 1209 427 1271 clauserunt
450 1227 543 1287 seque
569 1227 635 1270 oum
662 1209 825 1271 Viridovice
851 1211 1083 1278 coniunxerunt;

97 1302 113 1350 o
126 1310 291 1371 magnaque
305 1301 461 1372 praeterea
474 1291 632 1355 multitudo
648 1293 779 1369 undique
795 1311 829 1371 ex
846 1291 937 1353 Gallia
951 1294 1083 1372 perdito·

127 1395 195 1437 rum
210 1377 363 1437 hominum
377 1376 585 1453 latronumque
606 1382 797 1444 convenerat,
819 1393 893 1452 quos
914 1395 982 1454 spes
996 1395 1083 1454 prae·

128 1460 217 1520 dandi
231 1460 421 1536 studiumque
436 1458 564 1520 bellandi
579 1458 615 1520 ab
630 1458 811 1537 agricultura
832 1469 862 1519 et
881 1460 1025 1521 cotidiano
1041 1459 1082 1520 la-

95 1551 111 1600 o
126 1542 200 1604 bore
214 1542 379 1604 revocabat.
396 1542 522 1603 Sabinus
533 1543 640 1603 idoneo
653 1541 790 1604 omnibus
800 1543 890 1603 rebus
901 1543 966 1617 loco
980 1545 1084 1603 castris

128 1645 194 1687 sese
209 1625 337 1696 tenebat,
352 1644 420 1686 cum
430 1626 577 1686 Viridovix
590 1632 692 1687 contra
708 1643 775 1686 eum
790 1624 880 1686 duum
891 1625 1004 1686 milium
1016 1644 1082 1704 spa·

127 1712 168 1769 tio
184 1710 365 1771 consedisset
379 1709 544 1787 cotidieque
559 1709 716 1788 productis
728 1711 820 1788 copiis
834 1709 984 1788 pugnandi
998 1717 1082 1789 pote·

127 1799 232 1853 statem
246 1794 372 1862 iaceret,
389 1799 422 1854 ut
436 1794 494 1853 lam
509 1811 569 1853 non
584 1792 680 1853 solum
694 1791 827 1852 hostibus
841 1795 872 1851 iu
888 1795 1083 1871 contemptio-

127 1895 196 1935 nem
208 1875 334 1936 Sabinus
344 1879 466 1944 veniret,
480 1876 532 1936 sed
544 1878 630 1935 etiam
642 1881 812 1934 nostrorum
824 1872 950 1933 militum
964 1875 1084 1937 vocibus

94 1958 259 2020 ononuihil
274 1967 462 2038 carperetur;
486 1965 655 2033 tantamque
676 1957 843 2033 opinionem
866 1957 979 2018 timoris
994 1977 1082 2036 prae·

125 2042 204 2110 buit,
227 2050 260 2102 ut
278 2045 337 2101 iam
357 2041 393 2101 ad
413 2041 519 2101 vallum
535 2048 698 2100 castrorum
720 2038 820 2099 hostes
834 2041 977 2102 accedere
992 2042 1082 2102 aude·

95 2132 112 2180 7
126 2131 202 2184 rent.
225 2124 259 2184 ld
275 2123 360 2184 eade
376 2141 463 2184 causa
477 2122 610 2192 iaciebat,
628 2121 784 2198 quodcum
799 2130 879 2185 tanta
893 2125 1083 2185 multitudine

127 2206 269 2274 hostium,
285 2208 461 2284 praesertim
476 2224 512 2265 eo
527 2204 661 2274 absente,
680 2207 731 2282 qui
745 2224 889 2268 summam
904 2210 1024 2287 imperii
1039 2216 1082 2268 te·

126 2297 221 2358 neret,
238 2292 294 2350 nisi
309 2306 402 2365 aequo
417 2288 482 2349 loco
497 2296 547 2348 aut
559 2289 778 2368 opportunitate
793 2291 889 2369 aliqua
905 2291 971 2351 data
986 2291 1082 2369 legato

127 2372 325 2433 dimicandum
339 2390 399 2432 non
415 2372 608 2433 existimabat.

96 2461 109 2512 1
188 2455 288 2516 xvru.
304 2455 366 2516 Hac
378 2456 547 2518 confirmata
562 2459 699 2536 opimone
709 2459 823 2517 timoris
834 2457 973 2518 idoneum
989 2475 1081 2534 quen·

127 2539 193 2599 dam
214 2538 363 2600 hominem
383 2547 413 2600 et
433 2538 571 2602 callidum
591 2541 715 2618 delegit,
731 2539 862 2611 Gallum,
884 2559 921 2600 cx
934 2543 985 2610 iis,
1009 2558 1082 2618 quos

95 2621 225 2682 aauxilii
240 2640 329 2684 causa
343 2641 445 2685 secum
460 2623 595 2685 habehat.
626 2623 702 2685 Huic
716 2626 830 2701 magnis
844 2627 982 2701 praemiis
996 2623 1080 2704 polli-

127 2703 374 2786 citationibusque
388 2707 555 2789 persuadet,
571 2709 614 2768 uti
628 2707 664 2769 ad
678 2706 779 2768 hostes
792 2714 936 2778 transeat,
953 2716 996 2777 et,
1012 2706 1081 2784 quid

95 2790 190 2850 ederi
205 2788 293 2858 velit,
312 2793 424 2853 edocet.
463 2791 519 2862 Qui
539 2789 590 2852 uhi
604 2809 659 2870 pro
673 2791 797 2868 perfuga
812 2790 848 2851 ad
864 2809 914 2852 eos
929 2792 1022 2859 venit,
1044 2793 1080 2851 ti·

95 2881 111 2928 c
125 2892 239 2934 morem
245 2873 453 2937 Romanorum
466 2877 613 2954 proponit,
627 2874 733 2951 quibus
745 2876 885 2951 angustiis
899 2875 964 2953 ipse
976 2875 1082 2936 Caesar

126 2975 142 3016 a
154 2958 272 3017 Venetis
282 2968 445 3038 prematur,
458 2960 552 3029 docet,
563 2975 661 3035 neque
675 2957 791 3036 lougius
802 2957 915 3027 abesse,
929 2959 1000 3034 quin
1011 2977 1081 3036 pro·

125 3039 203 3098 xima
217 3046 306 3102 nocte
318 3043 443 3106 Sabinus
455 3042 529 3102 clam
542 3061 577 3102 ex
592 3044 695 3103 castris
707 3042 868 3103 exercitum
882 3041 987 3102 educat
1002 3050 1031 3100 et
1046 3040 1081 3100 ad

94 3121 281 3183 ocaesarenr
302 3126 402 3185 auxilii
421 3125 537 3185 ferendi
562 3143 648 3187 causa
668 3125 880 3205 proficiscatur.
926 3123 1011 3195 Quod
1031 3122 1081 3183 ubi

126 3203 258 3264 auditum
275 3215 330 3277 est,
347 3206 531 3268 conclamant
546 3227 662 3277 omnes,
680 3209 863 3268 occasionem
878 3209 992 3286 negotii
1006 3208 1081 3268 bene

93 3285 246 3364 egerendi
263 3290 452 3351 amittendam
462 3308 522 3350 non
538 3310 612 3360 esse,
629 3291 665 3351 ad
677 3297 771 3351 eastra
785 3292 823 3350 Iri
834 3298 984 3369 oportere.
1006 3290 1080 3351 Mul·

125 3378 171 3430 tac
186 3389 238 3435 res
252 3374 288 3435 ad
303 3372 360 3435 hoc
375 3372 530 3434 consilium
545 3373 642 3434 Gallos
662 3373 870 3435 hortabantur:
893 3374 1082 3454 superiorum

126 3453 243 3519 dierum
258 3457 359 3519 Sabini
374 3457 535 3527 cunetatio,
551 3458 693 3536 perfugae
708 3457 905 3529 confirmatio,
925 3457 1025 3536 iuopia
1040 3456 1081 3514 ci-
