2354 3864
162 215 202 279 le
477 221 525 276 nn
546 220 660 276 mcnuo
678 218 793 300 *crum

161 406 236 469 quae
251 388 349 448 iacere
370 390 556 458 instituerat,
578 387 688 448 milites
703 387 849 468 disponit,
871 406 931 452 non
945 390 1037 450 certis
1051 374 1117 469 sp'a·

159 470 211 553 tiis
226 464 421 541 intermissis,
444 479 477 532 ut
497 478 562 532 erat
582 473 770 550 superiorum
786 472 902 533 dierum
923 475 1116 545 consuetudo,

161 557 212 621 sed
228 558 382 635 perpetuis
396 556 505 633 vigiliis
520 555 771 635 stationibusque,
792 565 825 617 ut
846 559 1019 636 contingant
1037 559 1118 619 inter

135 648 193 701 sse
209 648 296 721 atque
312 656 429 700 omnem
444 642 640 700 munitionem
656 641 809 720 expleant;
832 641 969 702 tribunos
987 641 1117 721 militum

160 733 190 785 et
204 725 370 803 praefectos
385 723 590 785 circummittit
610 732 697 803 atque
717 725 869 796 hortatur,
890 744 949 785 non
970 726 1063 787 solum
1079 726 1116 786 ab

160 808 368 888 eruptionibus
383 815 513 876 careant,
531 809 581 869 sed
598 810 687 868 etiam
702 809 885 885 singulorum
900 809 1052 870 hominum
1068 829 1117 870 oc-

132 893 258 954 ocultos'
270 895 366 954 exitus
380 893 547 954 adservent.
583 892 686 971 Neque
701 911 771 953 vero
785 900 844 952 tam
866 895 990 954 remisso
1006 912 1040 954 ac
1053 894 1116 954 lan·

61 995 64 1001 ·
160 978 250 1054 guido
270 979 368 1038 animo
388 978 546 1057 quisquam
568 979 699 1037 omnium
715 978 786 1047 suit,
811 978 862 1056 qui
883 995 917 1038 ea
938 985 1025 1038 nocte
1046 996 1116 1038 con·

133 1064 317 1140 oquieverit.
348 1062 442 1122 Tanta
457 1067 522 1120 erat
537 1078 668 1121 summae
682 1079 783 1122 rerum
799 1063 976 1140 expectatio,
993 1068 1027 1122 ut
1042 1061 1117 1122 alius

160 1147 190 1205 in
207 1144 294 1205 aliam
309 1153 424 1224 partem
436 1152 535 1206 mente
548 1151 635 1224 atque
647 1147 744 1206 animo
759 1145 938 1215 traheretur,
955 1145 1026 1225 quid
1041 1148 1116 1225 ipsis

160 1227 407 1298 Corfiniensibus
424 1229 496 1308 quid
510 1229 649 1298 Domitio,
665 1229 737 1308 quid
749 1229 888 1300 Lentulo,
904 1230 975 1309 quid
991 1229 1116 1310 reliquis

160 1313 323 1385 accideret,
340 1315 391 1392 qui
405 1330 539 1392 quosque
555 1320 678 1373 eventus
693 1316 876 1392 exciperent.
888 1324 906 1370 ·.

136 1405 152 1477 ¹.
226 1396 316 1457 XXII.
358 1395 468 1467 Quarta
490 1396 589 1474 vigilia
615 1397 735 1458 circiter
753 1397 897 1460 Lentulus
917 1398 1059 1478 Spinther
1080 1407 1116 1458 de

159 1500 245 1542 muro
260 1499 328 1540 cum
338 1480 447 1558 vigiliis
458 1480 688 1561 custodibusque
699 1484 810 1543 nostris
822 1483 1015 1561 colloquitur:
1030 1483 1115 1552 velle,

131 1573 147 1620 2
160 1567 184 1624 si
201 1565 258 1626 sibi
273 1566 324 1625 liat
337 1571 485 1644 potestaS,
503 1565 658 1626 Caesarem
670 1568 840 1627 convenire.
866 1566 956 1627 Facta
970 1572 1116 1646 potestate

160 1668 195 1709 ex
211 1649 320 1728 oppido
335 1651 478 1719 mittitur,
500 1668 599 1731 neque
615 1649 651 1710 ah
670 1669 706 1711 eo
727 1653 812 1731 prius
826 1649 987 1710 Domitiani
1006 1650 1116 1726 milites

132 1734 325 1802 adiscedunt,
341 1751 428 1812 quam
443 1738 475 1795 in
489 1740 681 1814 conspectum
693 1735 827 1796 Caesaris
840 1734 1014 1796 deducatur.
1044 1735 1117 1796 Cum

159 1837 195 1878 eo
212 1818 248 1878 de
264 1817 357 1879 salute
373 1837 425 1878 sua
440 1815 515 1897 apii,
532 1825 597 1879 orat
612 1825 700 1898 atque
715 1817 866 1902 obsecrat,
884 1825 916 1878 ut
931 1818 989 1878 sibi
1003 1826 1115 1898 parcat,

159 1909 350 1982 veteremque
366 1903 529 1963 amicitiam
540 1909 750 1962 commemorat
762 1901 955 1980 Caesarisque
970 1905 1002 1962 in
1017 1921 1048 1962 se
1064 1903 1116 1963 he·

131 1987 265 2047 enefieia
286 1987 421 2066 exponit,
449 2004 523 2065 quae
544 1993 630 2046 erant
651 1987 792 2045 mamma:
819 1985 897 2063 quod
918 2002 974 2063 per
996 2003 1063 2045 eum
1084 1989 1115 2061 in

158 2070 315 2148 collegium
329 2071 504 2149 pontificum
515 2075 646 2137 venerat,
659 2069 736 2149 quod
747 2070 930 2147 provinciam
942 2064 1115 2148 Hispaniam

159 2174 195 2215 ex
211 2162 351 2233 praetura
371 2153 531 2223 habuerat,
553 2153 632 2232 quod
654 2155 686 2213 in
708 2154 852 2231 petitione
868 2153 1037 2214 consulatus
1052 2165 1116 2214 erat

131 2238 338 2300 osuhleratus.
373 2237 463 2300 Cuius
483 2239 646 2297 orationem
667 2237 775 2298 Caesar
796 2237 980 2314 interpellat:
1003 2257 1035 2299 se
1056 2258 1115 2299 nou

158 2323 297 2383 maleficii
313 2340 399 2382 causa
416 2340 451 2382 ex
466 2322 620 2399 provincia
635 2338 806 2399 egressum,
827 2321 880 2380 sed
901 2323 945 2381 uti
967 2340 998 2382 se
1014 2341 1030 2382 a
1045 2341 1115 2383 con·

158 2406 289 2466 tumeliis
311 2407 500 2464 inimicorum
522 2404 711 2474 defenderet,
739 2411 771 2465 ut
791 2401 930 2466 tribunos
951 2398 1046 2484 plebis
1068 2405 1115 2486 [in

158 2509 193 2550 ea
208 2488 255 2568 re]
270 2507 306 2549 ex
317 2490 436 2548 civitate
452 2488 591 2568 expulsos
604 2490 636 2549 in
651 2507 735 2550 suam
746 2490 920 2567 dignitatem
932 2492 1113 2561 restitueret,

157 2581 191 2633 ut
211 2592 243 2633 se
267 2579 297 2632 et
316 2571 457 2651 populum
477 2572 643 2636 Romanum
663 2573 791 2633 factione
812 2592 973 2652 paucorum
993 2593 1114 2652 oppres·

130 2664 223 2717 osum
239 2658 270 2716 in
285 2655 455 2716 libertatem
469 2657 644 2717 vindicaret.
671 2657 761 2718 Cuius
775 2660 909 2717 oratione
925 2659 1115 2719 confirmatus

156 2740 310 2808 Lentulus,
326 2748 359 2800 ut
373 2741 559 2820 inoppidum
573 2743 682 2823 reverti
698 2741 795 2811 liceat,
811 2744 899 2821 petit:
916 2743 995 2821 quod
1011 2743 1047 2803 de
1063 2762 1114 2803 sua

157 2825 251 2886 salute
271 2826 491 2904 impetraverit,
516 2826 581 2886 iore
603 2827 692 2886 etiam
714 2827 840 2906 reliquis
860 2825 895 2886 ad
924 2845 1006 2887 suam
1032 2845 1115 2906 spem

157 2910 277 2981 solatio:
295 2909 368 2969 adeo
383 2928 448 2970 esse
464 2912 639 2989 perterritos
653 2910 818 2980 nonnullos,
835 2918 868 2971 ut
883 2929 953 2972 suae
968 2913 1045 2972 vitae
1061 2913 1115 2971 du·

157 2996 220 3054 rius
234 2993 390 3054 consulere
405 3001 558 3071 cogantur.
588 2994 679 3054 Facta
693 3001 839 3074 potestate
856 2995 991 3055 discedit.

131 3084 146 3133 1
219 3076 326 3138 xx111.
363 3078 484 3148 Caesar,
511 3077 564 3138 uhi
584 3077 673 3148 luxit,
700 3097 802 3139 omnes
824 3086 977 3139 senatores
998 3086 1114 3138 senato·

156 3179 282 3239 rumque
296 3161 417 3228 liberos,
433 3161 572 3222 tribunos
583 3163 711 3223 militum
727 3165 901 3241 equitesque
914 3162 1061 3222 Romanos
1078 3164 1114 3223 ad

131 3253 189 3305 ese
204 3245 329 3323 produci
344 3244 439 3306 iubet.
462 3245 556 3306 Erant
571 3249 702 3326 quinque
715 3246 830 3306 ordinis
854 3248 1005 3327 senatorii,
1014 3245 1047 3306 L.
1055 3246 1113 3306 Do·

155 3331 272 3398 mitius,
298 3329 332 3389 P.
348 3328 491 3390 Lentulus
512 3329 665 3408 Spinther,
686 3330 721 3391 L.
738 3329 884 3390 Caecilius
905 3329 1014 3400 Rufus,
1044 3330 1113 3391 Sex.

155 3411 315 3482 Quintilius
335 3413 429 3478 Varus
449 3421 603 3492 quaestor,
630 3414 664 3473 L.
680 3413 826 3485 Rubrium
853 3422 1019 3493 praeterea¹
1035 3415 1114 3475 silius

154 3495 264 3556 Domiti
280 3497 391 3577 aliique
407 3497 575 3576 complures
591 3498 797 3559 adulescentes
818 3506 848 3560 et
868 3517 993 3576 magnus
1007 3517 1113 3560 nume·
