2356 3870
319 292 431 349 eoum.
446 294 467 349 1.
490 293 566 349 cnr.
581 249 831 351 cxx-mmm.
1013 287 1055 354 35

93 459 204 519 lerunt.
237 459 345 520 Caesar
360 462 519 539 praesidiis
539 465 571 522 in
587 459 738 521 montibus
753 460 904 538 dispositis
923 460 1003 518 omni
1019 458 1054 518 ad

94 542 241 603 Hiberum
261 543 375 604 lnclnso
397 546 521 615 itInere,
542 546 784 624 quamproxime
805 551 904 623 potest
925 542 1055 604 hostium

94 629 211 696 castrIs
228 634 325 688 castra
341 632 557 694 communita

157 711 289 771 LXXIII.
319 712 442 772 Postero
457 714 505 773 die
519 713 608 773 duces
621 712 858 773 adversariorum
873 710 1051 790 perturbati,
1067 720 1080 768 1

94 795 172 875 quod
195 813 313 855 ornnem
336 799 380 856 rei
401 798 613 858 frumentarIae
634 796 825 875 lluminiSque
846 795 952 856 Hiberi
972 813 1054 874 spem

94 880 283 948 dimiserant,
307 880 342 940 de
364 881 489 960 reliquis
509 881 601 941 rebus
622 879 836 940 consultabant.
873 880 945 940 Erat
965 888 1083 939 ununrt

94 966 168 1032 iter,
192 963 319 1023 Ilerdam
335 966 360 1023 si
382 967 492 1025 reverti
507 965 631 1034 vellent,
653 964 793 1033 alterum,
816 966 841 1023 si
857 963 1056 1024 Tarraconem

93 1054 243 1128 peterent.
265 1047 344 1107 llaec
356 1049 582 1110 consiliantibus
597 1050 641 1128 eis
655 1050 831 1109 nuntiantur
846 1055 1004 1128 aquatores
1019 1046 1056 1107 ab

95 1134 231 1211 equitatu
245 1134 342 1210 premi
358 1140 470 1193 nostro.
506 1131 569 1203 Qua
585 1151 618 1192 re
634 1134 751 1209 cognita
769 1131 892 1192 crebras
914 1134 1082 1192 stationest

95 1217 259 1294 disponunt
273 1217 407 1295 equitum
423 1224 453 1276 et
468 1217 634 1277 cohortium
646 1216 803 1278 alariarum
820 1216 1056 1294 legionariasque

93 1300 271 1372 intericiunt
286 1299 418 1361 cohortis
429 1301 594 1380 vallumque
607 1319 643 1360 ex
655 1303 762 1361 castris
774 1299 810 1360 ad
826 1318 932 1380 aquam
947 1300 1056 1360 ducere

94 1385 260 1463 incipiunt,
288 1392 322 1443 ut
346 1386 426 1446 Intra
451 1387 647 1445 munitionem
663 1391 692 1444 et
718 1386 781 1444 siue
808 1386 914 1444 timore
936 1392 967 1444 et
993 1386 1056 1444 sino

94 1465 273 1528 stationibus
298 1471 402 1547 aquari
428 1476 558 1547 possent.
597 1468 630 1529 Id
653 1487 728 1547 opus
753 1470 834 1529 inter
860 1487 891 1528 se
918 1468 1083 1528 Petreiusl

95 1559 184 1631 atque
199 1551 340 1611 Afranius
355 1555 526 1630 partiuntur
540 1554 657 1632 ipquue
668 1552 847 1631 perficiundi
859 1553 959 1631 operIs
969 1570 1056 1612 causa

96 1637 216 1712 longius
231 1637 474 1712 progrediuntur.

158 1718 304 1782 LXXIIII.
334 1718 466 1791 Quorum
482 1719 616 1781 discessu
630 1718 756 1780 liberam
771 1721 851 1781 nacti
869 1719 980 1780 milites
996 1718 1082 1779 col-1

94 1804 264 1883 loquiornm
280 1805 450 1864 facultatem
467 1804 551 1880 vulgo
572 1803 754 1882 procedunt,
778 1811 808 1864 et
827 1822 916 1882 quern
931 1805 1056 1882 quisque

95 1891 127 1948 ln
143 1888 249 1947 castris
264 1895 366 1948 notum
381 1895 432 1949 aut
446 1889 627 1966 municipem
643 1886 780 1956 habebat,
803 1889 954 1967 conquirit
969 1894 1056 1966 atquo

96 1979 208 2032 evocat.
238 1971 373 2032 Primum
388 1979 479 2049 agunt
493 1975 604 2048 gratias
622 1990 724 2032 omnes
739 1971 886 2041 omnibus,
903 1971 981 2051 quod
997 1970 1083 2031 sinin

95 2056 269 2136 perterritis
279 2056 377 2134 pridie
392 2058 613 2136 pepercissent:
629 2074 734 2116 eorum
745 2074 776 2115 se
789 2055 934 2116 beneficIo
945 2057 1056 2116 vivere.

96 2138 210 2199 Deinde
231 2141 421 2218 imperatoris
441 2141 530 2200 fidem
550 2147 713 2220 quaerunt,
740 2147 860 2201 rectene
881 2158 912 2200 se
933 2140 977 2200 illi
999 2142 1058 2200 sint

96 2225 296 2292 commissuri,
314 2232 352 2292 et,
369 2224 446 2302 quod
462 2243 520 2284 non
537 2223 574 2284 ab
590 2225 677 2285 Initio
691 2225 820 2284 iecerint
835 2242 975 2303 armaque
990 2243 1057 2284 curn

95 2306 269 2367 horninibus
283 2310 462 2368 necessariis
477 2317 509 2368 et
525 2310 753 2385 consanguineis
768 2308 961 2377 contulerim,
983 2326 1055 2387 que-

96 2399 215 2452 runtur.
251 2391 305 2451 HIs
325 2393 476 2470 provocati
497 2391 684 2452 sermonibus
705 2392 793 2452 fidem
816 2391 852 2452 ab
875 2395 1083 2470 imperatores

97 2475 133 2536 de
149 2474 251 2535 Petrei
266 2482 352 2554 atque
367 2477 483 2537 hlranii
498 2478 558 2536 vita
573 2483 693 2554 petunt,
714 2475 846 2555 nequod
866 2477 897 2535 in
913 2494 944 2535 se
961 2477 1058 2537 scelus

96 2560 272 2637 concepisse
292 2578 352 2620 neu
371 2578 441 2619 suos
461 2559 628 2639 prodidisse
649 2561 816 2622 rideantur.
853 2558 968 2630 Quibus
987 2578 1057 2621 oon·

96 2644 223 2704 firmatis
238 2643 330 2703 rebus
345 2661 377 2703 se
393 2646 492 2704 statim
508 2645 593 2721 signa
610 2645 805 2706 translaturos
820 2646 996 2705 confirmant
1015 2645 1057 2704 le·

96 2733 237 2806 gatosque
253 2727 290 2787 de
305 2745 378 2805 paee
394 2730 560 2806 primorum
575 2728 713 2789 ordinum
729 2730 920 2789 centuriones
936 2728 973 2788 ad
986 2728 1057 2789 Cae-

96 2829 196 2872 sarem
207 2812 338 2871 mittunt.
364 2810 488 2871 Interim
504 2812 554 2872 alii
570 2831 639 2872 suos
654 2814 686 2872 In
696 2820 793 2872 castra
807 2811 953 2873 invitandi
969 2818 1085 2872 causat

97 2895 257 2964 adducunt,
274 2895 324 2955 alii
340 2895 377 2955 ab
393 2898 455 2956 suis
471 2894 667 2965 abducuntur,
684 2896 757 2956 adeo
769 2903 803 2956 ut
817 2913 875 2955 una
888 2903 985 2955 castra
999 2898 1058 2956 iarn

96 2980 174 3040 facta
190 2997 226 3039 ex
241 2978 322 3039 binis
337 2978 526 3051 viderentur;
550 2980 778 3060 compluresque
799 2978 914 3040 tribuni
929 2980 1058 3040 militum

97 3071 127 3123 et
149 3065 341 3124 centuriones
362 3065 398 3124 ad
420 3064 576 3125 Caesarem
596 3066 719 3125 veniunt
744 3082 835 3143 seque
857 3065 885 3124 ei
908 3082 1058 3125 commen·

96 3148 177 3208 dant.
213 3146 293 3208 Idem
315 3148 371 3208 hoo
387 3149 419 3209 lit
434 3168 450 3210 a
465 3147 652 3227 principibus
667 3149 842 3228 Hispaniae,
864 3166 940 3228 quos
954 3156 1084 3209 evoca-5

95 3240 201 3292 'verant
221 3239 251 3292 et
267 3251 368 3293 secum
390 3234 420 3292 iu
443 3235 548 3294 eastris
569 3232 720 3294 habebant
741 3231 879 3294 obsidum
906 3233 980 3293 loco.
1020 3232 1058 3293 Ili

96 3333 165 3376 suos
185 3322 272 3378 notos
296 3318 487 3397 hospitesque
509 3317 708 3398 quaerebant,
735 3336 790 3397 per
816 3335 905 3397 quem
932 3319 1058 3397 quisque

96 3417 202 3462 eorum
231 3401 344 3462 aditum
375 3403 640 3463 commendationis
669 3401 795 3463 haberet
824 3402 863 3462 ad
891 3402 1068 3462 Gaesarem.

95 3484 213 3545 Afranii
229 3488 316 3545 etiam
336 3485 415 3546 Illius
429 3486 607 3550 adulescens
623 3487 660 3551 de
683 3507 739 3551 sua
755 3507 791 3551 ac
811 3487 958 3570 parentis
970 3485 1025 3543 sui
1037 3498 1086 3538 sa·
1096 3486 1118 3530 t>

90 3565 153 3625 lute
174 3585 240 3626 curn
257 3569 381 3631 Caesare
397 3590 459 3651 per
473 3572 652 3657 Sulpicium
675 3577 821 3662 legatum
836 3571 967 3653 agebat.
999 3563 1137 3624 dicanti

854 3671 895 3728 «μ
