2356 3870
344 219 444 277 torni.
459 221 510 277 Vll.
526 222 595 279 CAP.
612 220 770 279 xit-xxv.
975 227 1038 292 137

75 382 217 463 deinceps
232 401 320 445 omne
337 387 612 470 opuscontexitur,
629 384 699 446 dum
720 387 796 447 iusta
816 387 894 448 muri
913 387 1036 450 altitudo

77 467 240 547 expleatur.
276 468 340 530 Hoc
363 487 430 529 cum
457 471 487 529 in
503 471 631 548 speciem
646 472 877 548 varietatemque
893 490 968 551 opus
984 473 1034 533 de·
1050 479 1068 529 o

75 554 170 613 forme
185 571 246 612 non
263 559 307 612 est
319 553 440 613 alternis
450 552 586 613 trabibus
601 571 635 614 ac
649 556 736 623 saxis,
754 571 829 631 quae
844 558 934 616 rectis
948 557 1035 618 lineis

74 654 146 700 suos
167 636 289 697 ordines
309 645 440 706 servant,
464 644 526 698 tum
547 637 583 697 ad
606 637 760 698 utilitatem
782 645 812 698 et
832 639 1035 702 defensionem
1134 656 1137 661 ’

76 720 195 781 urbium
211 739 356 781 summam
368 720 456 780 habet
468 723 728 799 opportunitatem,
746 722 824 799 quod
837 729 867 783 et
881 724 917 784 ab
932 726 1033 785 incen-

37 872 38 876 ,
75 805 124 865 dio
139 804 216 883 lapis
231 811 260 864 ct
275 803 311 864 ab
323 806 415 864 ariete
426 807 550 865 materia
564 805 704 874 defendit,
722 821 797 882 quae
806 810 960 885 perpetuis
974 816 1034 870 tra·

74 888 161 949 bibus
182 889 274 967 pedes
302 889 506 966 quadragenos
531 887 708 966 plerumque
733 891 881 950 introrsus
906 893 1037 953 revincta

36 986 38 989 ·
75 989 175 1050 neque
190 973 346 1050 perrumpi
356 989 454 1049 neque
470 971 593 1032 distrahi
607 978 715 1050 potest.

137 1055 254 1116 Xllllll.
285 1055 338 1116 llis
352 1062 397 1116 tot
410 1055 501 1116 rebus
515 1056 647 1134 inpedita
662 1059 895 1135 oppugnatione,
918 1057 1035 1129 milites,
1051 1065 1065 1116 1

74 1159 143 1201 cum
158 1147 222 1200 toto
234 1146 370 1218 tempore
388 1141 501 1218 frigore
522 1148 552 1199 et
566 1139 695 1200 adsiduis
715 1139 860 1202 imbribus
881 1142 1034 1203 tardaren-

73 1232 139 1293 tur,
158 1231 258 1284 tamen
274 1225 437 1285 continenti
451 1222 553 1284 labore
569 1225 668 1284 omnia
687 1223 761 1284 haec
775 1233 992 1303 superaverunt
1006 1233 1037 1286 et

73 1307 181 1369 diebus
200 1328 264 1372 xxv
284 1325 422 1385 aggerem
441 1307 535 1369 latum
556 1307 648 1386 pedes
670 1325 805 1377 oooxxx,
832 1307 924 1370 altum
943 1309 1035 1388 pedes

72 1413 156 1453 rm
172 1399 378 1452 extruxerunt.
410 1392 484 1453 Cum
498 1393 524 1451 is
538 1409 658 1452 murum
672 1390 802 1452 hostium
812 1409 908 1470 paene
920 1395 1034 1454 contin·
1049 1400 1066 1448 2

73 1483 160 1554 geret
175 1482 205 1536 et
220 1475 327 1536 Caesar
348 1474 383 1536 ad
405 1493 480 1555 opus
495 1474 711 1536 consuetudine
730 1474 891 1536 excubaret
911 1476 1034 1537 milites·

74 1577 133 1637 que
147 1559 329 1629 hortaretur,
343 1578 380 1620 ne
396 1559 474 1636 quod
496 1560 617 1619 omnino
638 1565 757 1637 tempus
778 1558 815 1640 ab
835 1577 927 1638 opere
941 1563 1034 1621 inter·

73 1645 254 1714 mitteretur,
270 1643 359 1722 paulo
373 1650 440 1704 ante
452 1645 570 1703 tertiam
584 1641 712 1719 vigiliam
728 1649 773 1702 est
788 1643 1033 1712 animadversum,

73 1729 191 1790 fumare
206 1744 354 1806 aggerem,
372 1744 460 1804 quem
472 1726 609 1787 cuniculo
624 1726 726 1785 hostes
741 1726 966 1795 succenderant,
984 1745 1034 1787 eo·
1050 1733 1066 1786 ³

74 1812 202 1888 demque
216 1818 352 1890 tempore
363 1819 425 1871 toto
435 1829 522 1871 muro
537 1809 665 1870 clamore
681 1807 796 1869 sublato
812 1809 926 1870 duabus
940 1813 1035 1889 portis

74 1895 110 1957 ab
125 1900 253 1974 utroque
267 1895 360 1956 latere
374 1898 502 1968 turrium
518 1895 634 1972 eruptio
649 1892 746 1953 fiebat.
778 1892 837 1954 hlii'
853 1894 932 1953 faces
947 1901 1066 1971 atquet

74 1979 187 2040 aridam
207 1981 364 2040 materiem
384 1979 421 2039 de
435 1997 521 2038 muro
535 1980 567 2037 in
583 1993 721 2055 aggerem
743 1979 859 2038 eminus
878 1977 1033 2047 iaciebant,

73 2066 132 2124 olii
143 2065 240 2142 picem
260 2062 451 2140 reliquasque
470 2080 535 2130 res,
558 2060 664 2138 quibus
684 2063 761 2138 ignis
783 2063 904 2121 excitari
925 2068 1033 2140 petest,

73 2146 247 2216 fundebant,
263 2154 305 2215 ut,
320 2163 379 2224 quo
389 2150 519 2226 primum
532 2152 704 2206 curreretur
719 2151 770 2205 aut
784 2146 831 2205 cui
845 2147 891 2205 rei
904 2145 1035 2207 ferretur

74 2229 231 2300 auxilium,
252 2232 300 2292 vix
319 2233 394 2291 ratio
414 2232 485 2290 iniri
504 2237 614 2308 posset.
651 2229 777 2297 Tamen,
801 2228 880 2305 quod
898 2230 1064 2290 instituted

74 2315 208 2376 Caesaris
220 2332 339 2393 semper
350 2313 425 2375 duae
435 2314 567 2391 legiones
580 2331 637 2392 pro
649 2314 753 2372 castris
769 2311 954 2373 excubabant
967 2312 1033 2391 plu·

73 2415 184 2475 resque
198 2400 313 2476 partitis
327 2396 511 2476 temporibus
523 2404 608 2457 erant
618 2397 649 2456 in
661 2413 761 2475 opere,
777 2395 913 2457 celeriter
923 2396 1034 2456 factum

75 2489 129 2550 est,
145 2487 179 2542 ut
197 2482 245 2542 alii
260 2481 466 2560 eruptionibus
479 2482 663 2548 resisterent,
681 2479 730 2540 alii
741 2486 841 2540 turres
855 2479 1035 2540 reducerent

74 2581 273 2642 aggeremque
286 2565 550 2634 interscinderent,
569 2564 662 2624 omnis
677 2581 747 2623 vero
763 2581 799 2623 ex
815 2564 919 2624 castris
933 2562 1033 2624 multi·

74 2649 146 2710 tudo
162 2649 198 2708 ad
214 2649 458 2726 restinguendum
473 2656 674 2714 cocurreret

137 2732 223 2794 xxv.
255 2733 329 2794 ilum
348 2734 379 2794 in
401 2731 537 2792 omnibus
557 2730 630 2792 locis
653 2738 827 2809 consumpta
847 2733 906 2790 iarn
921 2729 1063 2806 reliqua!

74 2823 159 2897 perte
174 2818 269 2878 noctis
280 2823 465 2895 pugnaretur
475 2823 653 2894 semperque
665 2813 800 2874 hostibus
814 2832 883 2892 spes
893 2814 1034 2873 victoriae

73 2900 346 2979 redintegraretur,
363 2918 399 2960 eo
414 2901 516 2977 magis,
539 2898 619 2975 quod
639 2898 759 2958 deustos
774 2897 891 2975 pluteos
905 2897 1033 2957 turrium

73 2983 213 3046 videbant
228 3001 284 3046 nee
298 2983 384 3045 facile
399 2983 480 3043 adire
495 2991 614 3060 apertos
629 2981 665 3042 ad
685 2980 883 3041 auxiliandum
903 2979 1033 3040 animad-

74 3068 239 3138 vertebant,
261 3085 441 3146 semperque
459 3068 518 3146 ipsi
538 3073 675 3127 recentes
696 3065 820 3125 defessis
840 3063 1035 3125 succederent

75 3168 255 3230 omnemque
270 3151 380 3214 Galliae
395 3151 521 3212 salutem
535 3152 566 3211 in
581 3149 631 3211 illo
648 3151 770 3226 vestigio
790 3151 934 3228 temporis
954 3150 1034 3226 posi·

74 3242 135 3297 tam
150 3235 385 3305 arbitrarentur,
407 3235 514 3297 accidit
531 3232 767 3313 inspectantibus
782 3232 879 3302 nobis,
896 3232 975 3309 quod
990 3231 1033 3291 di·

74 3336 166 3398 gnum
180 3322 325 3381 memoria
339 3320 435 3381 visum
448 3317 699 3398 praetereundum
713 3335 774 3378 non
796 3317 1033 3378 existimavimus.

76 3402 201 3475 Quidam
216 3412 286 3466 ante
299 3411 417 3483 portam
433 3403 533 3482 oppidi
549 3400 650 3463 Gallus
664 3420 719 3480 per
734 3419 840 3463 manus
859 3401 926 3462 sevi
943 3417 980 3459 ac
990 3399 1072 3478 poa

75 3489 118 3550 cis
133 3489 257 3550 traditas
269 3487 375 3566 glebas
385 3488 417 3548 in
442 3488 544 3565 ignem
568 3489 729 3569 eregione
748 3489 849 3553 turris
863 3481 1059 3570 proiciebat
