2356 3870
149 209 210 272 112
474 207 513 264 llll
527 207 632 264 nulio
648 203 787 263 stilico

148 373 294 433 scentiam
308 389 452 432 numerus
467 369 636 449 disciplinae
652 386 739 429 causa
754 368 918 438 concurrit,
936 385 1105 447 magnoque

115 452 178 516 ahi
192 464 260 517 sunt
275 454 352 534 apud
374 473 424 515 eos
444 454 567 515 honore.
597 453 671 513 Nam
684 454 749 513 iere
764 453 802 513 de
823 450 961 514 omnibus
983 460 1103 514 contro·

147 540 251 600 versiis
271 538 397 618 publicis
417 539 598 617 privatisque
626 539 824 606 constituunt,
852 544 882 596 et
906 537 932 596 si
958 535 1037 614 quod
1060 543 1105 597 est

147 622 309 683 admissum
323 623 451 691 lacinus,
467 624 492 682 si
507 620 612 682 caedes
626 620 716 689 iacta,
738 621 764 681 si
778 619 815 681 de
830 618 1009 689 hereditate,
1026 621 1052 680 si
1067 620 1105 680 de

147 705 255 767 linibus
275 707 475 767 controversia
496 713 555 773 est,
577 704 656 764 idem
677 704 856 772 decernunt,
879 703 1010 782 praemia
1031 722 1103 783 poe·

116 796 260 866 onasque
281 790 479 857 constituunt;
505 791 530 850 si
545 790 596 865 qui
610 794 662 848 aut
680 789 812 866 privatus
833 794 883 847 aut
904 786 1033 866 populus
1053 805 1103 847 eo·

146 891 214 934 rum
226 873 347 934 decreto
361 890 422 932 non
436 874 526 942 stetit,
543 872 692 933 sacrificiis
706 871 895 931 interdicunt.
919 870 999 932 llaec
1007 888 1105 950 poena

116 963 132 1012 't
148 955 226 1035 apud
242 975 292 1017 eos
308 963 354 1017 est
374 956 554 1033 gravissima.
586 953 699 1026 Quibus
718 956 759 1015 ita
781 961 827 1014 est
846 953 1053 1024 interdictum,
1073 953 1105 1013 hi

148 1057 275 1100 numero
294 1040 455 1119 impiorum
470 1056 503 1099 ac
523 1037 736 1099 sceleratorum
756 1036 918 1107 habentur,
940 1036 986 1099 his
1001 1055 1105 1098 omnes

148 1123 310 1193 decedunt,
333 1123 444 1184 aditum
466 1138 693 1198 sermonemque
715 1120 886 1199 defugiunt,
914 1120 1045 1198 nequid
1068 1138 1105 1181 ex

148 1207 324 1284 contagione
352 1205 532 1266 incommodi
558 1205 718 1283 accipiant,
746 1223 845 1283 neque
866 1203 913 1266 his
934 1204 1105 1286 petentibus

117 1291 196 1351 ttius
216 1288 351 1350 redditur
371 1307 470 1367 neque
491 1287 585 1350 honos
605 1288 683 1350 ullus
704 1290 947 1350 communicatur.
985 1289 1037 1349 llis
1053 1307 1104 1348 au·

147 1381 209 1433 tem
224 1372 361 1433 omnibus
376 1371 530 1434 druidibus
544 1380 663 1452 praeest
676 1391 770 1443 unus,
794 1373 845 1450 qui
867 1390 1012 1434 summam
1027 1373 1105 1432 inter

116 1460 200 1517 teos
220 1455 310 1516 habet
332 1458 546 1518 auctoritatem.
577 1455 639 1517 Hoc
659 1464 778 1517 mortuo
798 1462 865 1524 aut,
886 1457 913 1517 sl
934 1458 985 1533 qui
1006 1473 1041 1516 ex
1057 1474 1104 1516 re·

41 1544 44 1549 '
147 1539 237 1617 liquis
253 1538 371 1600 excedit
385 1540 539 1618 dignitate,
561 1538 706 1608 succedit,
727 1547 792 1610 aut,
813 1542 839 1600 si
853 1546 923 1601 sunt
936 1539 1038 1618 plures
1053 1557 1105 1617 pa·

147 1641 206 1694 res,
223 1623 363 1702 suffragio
375 1623 523 1693 druidum,
539 1640 761 1700 nonnumquam
773 1624 861 1684 etiam
874 1625 963 1684 armis
973 1623 1011 1683 de
1021 1624 1105 1701 prin·

106 1708 246 1787 locipatu
261 1707 452 1769 contendunt.
483 1707 520 1768 Hi
536 1714 617 1768 certo
633 1708 703 1768 anni
716 1715 852 1785 tempore
865 1709 897 1768 ln
911 1706 1019 1768 finibus
1034 1705 1104 1767 Car·

148 1797 268 1860 nutum,
291 1806 367 1868 quae
389 1791 472 1868 regio
493 1793 583 1852 totius
599 1790 709 1852 Galliae
724 1790 821 1851 media
841 1789 983 1860 hahetur,
1007 1791 1105 1851 consi·

148 1873 223 1934 dunt
236 1875 267 1934 in
282 1873 348 1935 loco
369 1880 553 1935 consecrato.
584 1872 649 1934 Huc
668 1891 772 1934 omnes
793 1873 938 1952 undique,
962 1874 1013 1951 qui
1034 1891 1104 1934 con·

147 1959 307 2018 troverslas
322 1956 441 2027 habent,
459 1957 638 2023 conveniunt
652 1973 816 2034 eorumque
831 1957 958 2019 decretis
972 1957 1104 2018 iudiciis·

107 2046 137 2098 11
145 2056 203 2118 que
225 2048 340 2119 parent.
378 2039 539 2120 [disciplina
559 2041 591 2101 in
612 2040 764 2102 Britannia
784 2049 904 2120 reperta
926 2048 1014 2117 atque
1035 2040 1105 2101 indo

145 2125 177 2184 in
191 2123 314 2185 Galliam
334 2123 474 2185 translata
495 2141 561 2184 esse
581 2125 781 2194 existimatur,
805 2132 836 2185 ct
855 2143 949 2194 nunc,
973 2125 1024 2201 qui
1038 2123 1104 2184 dili·

147 2208 266 2284 gentius
289 2225 353 2268 eam
374 2225 438 2269 rem
460 2224 641 2285 cognoscere
661 2207 778 2279 volunt,
800 2207 977 2288 plerumque
991 2204 1041 2268 illo
1057 2207 1101 2269 di·

147 2290 251 2351 scendi
266 2308 355 2352 causa
369 2292 609 2370 proficiscuntur.

116 2378 130 2429 1
209 2373 299 2435 Xllll.
338 2374 464 2437 Druides
478 2394 495 2436 a
509 2374 592 2435 lello
608 2374 713 2436 abesse
734 2383 917 2437 consuerunt
936 2392 1034 2453 neque
1049 2377 1103 2436 tri·

147 2456 219 2518 luta
233 2475 292 2519 una
307 2475 375 2518 cum
389 2458 511 2536 reliquis
525 2457 667 2538 pendunt,
684 2458 804 2522 militiae
815 2461 997 2521 vacationem
1008 2461 1104 2520 omni·

116 2547 258 2617 tumque
272 2558 374 2602 rerum
389 2539 499 2603 habent
513 2543 727 2604 inmunitatem.
757 2543 859 2604 Tantis
879 2544 998 2604 excitati
1015 2561 1102 2622 prac-

147 2624 215 2683 miis
236 2631 266 2684 et
287 2642 340 2685 sua
360 2631 467 2703 sponte
487 2624 572 2686 multi
592 2627 623 2686 in
644 2625 829 2706 disciplinam
849 2627 1028 2688 conveniunt
1043 2633 1104 2687 eta

115 2712 132 2764 t
146 2705 320 2785 parentibus
341 2709 578 2788 propinquisque
592 2711 760 2772 mittuntur.
790 2711 928 2789 Magnum
942 2710 985 2771 lbi
998 2727 1103 2771 nnme-

147 2809 216 2851 rum
235 2807 375 2852 versuum
391 2791 524 2852 ediscere
545 2792 694 2854 dicuntur.
731 2795 834 2871 ltaque
854 2812 948 2856 annos
968 2793 1104 2856 nonnulli

147 2876 265 2935 vicenos
287 2877 318 2936 in
339 2875 492 2956 disciplina
511 2885 696 2954 permanent.
726 2878 829 2955 Neque
849 2879 893 2939 las
914 2895 980 2939 esse
1002 2878 1102 2938 existi·

148 2966 230 3018 mant
244 2976 279 3018 ca
292 2958 400 3021 litteris
414 2959 570 3030 mandare,
587 2978 655 3021 cum
668 2962 699 3022 in
713 2960 836 3038 reliquis
851 2961 915 3022 iere
926 2961 1031 3030 rebus,
1047 2979 1103 3040 pu·

118 3039 233 3102 oblicis
254 3043 435 3121 privatlsque
457 3043 631 3113 rationibus,
648 3044 768 3106 Graecis
782 3044 888 3106 litteris
909 3051 1040 3107 utantur.
1071 3045 1104 3104 ld

148 3123 220 3185 mihi
240 3122 354 3188 duabus
373 3127 411 3187 de
431 3129 527 3188 causis
547 3129 710 3190 instituisse
730 3127 880 3200 videntur,
905 3129 984 3206 quod
1005 3144 1106 3206 nequo

146 3208 178 3268 in
199 3207 319 3286 vulgum
340 3210 524 3290 disciplinam
544 3211 643 3272 edoni
663 3211 754 3273 velint
772 3230 870 3290 neque
891 3231 957 3283 eos,
988 3215 1039 3290 qui
1058 3213 1103 3272 di-

147 3298 249 3362 scunt,
280 3292 387 3356 litteris
410 3295 537 3356 confisos
557 3297 655 3356 minus
677 3298 838 3358 memoriae
858 3298 994 3365 studere;
1024 3297 1102 3373 quod

73 3371 94 3411 '
147 3377 211 3437 iere
225 3376 376 3455 plerisque
392 3378 512 3448 accidit,
535 3387 568 3438 ut
581 3379 728 3457 praesidio
743 3380 908 3442 litterarum
923 3380 1103 3458 diligentiam

114 3460 177 3518 bin
196 3461 399 3537 perdiscendo
422 3480 456 3524 ac
482 3464 655 3523 memoriam
682 3465 843 3525 remittant.
882 3466 1020 3544 Inprimis
1045 3463 1103 3524 hoc
