2356 3870
154 226 216 287 142
479 222 519 279 nu
533 221 637 280 BELLO
653 221 796 280 ththl)

125 393 135 446 ι
214 387 328 450 XXXV.
360 386 433 447 Cum
454 354 581 463 uterque
601 386 720 464 utrique
742 393 820 447 esset
835 389 984 448 exercitus
998 387 1030 448 in
1045 406 1116 450 con·

152 479 257 552 spectu
272 473 395 547 fereque
411 489 427 531 e
442 471 563 548 regione
579 471 683 531 castris
698 480 795 531 castra
809 479 945 550 poneret,
964 471 1117 551 dispositis

153 553 406 634 exploratoribus,
427 553 536 614 neenhi
557 553 660 615 eliceto
680 561 771 634 ponte
790 554 915 616 Romani
936 557 1037 635 copias
1058 563 1117 617 tra·

9 687 14 696 .
121 635 311 709 educerent,
329 646 392 699 crat
412 639 443 698 in
463 639 576 716 magnis
598 637 730 699 Caesaris
750 637 972 700 difficultatibus
991 656 1057 710 res,
1079 658 1118 701 ne

153 724 295 784 maiorem
315 723 435 784 aestatis
456 729 572 801 partem
592 721 714 782 flumine
733 722 945 801 impediretur,
962 722 1042 801 quod
1056 741 1118 784 non
1164 796 1168 802 ,

120 807 215 867 aiere
230 814 298 868 ante
312 814 487 868 autumnum
496 804 601 866 Elaver
617 804 689 866 rado
704 807 826 866 transiri
839 806 924 867 solet.
948 807 1062 883 ltaque,
1078 825 1118 868 ne

151 889 181 950 id
196 890 357 960 accideret,
378 890 505 952 silvestri
524 889 590 949 loco
611 890 715 950 castris
735 891 871 968 positise
891 892 1014 968 regione
1030 892 1118 952 unius

153 991 256 1035 eorum
268 976 419 1054 pontium,
433 990 508 1051 quos
523 973 746 1052 Vercingetorix
760 973 973 1035 rescindendos
995 992 1116 1035 curave·

151 1065 206 1128 rat,
222 1068 343 1138 postero
359 1058 406 1119 dle
422 1075 489 1118 eum
505 1056 618 1117 duabus
632 1055 822 1135 legionibus
813 1075 845 1118 m
860 1057 976 1119 occulto
991 1059 1117 1126 restitit;

118 1140 280 1219 treliquas
295 1144 394 1221 copias
410 1159 478 1201 eum
492 1140 628 1201 omnihus
649 1139 885 1220 impedimentis
907 1149 941 1202 ut
955 1159 1116 1203 consueve-

150 1232 211 1296 rat,
227 1226 316 1296 misit,
334 1226 426 1304 captis
442 1223 616 1301 quibusdam
639 1222 826 1294 cohortibus,
849 1226 894 1286 uti
913 1243 1058 1287 numerus
1072 1225 1115 1287 le·

119 1315 135 1365 ι
150 1311 272 1388 gionum
287 1317 423 1371 constare
436 1309 594 1369 videretur.
623 1307 685 1377 His,
702 1325 791 1385 quam
801 1307 973 1395 longissime
983 1317 1116 1388 possent,

153 1393 254 1471 egredi
267 1394 365 1463 iussis,
382 1411 450 1454 oum
465 1394 521 1452 iam
538 1410 574 1451 ex
589 1391 648 1452 diei
662 1399 797 1471 tempore
812 1389 1013 1454 coniecturam
1029 1411 1116 1492 cepe·

150 1485 205 1546 rat,
221 1479 253 1537 in
265 1484 361 1539 castra
376 1482 563 1556 perventum,
579 1475 674 1536 isdem
689 1474 825 1545 sublicis,
844 1493 971 1553 quarum
985 1479 1115 1555 parsin-

119 1561 261 1622 dierior
252 1569 369 1639 integra
380 1559 561 1628 remanebat,
577 1567 700 1639 pontem
711 1561 834 1620 relicere
847 1561 954 1639 coepit.
971 1559 1116 1622 Celeriter

151 1644 254 1706 eliceto
270 1663 360 1725 opere
374 1643 601 1722 legionibusque
614 1643 758 1704 traductis
772 1651 802 1704 et
811 1642 876 1704 loeo
889 1646 993 1704 castris
1008 1643 1116 1705 idoneo

85 1739 90 1750 ’
119 1735 134 1784 ἰ
150 1728 265 1789 delecto
280 1729 517 1806 reliquascopias
527 1729 684 1788 revocarit.
706 1728 930 1804 Vercingetorix
943 1746 977 1788 re
989 1729 1116 1805 cognita,

150 1831 188 1873 ne
210 1821 311 1873 contra
332 1831 415 1873 suam
441 1811 621 1872 voluntatem
648 1810 787 1871 dimicare
814 1818 980 1889 cogeretur,
1001 1812 1116 1889 magnis

150 1896 307 1956 itineribus
323 1897 488 1957 antecessit.

121 1986 132 2038 1
212 1979 338 2040 XXXVI.
371 1978 477 2039 Caesar
498 1997 534 2038 ex
550 1995 585 2038 eo
607 1977 672 2038 loco
694 1980 803 2056 quintis
820 1980 924 2040 castris
940 1977 1117 2056 Gergoviam

150 2065 286 2141 pervenit
307 2064 497 2139 equestrique
519 2080 554 2122 eo
576 2061 624 2121 die
644 2062 759 2140 proeho
774 2062 831 2123 levi
845 2064 938 2132 lacto,
954 2073 1115 2142 perspecto

150 2145 233 2206 urbis
252 2147 327 2215 situ,
350 2161 425 2222 quae
444 2149 541 2224 posita
561 2147 591 2205 in
612 2143 753 2207 altissimo
774 2155 876 2207 monte
902 2147 998 2207 omnis
1018 2145 1115 2208 aditus

150 2228 283 2290 difficiles
298 2227 438 2298 hahebat,
460 2229 496 2289 de
519 2231 735 2308 expugnatione
756 2230 937 2310 desperavit,
960 2228 998 2290 de
1011 2229 1114 2292 obses·

150 2313 233 2373 sione
247 2331 306 2373 non
322 2315 406 2392 prius
421 2312 568 2390 agendum
583 2315 749 2384 constituit,
767 2331 855 2391 quam
869 2333 934 2376 rem
949 2314 1114 2376 frumenta·

116 2399 222 2457 ariam
238 2397 414 2476 expedisset.
450 2399 486 2458 Αι
501 2397 723 2474 Vercingetorix
739 2400 843 2459 castris
862 2415 957 2477 prope
972 2399 1115 2477 oppidum

148 2481 253 2558 positis
268 2479 466 2541 mediocribus
484 2482 596 2540 circum
611 2499 643 2540 se
663 2481 823 2543 intervallis
838 2482 998 2561 separatim
1013 2483 1114 2560 singu·

149 2562 245 2624 larum
261 2566 422 2625 civitatium
438 2565 537 2643 copias
552 2563 770 2635 conlocauerat,
793 2574 881 2642 atque
897 2563 1035 2626 omnibus
1051 2567 1115 2627 eius

148 2649 210 2724 iugi
231 2647 355 2709 collibus
382 2649 546 2726 occupatis,
577 2664 635 2725 qua
655 2646 767 2728 despici
786 2656 918 2728 poterat,
938 2647 1115 2712 horribilem

117 2732 280 2809 aspeciem
299 2729 463 2812 praebebat
480 2732 689 2810 principesque
711 2750 813 2793 earum
834 2733 1011 2803 civitatium,
1040 2750 1115 2811 quos

149 2814 206 2874 sihi
220 2814 256 2876 ad
273 2815 428 2877 consilium
444 2815 618 2893 capiendum
634 2813 798 2893 delegerat,
814 2818 909 2895 prima
924 2815 991 2877 luce
1007 2817 1116 2878 cotidie

149 2898 185 2958 ad
200 2917 233 2959 se
248 2901 407 2961 convenire
421 2898 556 2968 iubebat,
580 2917 633 2960 seu
655 2900 726 2975 quid
746 2899 1037 2970 communicandum,
1060 2919 1115 2963 seu

116 2981 219 3058 equid
242 2983 505 3044 administrandum
524 2983 690 3052 rideretur,
717 2990 815 3060 neque
835 2982 929 3045 ullum
949 2985 1014 3044 lere
1035 2985 1115 3046 diem

147 3066 370 3137 intermittebat,
388 3069 460 3144 quiu
482 3068 612 3144 equestri
632 3065 747 3144 proelio
760 3068 924 3129 interiectis
943 3069 1113 3146 sagittariis,

149 3148 219 3226 quid
232 3151 264 3209 in
280 3166 399 3227 quoque
415 3159 493 3211 esset
506 3151 596 3211 animi
610 3150 769 3211 aerirtutis
777 3170 909 3222 suorum,
925 3153 1113 3230 perspicere·

115 3238 131 3289 ι
148 3239 204 3293 tur.
236 3233 307 3294 Erat
323 3251 339 3294 e
353 3235 475 3312 regione
490 3233 591 3313 oppidi
606 3233 689 3294 collis
704 3234 759 3295 sub
773 3224 847 3314 ipsis
861 3234 1010 3297 radicibus
1025 3253 1112 3297 mon·

148 3317 312 3395 tisegregie
326 3319 458 3379 munitus
473 3325 561 3394 atque
568 3336 604 3378 ex
611 3335 691 3378 omni
705 3326 790 3398 parte
798 3336 1005 3387 circumcisus
1023 3336 1113 3397 quem

148 3402 174 3460 si
188 3406 328 3462 tenerent
347 3404 454 3472 nostri,
478 3409 507 3462 et
528 3419 620 3479 aquae
641 3419 747 3480 magna
766 3411 851 3483 parte
822 3410 905 3464 tet
923 3401 1114 3482 pabulatione

108 3483 236 3545 odbera
245 3485 436 3565 prohibituri
450 3485 553 3549 hostes
569 3485 751 3549 ridebantur.
784 3487 843 3549 Sed
856 3489 883 3549 is
897 3487 983 3549 locus
997 3488 1112 3566 praesi-
