2356 3870
144 197 207 262 136
478 195 518 252 ob
535 195 640 252 BELLO
657 194 804 252 GALLICO.

140 362 228 432 letis,·
244 361 331 421 cuites
345 376 440 436 opere
454 362 518 420 sine
532 365 629 420 uestro
643 362 788 433 sunguine
802 365 918 421 tentum
932 362 1101 420 exerceam

139 448 280 506 uictorem
297 443 385 515 fame
398 448 604 519 consumptum
619 444 740 512 videtin
763 460 849 518 quem
870 445 1001 519 turpiter
1014 459 1046 503 ee
1060 459 1102 505 ee

133 528 217 604 supe
238 528 432 602 recipientem
458 543 496 588 ne
524 543 585 601 que
611 527 718 587 ciebas
746 529 808 588 suis
825 527 938 600 finibus
959 528 1088 602 recipiat

138 628 158 671 c
179 627 226 671 me
244 611 397 687 provisum
417 617 471 671 est.

111 702 123 753 1
202 693 278 756 XXI.
310 692 478 754 Conclamat
493 694 588 755 omnis
603 692 761 755 multitudo
783 700 812 753 et
831 712 885 754 suo
906 711 990 755 more
1010 696 1101 754 armis
1132 720 1137 726 ¹

139 783 312 856 concrepat,
330 776 409 856 quod
424 777 522 838 iacere
536 779 568 837 in
580 794 614 837 eo
627 785 820 846 consuerunt,
836 778 920 838 cuins
935 778 1101 839 orationem

138 860 318 940 adprobaut;
340 878 489 922 summum
503 879 568 922 esse
578 861 847 940 Vercingetorigem
860 861 976 930 ducem,
992 878 1049 921 nee
1064 859 1100 920 de
1164 864 1166 869 '

139 946 203 1006 eius
217 944 275 1005 lide
291 944 495 1015 dubitandum,
511 963 568 1005 nec
581 946 694 1007 maiore
716 946 831 1006 ratione
845 943 958 1005 bellum
973 944 1098 1005 admini-

106 1037 122 1084 2
138 1030 226 1090 strari
233 1046 330 1106 posse.
348 1028 496 1098 Statuunt,
511 1037 545 1089 ut
555 1049 577 1088 x
587 1027 666 1089 milia
676 1027 829 1089 hominum
840 1027 953 1088 delecta
960 1047 997 1089 cx
1005 1029 1098 1089 omni·

106 1112 194 1173 'abus
220 1113 314 1190 copiis
338 1113 369 1172 in
396 1111 538 1191 oppidum
558 1113 726 1182 mittantur,
749 1130 805 1173 nec
825 1111 896 1173 solis
917 1111 1100 1189 Biturigibus

139 1213 328 1257 communem
350 1194 476 1256 salutem
491 1196 731 1259 committendam
752 1203 889 1265 censent,
906 1194 986 1272 qnod
1007 1212 1101 1274 penes

140 1298 208 1349 eos,
231 1280 257 1340 si
276 1279 307 1339 id
329 1279 470 1357 oppidum
486 1281 688 1350 retinuissent,
712 1297 857 1340 summam
873 1281 1014 1341 victoriae
1029 1296 1099 1340 con·

140 1371 219 1424 stare
233 1361 455 1440 intellegebant

110 1454 123 1504 l
202 1444 292 1507 XXII.
330 1445 480 1525 Singulari
505 1445 633 1507 militum
657 1454 829 1508 nostrorum
852 1448 953 1509 virtuti
979 1446 1102 1509 consilia

141 1528 381 1606 cuiusquemodi
395 1529 546 1593 Gallorum
563 1529 775 1600 occurrebant,
792 1536 826 1592 ut
841 1539 887 1591 est
901 1548 1034 1594 summae
1047 1548 1099 1608 ge·

140 1632 199 1675 nus
214 1611 364 1674 sollertiae
379 1620 468 1692 atque
483 1613 520 1675 ad
535 1615 633 1675 omnia
646 1614 787 1675 imitanda
799 1622 828 1675 et
843 1613 1004 1683 eillcienda,
1024 1630 1099 1690 quae

108 1705 125 1755 2
140 1696 177 1759 ab
193 1713 313 1775 quoque
328 1699 501 1768 traduntur,
517 1699 711 1777 aptissimum.
748 1698 822 1760 Nam
838 1707 868 1758 et
881 1697 994 1776 laqueis
1010 1696 1101 1759 falces

140 1781 328 1851 avertebant,
345 1798 433 1859 quas,
456 1801 524 1842 enm
539 1781 766 1851 destinaverant,
783 1783 937 1845 tormentis
952 1784 1101 1843 introrsus

140 1864 332 1934 reducebant,
350 1873 380 1926 et
394 1882 532 1945 aggerem
548 1865 692 1927 cuniculis
707 1865 936 1934 subtrahebant,
954 1883 989 1926 eo
1005 1867 1099 1926 scien·

141 1949 216 2018 tius,
239 1948 318 2026 quod
339 1949 416 2027 apud
439 1967 490 2009 eos
510 1966 633 2026 magnae
654 1957 724 2009 sunt
741 1951 885 2010 ferrariae
904 1957 992 2026 atque
1013 1967 1102 2010 omne

109 2039 126 2090 3
140 2049 235 2110 genus
242 2032 448 2093 cuniculorum
459 2039 562 2093 notum
570 2039 658 2114 atque
666 2035 803 2095 usitatum
816 2040 870 2096 est.
887 2034 994 2093 Totum
1002 2040 1102 2093 autem

141 2133 262 2176 murum
276 2133 312 2175 ex
327 2117 407 2176 omni
421 2123 506 2193 parte
522 2115 654 2177 turribus
667 2117 926 2179 contabulaverant
944 2124 1033 2192 atque
1048 2115 1102 2177 has

108 2207 125 2256 4
141 2199 229 2259 coriis
235 2200 411 2260 intererant.
424 2199 501 2259 Tum
508 2198 622 2260 crebris
628 2200 961 2276 diurnisnocturnisquo
969 2201 1100 2279 eruptio·

141 2281 230 2343 nibus
245 2290 296 2343 aut
310 2284 411 2360 aggeri
424 2284 523 2361 ignem
537 2283 705 2345 inferebant
715 2291 766 2345 aut
776 2285 885 2345 milites
897 2291 1056 2362 occupatos
1070 2285 1101 2344 in

141 2365 797 2445 opereadoriebanturetnostrarumturrium
805 2368 997 2436 altitudinem,
1008 2385 1100 2444 quan·

113 2455 205 2510 atum
216 2449 270 2510 bas
288 2450 451 2511 cotidianus
467 2468 557 2529 agger
580 2459 782 2530 expresserat,
801 2453 965 2513 commissis
979 2469 1101 2513 suarum

141 2534 270 2594 turrium
287 2533 372 2594 malis
389 2533 593 2610 adaequabant
606 2544 635 2595 et
651 2542 771 2614 apertos
789 2536 941 2597 cuniculos
962 2541 1102 2615 praeusta

143 2624 172 2676 et
186 2624 344 2695 praeacuta
359 2620 483 2679 materia
492 2626 522 2678 et
535 2620 601 2696 pice
616 2619 812 2681 fervefactaet
826 2621 946 2683 maximi
959 2619 1102 2698 ponderis

141 2700 1100 2782 saxismorabanturmoenibusqneappropinquareprohibebant.

112 2792 123 2844 1
204 2783 306 2845 llillll.
337 2785 416 2847 Muri
430 2791 529 2847 autem
541 2786 752 2852 omnesGallici
767 2786 896 2850 haesere
911 2788 1005 2849 lorma
1021 2793 1099 2846 sunt.

140 2867 255 2929 Trabes
271 2868 401 2930 directae
415 2875 578 2950 perpetuae
593 2872 624 2930 in
638 2870 852 2948 longitudinem
871 2870 993 2950 paribus
1008 2871 1099 2930 inter·

141 2952 233 3022 vallis,
250 2952 391 3016 distantes
404 2949 489 3015 inter
499 2972 531 3015 se
545 2953 632 3015 binos
646 2955 747 3033 pedes,
768 2957 799 3016 in
813 2953 877 3016 solo
898 2953 1099 3016 conlocantur.

110 3044 127 3092 2
141 3035 203 3097 Hae
218 3037 423 3098 revinciuntur
436 3040 586 3100 introrsus
601 3044 631 3098 et
645 3037 737 3099 multo
754 3057 861 3117 aggere
875 3040 1052 3107 vestiuntur,
1068 3055 1103 3098 ea

142 3127 250 3188 autem,
268 3136 343 3196 quae
358 3120 495 3192 diximus,
511 3121 664 3184 intervalla
683 3123 845 3200 grandibus
865 3124 896 3183 in
911 3123 1008 3184 leonte
1023 3121 1102 3181 saxis

112 3209 128 3260 a
143 3203 344 3264 elfarciuntur.
375 3205 428 3266 His
443 3205 604 3266 conlocatis
620 3213 650 3266 et
663 3208 874 3284 coagmentatis
888 3205 963 3267 allus
976 3207 1102 3284 insuper

143 3285 217 3348 ordo
239 3286 371 3358 additur,
394 3296 427 3351 ut
446 3289 526 3351 idem
545 3289 620 3351 illud
638 3289 824 3353 intervallmn
847 3298 982 3351 servetur
1003 3306 1102 3366 neque

141 3370 219 3432 inter
234 3389 267 3430 se
282 3374 455 3450 contingant
469 3373 577 3443 trabes,
594 3373 646 3435 sed
661 3374 783 3453 paribus
796 3376 985 3436 intermissae
999 3373 1102 3452 spatiis

84 3507 88 3513 .
112 3454 276 3532 tsingulae
290 3456 416 3536 singulis
431 3460 509 3519 saxis
528 3460 692 3520 interiectis
711 3466 777 3522 arte
797 3460 1015 3520 contineantur.
1054 3455 1104 3517 Sic
