2356 3870
86 178 89 182 *
155 217 202 283 50
239 303 242 309 .
444 217 591 274 annuum
606 217 828 275 trnrcnuuu.

156 370 262 433 dextro
286 364 468 447 sinistroque
492 386 586 428 cornu
608 368 731 446 opponit
760 374 790 428 et
818 368 858 427 ita
889 369 1054 447 praecipit,
1089 377 1127 432 ut

157 454 360 536 providerent,
383 470 421 513 ne
443 451 636 512 multitudine
659 454 810 530 equitatus
833 451 964 512 hostium
989 455 1124 514 circum·

156 540 348 600 venirentnr:
373 534 562 597 existimabat
578 537 669 605 enim,
686 553 718 595 se
734 537 802 596 acie
817 535 967 596 instructa
984 554 1053 598 cum
1068 554 1125 615 pe·

157 620 309 684 destribns
332 621 425 698 copiis
449 620 672 680 dimicaturum.
841 626 845 633 '

120 712 137 762 1
221 703 316 767 xltlt
369 704 443 766 Cum
486 706 638 782 utrimque
682 705 849 782 expectatio
893 705 981 765 lieret
1024 723 1124 785 neque

157 789 265 852 Caesar
287 805 353 850 sese
375 796 509 848 moveret
532 795 653 849 etcum
683 805 806 848 suorum
835 790 986 865 paucitate
1015 797 1124 850 contra

155 891 295 953 magnam
316 874 377 934 vim
399 873 531 933 hostiurn
553 872 680 932 artillcio
702 874 797 948 magis
819 890 908 950 quam
929 869 1047 933 viribus
1070 872 1125 934 de·

156 957 340 1019 cernendum
361 957 486 1027 videret,
510 954 611 1017 subito
633 954 872 1015 adversariorum
888 958 1038 1035 equitatus
1054 975 1122 1019 sese

156 1042 317 1103 extendere
340 1042 422 1100 etin
443 1039 633 1101 latitudinem
655 1056 832 1117 promovere
860 1039 1014 1120 collesque
1036 1058 1120 1102 com·

154 1126 248 1205 plecti
282 1133 312 1186 et
343 1125 477 1186 Caesaris
510 1126 677 1203 equitatum
709 1130 870 1193 extenuare
901 1124 1050 1203 simulque
1084 1125 1123 1186 ad

121 1207 406 1271 acircumeundum
434 1225 609 1286 comparare
645 1225 678 1268 se
715 1215 890 1286 coeperunt.
948 1207 1122 1270 Caesariani

156 1295 274 1372 equites
297 1310 402 1353 corum
423 1291 650 1352 multitudinem
672 1308 761 1368 aegre
784 1289 982 1353 sustinebant.
1033 1294 1123 1354 Acies

155 1379 280 1451 interim
301 1375 418 1436 mediae
440 1394 510 1436 curn
532 1392 716 1436 concurrere
738 1383 935 1446 conarentur,
959 1375 1061 1436 subito
1084 1394 1121 1437 ex

156 1459 318 1524 condensis
339 1460 447 1520 turmis
469 1459 587 1537 pedites
601 1458 748 1519 Numidae
763 1458 837 1519 levis
858 1467 1028 1520 armaturae
1051 1478 1121 1521 eum

155 1541 311 1624 equitibus
332 1551 517 1622 procurrunt
539 1550 570 1604 et
591 1543 672 1603 inter
693 1542 876 1620 legionarios
901 1540 1047 1622 [pedites]
1076 1546 1120 1604 ia·

121 1627 223 1690 acula
245 1629 411 1689 coniciunt.
460 1627 516 1688 llic
544 1645 614 1687 oum
642 1626 814 1686 Caesariani
844 1629 875 1687 in
898 1645 950 1687 eos
972 1629 1120 1706 impetum

153 1713 316 1781 iecissent,
339 1711 461 1772 illorum
483 1713 599 1788 equites
613 1708 830 1789 refugiebant3
853 1710 970 1789 pedites
993 1712 1119 1775 interim

62 1810 66 1818 ·
155 1794 359 1867 resistebant,
388 1795 458 1854 dum
486 1797 603 1873 equites
624 1812 732 1854 rursus
754 1811 846 1855 eursu
868 1803 1011 1856 renovato
1032 1795 1120 1875 pedi·

153 1879 240 1940 tibus
263 1880 326 1940 suis
348 1884 575 1940 succurrerent.

114 1966 130 2014 1
221 1961 281 2024 xv.
327 1961 434 2023 Caesar
456 1979 532 2021 novo
554 1979 666 2039 genere
687 1979 804 2040 pugnae
827 1962 937 2031 oblato,
962 1981 1031 2024 cum
1050 1965 1119 2024 ani·

154 2065 237 2107 mum
259 2046 443 2116 adverteret,
472 2046 595 2107 ordines
623 2064 747 2107 suornm
769 2049 801 2106 in
823 2046 1032 2126 procurrendo
1052 2056 1119 2109 tur·

154 2130 221 2191 bari
242 2128 424 2207 -pedites
446 2131 542 2199 enim,
571 2129 641 2190 dum
670 2133 786 2209 equites
814 2130 933 2208 longius
962 2130 1000 2192 ab
1023 2133 1120 2209 signis

153 2223 394 2294 prosequuntur,
417 2213 510 2274 latere
532 2213 645 2273 nudato
667 2234 684 2274 a
706 2216 852 2293 proximis
874 2214 1013 2275 Numidis
1035 2217 1118 2276 iacu-

154 2298 193 2358 lis
215 2295 465 2366 vulnerabautur;
489 2299 605 2376 equites
627 2305 727 2358 autern
749 2298 880 2359 hostium
898 2299 994 2377 pilum
1010 2300 1120 2361 militis

154 2399 246 2442 cursu
268 2380 357 2442 facile
380 2381 514 2442 vitabant
533 2413 586 2452 -‚
615 2380 707 2442 edicit
734 2400 790 2460 per
816 2382 952 2452 ordines,
982 2387 1120 2463 nequis

117 2474 135 2522 2
154 2466 242 2527 miles
264 2464 301 2526 ab
324 2467 419 2543 signis
441 2477 498 2525 1111
519 2465 611 2544 pedes
639 2465 759 2542 longius
786 2466 975 2543 procederet.
1024 2467 1117 2547 Equi·

153 2557 233 2610 tatus
255 2551 378 2610 interim
393 2549 520 2610 Labieni
542 2567 666 2609 suorum
689 2548 882 2611 multitudine
897 2551 1029 2611 conlisus
1043 2550 1119 2613 Cae·

152 2634 230 2694 saris
251 2635 433 2711 paucitatem
456 2634 587 2693 circuire
609 2649 670 2694 uon
692 2640 842 2694 moratur:
867 2636 984 2712 equites
1005 2634 1117 2696 loliani

151 2718 241 2796 pauci
262 2716 455 2778 multitudine
478 2717 610 2777 hostium
632 2716 745 2778 defessi
775 2719 861 2796 equis
890 2718 1117 2781 convulneratis

115 2801 297 2881 apaulatim
318 2799 441 2872 cedere;
470 2800 565 2862 bostis
590 2803 686 2880 magis
707 2802 862 2881 magisque
890 2803 1014 2863 instare.
1073 2803 1117 2864 lta

152 2893 265 2964 puncto
287 2886 432 2963 temporis
455 2884 598 2946 omnibus
619 2884 793 2962 legionariis
816 2884 854 2946 ab
876 2885 1009 2947 bostium
1031 2889 1117 2966 equi·

149 2963 216 3030 'tatu
245 2970 457 3030 circumventis
485 2968 680 3048 Caesarisque
709 2971 806 3048 copiis
833 2972 866 3031 iu
895 2969 1001 3031 orbem
1034 2990 1116 3032 eom·

152 3052 262 3196 lpulsis,
286 3053 365 3113 intra
397 3052 548 3114 cancellos
570 3071 674 3113 omnes
701 3055 833 3115 coniecti
860 3070 995 3132 pugnare
1028 3073 1120 3135 eoge-

174 3143 273 3196 antur.

117 3221 132 3269 1
215 3218 292 3281 xvi.
335 3219 486 3282 Labienus
520 3223 551 3282 in
580 3238 659 3301 equo
693 3224 791 3300 capite
827 3221 909 3284 nudo
936 3224 1052 3285 versari
1085 3225 1118 3284 in

151 3306 249 3382 prima
272 3306 352 3374 acie:
375 3304 466 3366 simul
488 3323 559 3367 suos
581 3306 751 3375 cohortari,
775 3323 1001 3386 nonnumquam
1023 3307 1119 3386 legio·

87 3384 89 3389 ’
151 3389 257 3450 narius
278 3388 414 3450 Caesaris
436 3391 477 3450 ita
499 3389 667 3468 appellare:
714 3389 794 3462 Quid
813 3398 861 3460 tu,
891 3393 1005 3470 inquit,
1032 3392 1119 3452 mdes

42 3545 46 3552 ¹
137 3474 229 3534 [ἱνα]
269 3473 348 3536 Tum
365 3474 526 3550 [modulus
548 3477 600 3537 es?
651 3474 709 3537 Vos
730 3490 846 3550 quoque
866 3471 923 3536 iste
943 3472 1044 3536 verus
1064 3478 1115 3553 tu-
