2356 3870
133 219 193 282 192
453 215 492 271 DE
507 213 609 271 netto
626 206 761 270 naitico

99 392 209 440 amum
227 381 305 440 enim
320 377 456 442 veniebat
475 375 511 436 ab
531 377 581 437 illo
596 378 750 438 universae
766 378 876 440 Galliae
891 380 979 441 bello.
1011 381 1089 444 Nihil

129 463 360 540 relinquebatur,
378 461 456 538 quod
467 461 503 521 ad
515 468 650 521 ornatum
662 471 825 540 portarum,
841 466 990 534 itIncrum,
1007 465 1088 527 loco·

130 564 198 608 rum
213 547 357 614 omnium,
381 562 437 623 qua
453 545 558 605 Caesar
580 545 676 606 iturus
691 554 770 615 erat,
787 549 946 624 excogitari
961 558 1086 627 poterat.

87 637 113 690 ‚t
127 631 200 692 Cum
214 629 315 689 liberis
331 630 426 689 omnIs
446 626 603 688 multitudo
625 628 739 690 obviarn
759 630 954 709 procedebat,
974 630 1089 693 hostiae

129 713 267 774 omnibus
280 713 353 774 locis
364 710 600 781 immolabantur,
617 713 751 773 trIcIIniis
765 715 864 773 stratis
884 716 949 774 lora
963 714 1086 793 templa·

130 814 188 874 que
203 795 438 875 occupabantur,
461 802 495 855 ut
508 794 553 854 vol
574 798 801 874 expectatIssimi
823 797 964 877 trIumpbi
977 796 1088 858 laetitia

49 925 54 934 ,
128 881 259 959 praecipi
273 889 384 958 posset,
414 879 507 938 Tanta
522 885 586 938 erat
599 880 813 956 magnificentia
829 880 905 959 apud
921 879 1086 960 opulentio-

126 981 186 1031 res,
204 963 347 1042 cupiditas
362 961 441 1040 apud
456 961 637 1022 humiliores.

98 1055 113 1106 t
191 1045 250 1107 LII.
278 1046 351 1107 Cum
367 1062 470 1105 omnes
484 1046 621 1121 regiones
637 1044 747 1107 Galliae
767 1055 882 1124 togatae
898 1046 1004 1108 Caesar
1018 1066 1087 1126 per·

128 1131 317 1198 cucurrisset,
329 1146 443 1189 summa
458 1127 608 1190 celeritate
623 1129 659 1188 ad
671 1126 832 1191 exercitum
838 1130 1088 1191 Nemetocennam

61 1248 66 1258 ι
126 1213 217 1274 rediit
235 1212 460 1291 legionibusque
481 1229 516 1272 ex
537 1211 673 1272 omnibus
693 1213 825 1275 bibernis
840 1214 875 1274 ad
890 1215 964 1274 fines
979 1214 1087 1274 Treve-

128 1315 232 1358 rorum
243 1297 369 1356 evocatis
386 1314 420 1355 eo
432 1296 583 1374 proiectus
598 1302 643 1356 est
656 1296 757 1375 ibique
767 1299 932 1367 exercitum
942 1296 1083 1359 lustravit

96 1382 161 1442 ΞΤ.
178 1380 341 1442 Labienum
356 1378 466 1438 Galbae
485 1381 628 1457 praefecit
648 1388 776 1459 togatae,
798 1398 857 1460 quc
872 1383 985 1441 maiore
1007 1400 1087 1441 com·

127 1464 316 1526 mendationc
336 1461 545 1523 conciliaretur
564 1463 600 1524 ad
616 1464 786 1526 consulatus
807 1467 990 1545 petitionem.
1021 1465 1089 1542 lpse

128 1555 243 1609 tuntum
257 1547 398 1607 itlncrum
412 1545 552 1616 iaciebat,
574 1556 717 1624 quantum
732 1551 802 1610 satis
817 1566 882 1609 esse
896 1547 932 1608 ad
949 1549 1087 1607 mutatio·

96 1637 196 1692 tuem
210 1631 344 1690 locorum
359 1637 482 1708 propter
497 1630 699 1693 salubritatem
715 1631 907 1693 existimabat.
926 1630 969 1691 Ibi
985 1647 1087 1706 quam-

127 1731 216 1791 quam
238 1713 344 1774 crebro
365 1712 516 1783 audiebat,
532 1714 693 1776 Labienum
709 1715 745 1776 ab
759 1716 885 1776 inimicis
900 1716 962 1775 suls
976 1713 1086 1774 sollici·

127 1801 193 1867 tari,
209 1798 378 1872 certiorque
392 1797 489 1865 fiebat,
505 1796 535 1856 id
550 1800 596 1874 agi
610 1815 772 1875 paucorum
788 1798 926 1868 consiliis,
949 1805 982 1856 ut
995 1799 1087 1856 inter·

127 1883 223 1961 posita
229 1888 348 1942 senatus
356 1883 529 1941 auctoritate
541 1879 638 1956 aliqua
648 1886 733 1955 parte
740 1881 886 1939 exercitus
898 1879 1087 1957 spoliaretur,

126 1974 226 2026 tamen
240 1963 387 2040 nequede
401 1962 530 2023 Labieno
545 1960 670 2020 credidit
685 1962 841 2039 quicquam
855 1978 962 2037 neque,
985 1971 1088 2023 contra

127 2057 247 2109 senatus
254 2048 460 2108 auctoritatem
475 2043 622 2120 utaliquid
636 2046 757 2114 laceret,
772 2044 877 2105 adduci
885 2045 990 2122 potuit.
1008 2045 1086 2104 Iudi·

127 2131 211 2191 cabat
226 2133 314 2198 enim,
331 2128 432 2190 liberis
452 2129 605 2188 sententiis
625 2136 744 2206 patrum
764 2130 1001 2207 conscrIptorum
1017 2146 1085 2187 cau·

93 2222 111 2272 t
126 2233 189 2275 sam
203 2232 287 2275 suam
301 2212 387 2273 iacile
402 2209 538 2271 obtineri
574 2211 648 2272 Nam
669 2212 700 2273 C.
717 2206 813 2272 Curio
828 2211 965 2272 tribunus
980 2210 1085 2290 plebis,

127 2317 195 2358 cum
210 2297 342 2358 Caesaris
363 2312 479 2354 causam
497 2293 727 2372 dignitatemque
748 2295 963 2358 defendendam
985 2313 1087 2355 susce·

125 2384 227 2460 pisset,
243 2396 331 2457 saepe
347 2384 412 2437 erat
425 2379 541 2438 senatui
555 2378 718 2457 pollicitus,
739 2380 764 2440 si
780 2396 869 2456 quem
885 2381 974 2439 timor
989 2396 1087 2438 armo·

125 2483 194 2526 rum
210 2459 342 2525 Caes'aris
358 2459 503 2527 laederet.
526 2465 665 2538 quoniam
680 2463 803 2542 Pompei
823 2463 983 2523 dominatio
999 2468 1087 2537 atque

110 2564 208 2608 ,arma
227 2564 287 2606 non
301 2545 464 2620 ‘minimum
485 2554 632 2608 terrorem
653 2547 718 2607 loro
738 2547 899 2615 inferrent,
922 2544 1089 2619 discederet

125 2639 252 2705 uterque
267 2626 304 2688 ab
326 2629 416 2688 armis
440 2631 647 2707 exercitusque
669 2630 846 2691 dImitteret:
868 2629 933 2690 iore
955 2646 989 2687 eo
1010 2628 1087 2703 laeto

93 2722 111 2773 t
125 2711 249 2773 liberam
265 2719 295 2770 et
309 2713 355 2772 sui
369 2713 444 2772 iuris
462 2713 618 2774 civitatem.
654 2713 757 2791 Neque
772 2713 829 2773 boc
843 2720 957 2772 tantum
972 2710 1085 2790 pollici·

105 2835 108 2840 -
124 2806 173 2856 tus
189 2803 244 2865 est,
260 2795 312 2857 sed
328 2797 416 2855 etiam
430 2814 484 2874 per
498 2815 530 2856 se
542 2796 753 2858 discessionem
764 2798 862 2875 lacere
877 2796 990 2874 coepit;
1008 2793 1085 2871 quod

126 2898 164 2941 ne
184 2880 284 2948 tieret,
307 2877 444 2940 consules
465 2881 611 2957 amicique
630 2881 753 2960 Pompei
772 2883 925 2940 iusserunt
945 2889 1033 2955 atque
1047 2881 1086 2938 Ita

125 2982 190 3025 rem
205 2962 388 3024 moderando
403 2962 616 3025 discusserunt

81 3054 108 3117 Δι
187 3047 259 3107 LIII.
290 3045 426 3122 Magnum
441 3046 499 3107 boc
512 3049 714 3109 testimonium
735 3055 856 3108 senatus
876 3054 940 3106 erat
955 3045 1085 3104 universi

125 3132 361 3205 conveniensque
382 3129 531 3208 superiori
549 3132 635 3192 lacto.
680 3131 753 3192 Nam
774 3128 929 3191 Marcellus
950 3129 1085 3208 proxImo

124 3231 211 3282 anno,
228 3231 296 3273 cum
315 3213 494 3291 inpugnaret
509 3214 640 3275 CaesarIs
660 3213 848 3291 dignitatem,
871 3221 976 3274 contra
991 3212 1085 3288 legem

124 3297 248 3376 Pompei
268 3304 297 3355 et
313 3295 409 3357 Crassi
429 3297 587 3358 rettulerat
607 3304 674 3356 ante
694 3306 811 3375 tempus
834 3297 870 3357 ad
897 3304 1032 3357 senatum
1049 3295 1085 3353 de

125 3380 259 3442 Caesaris
273 3381 447 3460 provinciis,
470 3381 684 3456 sententiIsque
705 3379 790 3440 dictis
817 3379 1027 3440 dIscessionem
1042 3378 1083 3437 la·

125 3466 221 3526 ciente
242 3462 394 3532 Marcello,
411 3466 460 3541 qui
482 3463 538 3524 sibi
558 3481 676 3524 omnem
703 3462 874 3540 dignitatem
897 3479 932 3520 en
953 3461 1084 3522 Caesaris
