2356 3870
152 200 195 268 96
474 206 522 262 DE
543 205 658 262 BELLO
681 205 791 263 01va

126 373 277 436 2Gallicis
297 373 385 435 bellis
404 375 516 452 optima
531 374 751 453 fortissimaque
767 380 833 434 erat
849 391 930 434 usus.
965 372 1019 434 llis
1035 373 1114 435 dorni

154 459 192 520 ob
208 460 261 519 has
276 477 380 519 causas
396 458 594 536 amplissimos
613 459 805 534 magistratus
820 458 1012 518 mandaverat
1027 465 1116 538 atque

154 562 205 604 eos
220 549 302 603 extra
318 543 454 603 ordinem
474 544 506 602 in
521 549 656 603 senatum
676 542 818 620 legendos
839 550 994 603 curaverat
1014 559 1116 619 agros·

153 629 258 707 quein
275 626 367 687 Gallia
383 645 419 687 ex
433 626 571 688 hostibus
586 633 687 705 captos
703 629 895 706 praemiaque
911 628 956 686 rei
972 629 1116 705 pecunia·

153 715 217 773 riae
232 728 337 789 magna
353 711 501 772 tribuerat
520 711 742 790 locupletesque
758 729 795 771 ex
811 709 970 787 egentibus
990 711 1115 772 fecerat.

127 797 192 857 3Ηί
208 805 329 875 propter
343 798 485 856 virtutem
499 813 558 855 non
572 795 667 855 solum
683 795 761 873 apud
777 795 934 855 Caesarem
953 794 1115 856 inhonore

154 888 254 950 erant,
281 881 333 940 sed
354 883 444 941 etiam
465 879 543 959 apud
564 881 729 940 exercitum
752 881 812 939 cari
833 878 1036 950 habebantur3
1062 879 1115 940 sed

152 967 224 1026 freti
249 966 380 1025 amicitia
403 964 538 1025 Caesaris
559 971 589 1024 et
614 963 703 1024 stulta
729 982 764 1024 ac
790 962 919 1025 barbara
944 966 1116 1040 arrogantia

154 1051 224 1127 elati
236 1047 443 1127 despiciebant
454 1067 524 1109 suos
539 1048 780 1127 stipendiumque
792 1049 925 1126 equitum
936 1047 1116 1109 fraudabant

125 1141 184 1194 4et
203 1132 344 1212 praedam
364 1151 483 1192 omnem
503 1133 623 1193 domum
644 1131 828 1193 avertebant.
864 1131 981 1202 Quibus
1001 1132 1047 1192 illi
1065 1150 1115 1194 re·

153 1218 211 1279 bus
234 1219 361 1296 permoti
390 1219 524 1277 universi
549 1216 705 1278 Caesarem
729 1217 867 1276 adierunt
896 1216 1053 1296 palamque
1078 1217 1115 1278 de

154 1320 256 1362 eorum
276 1303 397 1362 iniuriis
417 1308 485 1361 sunt
507 1303 604 1381 questi
619 1309 649 1362 et
667 1301 703 1362 ad
725 1309 825 1361 cetera
846 1300 1038 1370 addiderunt,
1061 1300 1115 1362 fal·

154 1403 218 1446 sum
231 1385 267 1446 ab
278 1385 326 1446 his
337 1387 469 1465 equitum
481 1402 638 1446 numerum
651 1385 773 1456 deferri,
789 1403 916 1465 quorum
932 1385 1116 1464 stipendium

155 1477 332 1531 averterent.

128 1562 143 1610 1
217 1553 278 1614 LX.
308 1553 419 1614 Caesar
433 1571 530 1633 neque
545 1560 662 1633 tempus
675 1551 749 1615 illud
767 1554 1034 1615 animadversionis
1048 1573 1114 1616 esse

154 1640 328 1699 existimans
342 1645 372 1699 et
385 1638 478 1699 multa
498 1639 601 1700 virtuti
624 1657 727 1700 eorum
748 1638 915 1699 concedens
936 1656 1002 1699 rem
1022 1645 1114 1700 totam

154 1722 284 1792 distulit;
311 1722 377 1783 illos
400 1731 516 1783 secreto
536 1725 706 1800 castigavit,
732 1723 810 1801 quod
832 1725 968 1802 quaestui
996 1725 1114 1800 equites

152 1806 313 1877 haberent,
335 1809 524 1886 monuitque,
545 1816 579 1867 ut
594 1825 629 1867 ex
645 1825 697 1867 sua
713 1809 845 1867 amicitia
860 1810 959 1869 omnia
975 1815 1114 1886 expecta·

126 1898 222 1952 trent
237 1900 267 1951 et
282 1909 318 1951 ex
333 1894 505 1969 praeteritis
520 1894 582 1952 suis
597 1892 705 1952 officiis
719 1891 835 1970 reliqua
855 1899 1022 1971 sperarent
1052 1891 1113 1952 bla-

153 1993 241 2053 gnam
256 1983 354 2035 tamen
369 1975 443 2036 haec
456 1993 507 2035 res
526 1976 586 2037 illis
601 1976 794 2036 offensionem
810 1982 840 2036 et
861 1977 1113 2055 contemptionem

153 2060 190 2120 ad
205 2077 307 2119 omnes
322 2058 428 2128 attulit,
445 2059 536 2138 idque
550 2062 592 2120 ita
607 2078 683 2137 esse,
705 2078 773 2121 cum
789 2078 825 2120 ex
840 2061 967 2122 aliorum
982 2060 1114 2121 obiecta·

153 2141 287 2203 tionibus
300 2150 363 2202 turn
378 2145 466 2203 etiarn
482 2162 517 2203 ex
533 2144 695 2204 domestico
709 2144 821 2204 iudicio
837 2153 925 2225 atque
938 2146 1030 2206 animi
1041 2163 1114 2206 con·

126 2227 280 2287 tscientia
295 2226 518 2303 intellegebant.
539 2227 604 2298 Quo
615 2229 729 2308 pudore
741 2229 860 2289 adducti
873 2237 903 2291 et
914 2231 1041 2291 fortasse
1052 2247 1114 2292 non

153 2329 184 2372 se
198 2309 333 2379 liberari,
350 2310 402 2372 sed
417 2314 449 2371 in
464 2311 544 2372 aliud
559 2320 677 2394 tempus
690 2315 837 2374 reservari
852 2313 1000 2383 arbitrati,
1016 2315 1113 2374 disce·

154 2395 225 2456 dere
241 2413 258 2455 a
273 2393 361 2454 nobis
375 2402 405 2455 et
419 2414 524 2457 noram
543 2405 689 2476 temptare
704 2398 853 2459 fortunam
873 2417 1022 2478 novasque
1038 2400 1112 2459 ami·

126 2481 242 2540 lcitias
265 2481 396 2557 experiri
419 2483 646 2543 constituerunt.
690 2480 728 2541 Et
751 2500 818 2542 eum
844 2485 949 2561 paucis
975 2482 1114 2546 collocuti

152 2562 313 2624 clientibus
328 2567 403 2634 suis,
425 2564 534 2643 quihus
554 2574 670 2626 tantum
684 2567 800 2627 facinus
821 2570 1007 2629 committere
1022 2567 1115 2628 aude·

152 2646 234 2716 bant,
250 2648 380 2725 primum
396 2651 495 2709 conati
510 2657 578 2709 sunt
596 2651 781 2730 praefectum
796 2653 928 2731 equitum
944 2652 975 2713 G.
991 2651 1114 2712 Voluse-

152 2749 223 2792 num
244 2733 430 2802 interficere,
452 2741 486 2793 ut
505 2742 607 2812 postea
628 2734 705 2796 bello
726 2737 862 2796 confecto
882 2738 1033 2813 cognitum
1055 2742 1112 2806 est,

152 2824 185 2877 ut
201 2834 269 2876 cum
289 2834 412 2877 munere
435 2815 533 2897 aliquo
548 2820 715 2897 perfugisse
731 2820 768 2880 ad
783 2820 958 2899 Pompeium
973 2820 1113 2881 rideren-

125 2907 217 2970 otur;
234 2907 389 2981 postquam
402 2901 433 2961 id
449 2902 601 2964 difficilius
615 2906 711 2964 visum
727 2911 773 2965 est
787 2923 883 2984 neque
899 2904 1023 2966 facultas
1043 2922 1113 2984 per·

152 2983 273 3045 ficiendi
290 2985 424 3056 dabatur,
441 3005 529 3066 quam
543 2989 687 3049 maximas
700 2996 872 3069 potuerunt,
887 2991 1031 3067 pecunias
1046 3007 1113 3050 mu·

151 3071 242 3136 tuati,
270 3070 396 3146 proinde
417 3089 450 3130 ac
471 3073 534 3132 suis
553 3073 725 3133 satisfacere
747 3080 776 3133 et
794 3074 931 3135 fraudata
951 3075 1113 3134 restituere

151 3151 274 3220 vellent,
296 3152 397 3214 multis
413 3157 557 3235 coemptis
577 3157 661 3236 equis
676 3156 712 3217 ad
732 3157 908 3237 Pompeium
928 3161 1115 3220 transierunt

152 3252 221 3296 cum
236 3237 289 3305 iis,
306 3255 381 3316 quos
395 3241 440 3298 sui
457 3239 575 3300 consilii
590 3242 755 3320 participes
769 3242 929 3304 habebant.

126 3326 141 3376 1
214 3318 290 3379 Llll.
325 3320 405 3391 Quos
418 3323 592 3402 Pompeius,
616 3324 695 3404 quod
715 3334 799 3388 erant
820 3326 944 3388 honesto
967 3328 1032 3388 loco
1050 3329 1114 3390 uati

152 3410 183 3463 et
211 3405 350 3465 instructi
384 3406 550 3469 liberaliter
585 3427 751 3490 magnoque
781 3414 923 3473 comitatu
952 3420 982 3473 et
1011 3412 1114 3473 multis

89 3548 99 3561 ,
143 3488 294 3552 iumentire
305 3499 449 3554 venerant
465 3495 581 3577 virique
596 3495 692 3557 fortes
706 3494 893 3558 habebantur
909 3503 939 3556 et
953 3497 984 3558 in
998 3497 1115 3560 honoro
