2356 3870
309 224 357 277 DE
372 223 478 278 ANAL.
494 223 562 278 LIB.
576 223 610 277 11.
639 221 688 276 Da
702 220 837 276 ASTRIS.
995 214 1053 279 131
1168 255 1173 270 ,

92 375 234 436 kalendas
261 377 349 434 Mart.
372 375 504 434 triduum
530 374 624 448 varie,
652 377 683 434 et
703 391 771 434 vm.
784 366 935 433 ¹‘kalendas
957 373 1057 432 hirun-

94 467 170 524 dinis
193 465 259 524 visu
283 468 314 523 et
335 467 453 539 postero
477 463 525 522 die
538 464 649 521 arcturi
668 466 771 522 oxortu
784 463 962 538 vespertino,
983 463 1057 520 item

93 554 182 612 tertio
205 570 298 611 nonas
322 553 411 610 Mart.
435 550 544 610 Caesar
566 552 663 609 cancri
692 553 795 610 exortu
817 551 848 608 id
870 550 936 609 fieri
959 551 1057 609 obser-

93 642 183 700 vavit.
211 672 253 680 -
282 638 390 699 Caesar
417 643 448 698 et
478 640 545 698 idus
571 639 696 696 Martias
723 638 830 697 ferales
858 639 915 699 sibi
941 637 1058 696 notavit

95 729 255 804 scorpionis
278 746 395 800 occasu,
418 742 467 784 xv.
490 727 631 786 kalendas
658 745 728 785 vero
755 726 849 802 April.
871 726 977 785 Italiae
1003 727 1057 783 nri-

94 819 178 875 luum
199 816 327 888 ostendi,
350 831 404 872 ru.
427 814 568 874 kalendas
592 833 675 873 ecum
698 815 828 873 occidere
845 815 999 873 matutino.
1013 844 1056 854 -

96 906 279 963 ale-248.
324 902 553 977 Aequinoctium
574 922 698 962 vamum
723 921 749 959 a.
772 902 799 959 d.
823 916 891 960 vrri.
914 901 1056 960 kalendas

95 993 190 1066 April.
212 992 317 1067 peragi
339 991 464 1050 videtur.
509 991 614 1050 Abeo
643 989 681 1048 ad
707 990 900 1065 vergiliarum
922 992 1056 1048 exortum

95 1080 275 1137 matutinum
289 1078 408 1138 Caesari
426 1078 594 1154 significant
616 1078 759 1137 kalendae
772 1078 881 1153 April.;
905 1093 951 1136 111.
965 1094 1058 1148 nonas
1124 1144 1126 1151 Ι

95 1168 189 1242 April.
217 1168 248 1224 in
270 1167 372 1226 Attica
397 1168 539 1242 vergiliae
565 1167 681 1241 vesperi
713 1167 910 1238 occultantur,
939 1165 1059 1224 eaedem

95 1255 238 1329 postridie
264 1256 295 1312 in
323 1254 459 1328 Boeotia,
492 1254 611 1313 Caesari
642 1256 743 1312 autem
774 1257 805 1312 et
832 1252 988 1311 Chaldaeis
1009 1271 1060 1312 no-

98 1341 145 1399 nis
185 1372 236 1403 —-.
294 1341 413 1401 Caesari
440 1358 481 1400 vr.
512 1342 579 1401 idus
603 1341 751 1417 signifieat
772 1342 875 1401 imbris
897 1343 991 1400 librae
1013 1357 1062 1399 oc-

98 1447 191 1487 casus.
240 1444 321 1487 11111.
344 1430 460 1489 kalend.
489 1427 582 1486 Maias
609 1430 747 1506 Aegypto
775 1430 895 1488 suculae
924 1429 1060 1487 occidunt

98 1517 228 1590 vesperi,
260 1516 341 1575 sidus
372 1519 530 1577 vehemens
561 1521 592 1577 et
621 1521 702 1576 terra
733 1509 867 1592 marique
898 1517 1059 1588 turbidum,

99 1620 160 1661 xvr.
183 1603 314 1678 Atticae,
336 1619 386 1663 xv.
402 1604 529 1679 Caesari,
552 1606 690 1664 continuo
704 1605 862 1679 quatriduo
881 1603 1058 1681 significant,

99 1692 240 1766 Assyriae
262 1694 363 1750 autom
385 1708 439 1752 mr.
462 1693 612 1752 kalendas.
627 1689 812 1750 —Caesari
835 1695 866 1750 et
878 1709 946 1750 vr11.
960 1692 1060 1749 kalen-

100 1779 152 1837 das
174 1782 296 1838 notatur
318 1780 486 1840 dies-vr.
498 1799 590 1839 nonas
604 1779 697 1836 Maias
707 1776 826 1837 Caesari
854 1778 973 1837 suculae
999 1796 1060 1835 ma-

99 1867 196 1924 tutino
220 1868 391 1926 exoriuntur
414 1874 444 1926 et
466 1883 533 1926 vna
556 1868 622 1926 idus
645 1867 757 1942 capella
778 1866 926 1942 pluvialis.
947 1898 988 1908 —-
1013 1865 1060 1924 Sic

100 1954 161 2012 fere
184 1956 215 2012 in
232 1970 273 2013 w.
288 1955 368 2030 idus,
392 1956 443 2031 qui
466 1958 512 2014 est
533 1956 724 2030 vergiliarum
747 1958 879 2026 exortus,
901 1954 1061 2013 decurnmt

100 2042 206 2101 sidera.
234 2073 276 2083 -
306 2046 361 2118 27,
390 2045 462 2102 255.
485 2061 525 2116 sq.
574 2043 602 2101 A
624 2043 816 2118 vergiliarum
843 2045 947 2101 exortu
970 2043 1059 2116 signi-

99 2130 189 2188 ficant
213 2128 332 2190 Caesam
358 2132 500 2206 postridie
527 2133 638 2190 arcturi
665 2149 784 2190 occasus
811 2131 991 2203 matutinus,
1013 2146 1060 2187 111.

100 2219 166 2277 idus
180 2218 275 2278 Maias
296 2219 433 2279 fidiculae
455 2224 587 2294 exortus,
609 2235 664 2279 x11.
678 2220 820 2279 kalendas
833 2219 934 2278 Iunias
948 2219 1061 2294 capella

99 2307 215 2381 vesperi
237 2307 370 2368 occidens
386 2341 435 2365 ·-.
458 2325 500 2366 xi.
524 2309 665 2367 kalendas
680 2307 799 2367 Caesari
812 2305 929 2366 Orionis
943 2307 1060 2382 gladius

101 2395 231 2453 occidere
253 2395 368 2469 incipit,
393 2411 451 2452 1111.
473 2414 566 2455 nonas
592 2395 693 2454 Iunias
721 2394 840 2454 Caesari
867 2398 898 2453 et
919 2395 1061 2470 Assyriae
1116 2437 1119 2441 -

100 2483 201 2556 aquila
222 2485 338 2557 vesperi
360 2482 466 2553 oritur,
497 2498 553 2542 vn.
576 2482 644 2541 idus
666 2485 801 2541 arcturus
820 2483 967 2540 matutino
989 2483 1060 2541 occi-

101 2571 145 2627 dit
167 2569 285 2643 Italiae,
313 2585 372 2629 1111.
400 2570 555 2645 delphinus
582 2571 697 2644 vesperi
725 2569 863 2630 exoritur.
911 2585 988 2629 xvrr.
1010 2570 1061 2628 ka-

101 2657 203 2715 lendas
230 2657 321 2716 Iulias
344 2658 461 2732 gladius
488 2654 605 2716 Orionis
616 2655 748 2715 exoritur
757 2690 805 2714 —.
844 2672 888 2716 x1.
919 2657 1061 2717 kalendas

102 2744 233 2802 eiusdem
256 2743 373 2804 Orionis
400 2746 517 2819 gladius
541 2742 660 2804 Caesari
687 2746 818 2804 occidere
844 2745 956 2819 incipit.
992 2762 1060 2804 vm.

101 2832 242 2891 kalendas
265 2833 356 2890 Iulias
370 2850 440 2891 vero
463 2833 653 2907 longissimus
676 2833 738 2891 dies
760 2833 853 2892 totius
867 2832 937 2890 anni
961 2837 1062 2892 etnox

102 2920 275 2979 brevissima
297 2920 457 2979 solstitium
480 2920 645 2979 conficiunt.
660 2952 702 2960 -
728 2922 778 2994 28,
803 2922 986 2980 asa-271.
1013 2919 1061 2980 Ab

102 3008 228 3067 solstitio
255 3008 293 3066 ad
320 3007 456 3066 fidiculae
483 3026 618 3068 occasum
639 3024 680 3066 v1.
703 3009 844 3068 kalendas
870 3008 963 3067 Iulias
991 3005 1061 3066 Cae-

102 3097 160 3156 sari
192 3095 283 3156 Orion
312 3094 443 3154 exoritur
469 3103 526 3167 “-,
560 3111 624 3154 rvr.
651 3093 710 3152 kal.
738 3093 890 3171 Augustas
920 3096 1061 3170 Assyriae

100 3202 229 3261 procyon
243 3185 385 3258 exoritur,
408 3184 477 3242 dein
499 3187 568 3258 post
589 3184 720 3242 triduum
743 3184 804 3243 fere
818 3185 928 3260 ubique
950 3184 1061 3244 confes-

102 3291 166 3330 sum
188 3274 267 3332 inter
289 3273 384 3332 omnis
407 3273 488 3331 sidus
511 3272 656 3346 indicans,
683 3273 762 3348 quod
789 3273 869 3331 canis
892 3275 991 3331 ortum
1011 3291 1061 3333 ro-

101 3378 213 3434 camus,
241 3364 303 3421 sole
330 3365 446 3437 partem
472 3362 598 3436 primam
623 3359 717 3420 leonis
743 3361 886 3436 ingresso.
935 3361 1000 3420 Hoc
1026 3361 1061 3420 fit

100 3453 168 3523 post
190 3451 350 3509 solstitium
363 3466 453 3508 xxm.
470 3449 526 3508 die.
572 3447 710 3507 Sentiunt
732 3448 762 3506 id
784 3449 880 3507 maria
902 3453 935 3507 et
953 3452 1072 3510 tensaex

100 3538 212 3596 multae
234 3557 303 3598 vero
327 3543 357 3597 et
379 3539 473 3612 ferae,
497 3569 539 3579 -·
563 3537 764 3616 accenditque
776 3538 927 3668 solerqrget
939 3544 1098 3600 mtu‘affiffi
