2356 3870
271 213 387 269 INDEX
404 212 582 270 NOMINUM
598 212 647 268 ΕΤ
664 212 802 270 RERUM.
964 214 1032 280 199
1142 274 1158 305 0

44 357 210 412 Claterna
246 356 380 438 oppidum
416 353 525 411 Gallias
570 356 664 425 sentit,
682 355 727 410 11.
745 361 789 425 61,
807 360 833 411 4.
847 360 879 422 66
901 355 943 411 ibi
960 355 1028 411 Cae·

64 427 239 496 Cispadanae
254 427 445 507 (limgonum),
469 441 524 495 qno
568 425 638 481 saris
665 441 778 480 6666616
799 442 828 481 se
850 425 1028 481 defensurum

63 499 186 566 potitum
214 513 243 551 se
271 512 330 551 esse
351 495 460 551 Hirtius
488 496 525 551 ad
568 495 708 564 professus
735 495 791 550 dux
816 498 983 578 praetorque
1011 513 1028 552 a

64 569 192 622 senatum
199 566 361 622 scribita.U.
367 564 524 635 anccxl,
568 566 707 621 veteranis
723 564 881 636 legiombue
895 566 1029 636 deligitur

63 637 109 690 Fr.
128 655 155 706 p.
177 642 236 691 161.
254 638 324 690 extr.
344 637 505 705 (-162,1.)
569 637 606 704 (v.
623 635 790 705 Thorius),
809 641 852 706 59,
868 644 892 703 1,
916 636 960 691 his
978 653 1027 706 pe·

45 709 94 776 (a.)
124 711 161 774 α.)
186 706 216 761 C.
240 705 418 775 (Claudius
443 705 481 761 M.
503 705 523 760 f.
567 705 706 775 tentibus,
723 705 911 762 utinaciem
928 708 1027 762 educe·

63 777 101 830 Μ.
121 781 158 843 n.)
177 776 361 831 Marcellus
379 777 477 832 consul
497 793 523 831 a.
568 778 677 846 rentur,
703 777 781 831 tram
803 775 913 832 Baetim
938 777 1027 832 aciem

50 847 97 901 ’U.
108 864 131 901 6.
141 846 255 916 DCCV,
269 845 446 901 adversarius
456 847 523 902 Cae·
567 845 818 915 1661161660,1.2;
832 863 879 901 666
892 847 924 901 in
937 849 1028 902 castra

63 918 147 984 saris,
173 917 248 971 hunc
274 916 350 970 omni
372 917 477 971 honore
495 918 525 971 et
566 917 701 971 reducens
715 916 913 972 detrimentum
924 917 1028 986 accipit

62 988 202 1056 dignitate
212 986 382 1056 spoliaturus
419 988 523 1056 utatur,
568 1003 586 1040 a
600 985 678 1042 Cassi
694 986 822 1055 equitatu
839 986 877 1041 ib.
893 995 919 1042 3.
933 993 963 1053 43
982 1004 1027 1042 ca·

63 1057 96 1112 G.
117 1057 192 1125 VIII,
216 1063 263 1126 60,
287 1005 523 1125 4.,,686166-
568 1056 632 1110 stris
654 1059 731 1111 trans
754 1057 861 1112 Baetim
884 1057 1027 1112 translatis

62 1128 132 1182 lius
147 1129 203 1198 (3.),
222 1129 308 1197 negat
321 1143 351 1181 se
366 1142 522 1196 passurum,
567 1144 622 1181 non
632 1127 758 1196 confligit
767 1145 830 1181 cnm
839 1127 942 1196 Gaseic,
951 1129 1026 1193 1653

62 1198 161 1251 Iubam
192 1213 287 1267 regem
325 1197 431 1250 socium
462 1213 523 1252 esse
568 1198 657 1252 multo
671 1198 776 1252 firmior
793 1198 967 1267 pedestribus
981 1215 1026 1252 co·

62 1268 159 1338 populi
186 1267 318 1335 Romani,
341 1266 370 1323 C.
394 1268 419 1336 I,
444 1274 473 1335 6,
497 1273 522 1336 4,
567 1267 621 1336 piis
638 1267 774 1337 Cassium,
794 1268 842 1336 qui
861 1268 953 1323 Uliam
971 1268 1026 1322 slis-

62 1355 126 1392 cunr
145 1338 255 1408 collega
274 1339 310 1405 (v.
329 1337 379 1406 ib.)
398 1354 432 1392 ex
453 1338 522 1392 urbe
568 1341 696 1406 cesserat,
710 1338 851 1392 insecutus
861 1340 953 1394 castra
964 1356 1027 1393 cum

62 1408 188 1477 Capuam
202 1407 337 1478 profugit,
348 1413 429 1476 14,2;
449 1424 522 1464 anno
567 1424 599 1463 eo
625 1408 746 1477 confert,
773 1415 815 1477 61,
836 1414 858 1464 1.
878 1415 903 1464 2.
923 1415 953 1481 4,
980 1409 1026 1464 hic

64 1481 130 1548 post
142 1478 259 1533 Rhodiis
273 1478 392 1533 navibus
406 1479 522 1548 Pompei
566 1478 777 1546 (munitionibus
802 1496 821 1534 a
842 1478 881 1536 Μ.
904 1480 1025 1550 6166666)

62 1551 182 1619 praeest,
200 1549 248 1616 III,
269 1555 294 1614 5,
313 1555 342 1615 33
369 1549 396 1602 ei
414 1565 443 1602 se
462 1566 521 1603 suc·
566 1565 629 1603 cum
648 1549 803 1617 equitatum
825 1549 969 1619 emisisset,
994 1554 1027 1604 ut

62 1619 178 1673 cessisse
188 1617 440 1673 consulemCaesar
449 1635 522 1673 com·
567 1618 705 1674 frumento
731 1636 795 1673 enm
817 1619 1025 1689 intercluderet,

61 1691 200 1742 memorat
221 1690 296 1758 apud
323 1688 522 1759 1636111616-
566 1688 603 1744 ib.
628 1690 675 1760 (6.)
699 1696 729 1757 6,
760 1690 810 1757 M,
835 1690 912 1744 cuius
942 1691 1025 1745 rebus

62 1762 169 1826 tarum,
197 1759 241 1814 Al.
265 1765 312 1828 68,
337 1766 360 1813 1.
389 1788 422 1799 -
455 1758 522 1814 Eius
566 1758 660 1828 plures
702 1759 855 1828 Hispaniae
898 1758 1025 1815 civitates

61 1829 197 1898 patruelis
567 1845 651 1896 quam
661 1827 756 1884 066616
766 1829 1023 1901 studebant,arege

41 1900 93 1969 (b)
113 1903 149 1972 β.)
168 1929 202 1941 -
222 1901 266 1969 (-
287 1899 315 1954 O.
335 1901 354 1954 f.
372 1900 410 1954 M.
430 1904 468 1970 n.)
488 1931 519 1942 -
567 1899 680 1970 Bogude
694 1898 895 1955 munitionibus
908 1917 964 1955 non
978 1902 1025 1956 de·

62 1940 158 2024 consul
177 1987 202 2024 a.
216 1970 249 2026 U.
264 1987 287 2024 c.
305 1970 446 2040 Dccssn,
465 1987 521 2040 qno
565 1970 687 2039 pellitur,
702 1976 745 2040 62,
760 1976 786 2024 2.
798 1977 829 2038 33
846 1970 962 2040 Lepido,
976 1971 1025 2040 qui

62 2057 136 2095 anno
158 2041 230 2095 nihil
257 2057 427 2111 magnopere
450 2041 521 2164 {eri
566 2040 625 2094 eins
643 2057 707 2095 cum
724 2040 818 2096 Cassio
832 2041 1024 2098 contentiones

59 2113 108 2165 tu'r
129 2111 159 2164 in
178 2110 283 2179 Gallia,
309 2130 335 2166 v.
354 2112 448 2165 Aemi
468 2111 521 2166 ius
566 2127 732 2180 componere
762 2111 836 2181 vult,
873 2128 903 2167 se
935 2112 1025 2168 credit

61 2181 120 2250 (d),
141 2179 173 2234 G.
188 2182 261 2250 VIII,
274 2187 371 2250 48,10,
389 2183 416 2236 II
433 2181 521 2251 legio·
565 2183 711 2251 cashaque
743 2197 806 2237 cum
838 2198 871 2237 eo
908 2183 1024 2253 confert,

60 2268 111 2306 nes
125 2249 249 2306 Caesaris
262 2251 366 2307 retinet
374 2251 521 2322 Pompeio·
565 2253 766 2322 (calamitatem
784 2269 802 2308 a
819 2253 934 2322 Bogude
953 2253 1025 2309 acci-

61 2338 116 2390 que
126 2322 222 2391 tradit,
232 2327 275 2391 66,
286 2329 354 2377 1.-
367 2321 521 2378 Huiusira·
564 2322 631 2392 pit,)
655 2329 702 2390 63,
723 2329 799 2379 1-3.
823 2326 867 2387 (-·
886 2326 936 2393 6.),
960 2340 1024 2379 con·

59 2394 104 2446 ter
122 2392 211 2447 maior
565 2392 667 2447 iunctis
680 2393 778 2447 castris
791 2409 855 2447 curn
874 2410 906 2448 ec
921 2394 1024 2449 Cordu-

42 2463 88 2530 (c.)
107 2465 143 2532 γ.)
160 2463 198 2516 M.
213 2463 258 2530 (-
272 2465 318 2531 -)
336 2493 370 2504 -
384 2462 481 2518 consul
494 2479 519 2518 a.
564 2464 630 2517 barn
646 2463 838 2532 proficiscitur,
855 2469 940 2531 64,1;
959 2463 1025 2519 Gas-

61 2533 94 2586 U.
120 2549 144 2586 6.
171 2531 298 2601 DOCIII,
325 2532 519 2601 Pompeianus,
565 2531 635 2602 sius,
660 2549 695 2587 ne
718 2532 758 2588 eis
782 2535 812 2587 et
834 2533 971 2589 Trebonio
994 2550 1024 2590 se

60 2604 126 2656 ante
148 2603 259 2670 tempus
283 2602 318 2656 ad
340 2605 467 2657 senatum
485 2603 520 2656 de
565 2601 761 2671 committeret,
779 2605 813 2657 nt
827 2604 947 2672 dicebat,
964 2604 1024 2659 Ma·

59 2670 185 2724 Caesaris
233 2671 384 2745 provinciis
426 2672 519 2741 refert,
564 2673 643 2728 lacae
660 2690 745 2728 naves
766 2675 935 2744 conscendit,
949 2675 1023 2729 1112.

61 2740 260 2795 discessionem
283 2742 363 2810 facit,
395 2744 520 2811 (senatus
547 2744 593 2811 (e.)
607 2743 765 2799 Tiberius
779 2774 812 2785 -
827 2744 916 2799 Nero
943 2744 1024 2799 farni-

59 2811 90 2864 in
100 2810 157 2864 alia
166 2812 259 2865 omnia
272 2813 392 2883 transit)
406 2812 438 2866 G.
446 2813 520 2880 VIII,
565 2812 643 2866 liaris
653 2813 800 2881 Ciceronis,
812 2813 909 2869 Liviae
951 2815 1023 2868 usil-

62 2886 148 2947 53,1;
167 2881 281 2936 biennio
298 2886 364 2950 post
381 2900 398 2936 6
415 2882 520 2937 leniore
564 2883 609 2937 lae
623 2885 689 2938 ante
699 2883 884 2939 Octavianum
897 2884 1024 2950 maritus,

59 2968 112 3005 666
134 2951 272 3006 sententia
289 2952 401 3006 Lentuli
424 2969 520 3007 consu·
565 2955 645 3022 pater
693 2953 870 3022 Imperatoris
916 2953 1022 3024 Tiberi]

60 3021 96 3075 lis
115 3021 248 3076 conviciis
266 3022 423 3091 deducitur,
451 3021 520 3091 61,
565 3024 646 3077 classi
679 3024 802 3079 Caesaris
833 3024 863 3078 in
893 3025 1024 3094 Aegypto

62 3100 86 3159 2,
106 3098 131 3147 2.
150 3098 174 3146 5.
565 3093 733 3163 praeficitur,
750 3095 795 3148 Al.
813 3100 857 3165 26,
869 3101 893 3150 6.

42 3163 147 3232 ((116.)
166 3193 200 3204 -
219 3165 264 3232 (-
283 3163 319 3220 Μ.
339 3163 358 3218 1.
371 3165 409 3218 M.
428 3167 466 3232 n.)
484 3195 518 3205 -
546 3164 587 3233 (s.)
605 3165 662 3234 Ap.
683 3163 844 3220 Claudius
867 3165 935 3235 (Ap.
954 3165 973 3220 f.
993 3166 1023 3222 O.

60 3234 289 3303 (Aeserninus)
301 3233 518 3290 aenbccvr.
563 3237 601 3303 n.)
620 3235 767 3290 Pulcher
789 3236 885 3290 consul
902 3253 928 3290 a.
947 3236 979 3291 U.
999 3255 1022 3291 c.

61 3302 91 3366 Q.
106 3302 182 3357 Cassi
195 3304 316 3375 Longini
332 3305 519 3375 propraetoris
562 3303 649 3374 DCC,
676 3323 703 3360 v.
721 3305 890 3361 Domitius
908 3309 918 3376 (
937 3309 963 3376 .),
989 3306 1021 3364 G.

58 3373 90 3427 in
107 3373 243 3442 Hispania
267 3377 397 3443 quaestor
416 3373 518 3431 (lordu-
562 3375 596 3444 V,
613 3383 637 3442 1,
654 3383 676 3432 1.

58 3445 124 3497 bam
148 3445 183 3498 ab
202 3461 235 3500 eo
253 3447 352 3501 missus
371 3463 436 3500 cum
454 3445 518 3502 001·-
545 3447 594 3517 (gl
618 3446 793 3516 Claudius,
822 3448 858 3503 al.
882 3447 1023 3504 Clodius

58 3513 228 3570 dubensibns
239 3516 371 3572 adversus
381 3533 444 3573 eum
453 3533 517 3574 con·
563 3517 714 3590 1166666
727 3517 1042 3591 grammaticumgr-
