2356 3870
468 215 676 272 EPISTULAE.
802 253 804 256 >
827 266 830 271 ,
994 212 1054 277 143

91 399 133 410 -
150 370 248 429 eaden
271 371 346 428 enirn
368 373 429 428 tarn
451 370 522 443 init,
544 386 610 429 enm
631 371 668 430 alr
691 387 790 430 earnm
810 373 937 431 consiliis
959 373 1055 432 abesse

91 459 227 517 indicasti
250 488 318 525 -μ
334 459 384 516 sed
413 475 508 516 menon
535 459 652 530 aliquod
677 461 789 532 tantam
815 461 1054 527 condemnavisse,

91 563 146 619 qno
173 545 245 604 nini
268 548 391 618 praoias
419 547 471 605 abs
497 550 523 604 te
544 547 588 604 nil
615 549 743 607 armare
763 551 864 621 potest.
911 547 993 621 Quod
1018 563 1055 607 ne

91 637 199 707 facias,
221 651 279 706 pro
306 635 370 692 inre
391 638 506 693 nostrae
528 635 672 694 amicitiae
694 654 714 694 a
740 640 766 694 te
786 640 862 709 peto.
906 636 1054 695 Postremo

92 723 161 795 qnid
174 724 236 781 oiro
259 723 330 780 tono
353 726 379 779 et
401 723 492 795 qaieto
506 726 533 780 ei
554 723 695 782 barnoini
716 724 810 797 rnapis
823 726 952 783 annenit
967 741 1055 797 qaam

92 812 189 869 abesse
211 827 231 868 a
253 810 384 869 eiuiiibns
398 810 617 870 controversiis?
653 809 735 884 Quod
756 812 889 870 nannalli
903 829 968 871 anm
984 829 1055 885 pro-

92 900 205 965 barent,
230 899 357 970 parienti
388 914 479 957 caasa
505 901 585 971 soant
615 915 674 959 non
699 903 871 972 potaaane:
902 903 934 958 ta
961 901 1055 974 eapte·

91 990 155 1046 rato
183 989 209 1044 et
234 987 310 1044 vitae
331 1002 410 1044 eneae
436 988 594 1045 testimonio
617 991 643 1045 et
669 989 812 1047 arnieitiae
838 988 944 1046 indicio
966 1003 1055 1060 nepae

92 1076 182 1132 tatins
203 1090 293 1145 nepae
313 1073 457 1134 honestius
478 1077 604 1147 reperies
625 1076 777 1148 animaene
804 1093 892 1147 anam
914 1077 950 1135 ab
978 1077 1055 1135 orani

92 1163 266 1222 sententiose
288 1162 392 1221 abesse.
436 1178 486 1220 xv.
508 1163 578 1221 Kal.
601 1163 705 1223 Maias
732 1179 766 1222 ea
787 1165 896 1222 itinere.

419 1257 462 1325 [A.
482 1256 516 1310 n
535 1256 564 1312 o,
582 1255 724 1326 naevii]

159 1331 218 1393 Oia.
232 1333 327 1407 Epist.
343 1333 466 1400 XIIII,
491 1335 541 1393 23.
586 1333 729 1392 Redditae
752 1334 825 1392 mihi
847 1334 968 1392 tandem
986 1337 1057 1392 sunt

92 1439 111 1479 a
145 1419 270 1480 Caesare
297 1422 415 1480 litterae
444 1421 517 1479 satis
554 1421 692 1481 liberales
716 1452 767 1482 -.
795 1414 853 1501 (Of.
876 1424 914 1482 ib.
939 1424 989 1482 24.
1016 1424 1056 1481 ad

92 1507 152 1567 Aa.
178 1508 242 1577 XI,
267 1511 317 1576 23,
342 1512 370 1567 2.
396 1511 447 1576 24,
471 1500 514 1588 4.)
538 1540 580 1551 —-
611 1509 659 1568 Or.
681 1527 740 1584 pro
766 1511 833 1583 Lip.
858 1511 887 1584 3,
902 1512 930 1569 7.
966 1510 1055 1586 Apud

93 1615 181 1672 quem
204 1597 297 1672 igitur
324 1598 378 1655 hoe
407 1595 492 1655 dieo?
537 1597 651 1672 Nempe
678 1598 757 1672 apud
785 1616 864 1670 eum,
897 1599 961 1672 qui,
989 1616 1054 1656 eum

94 1686 149 1743 hoe
172 1687 272 1757 sciret,
295 1687 396 1744 tamen
414 1704 474 1758 me,
501 1688 662 1760 antequam
679 1685 767 1757 vidit,
789 1686 969 1760 reipublicae
991 1685 1053 1744 red·

94 1773 181 1848 didit3
213 1773 264 1848 qui
291 1773 330 1830 ad
351 1791 399 1831 me
427 1791 461 1832 ex
483 1773 621 1848 Aegypto
644 1773 760 1832 litteras
786 1773 881 1844 misit,
903 1775 939 1831 ut
961 1790 1054 1831 essem

93 1861 184 1934 idem,
218 1861 269 1936 qui
301 1860 437 1934 fuissem3
471 1861 522 1935 qui
551 1879 618 1919 enm
649 1861 713 1936 ipse
739 1861 900 1935 imperator
929 1861 962 1918 in
992 1863 1055 1919 toto

94 1949 216 2024 imperio
243 1949 345 2024 populi
372 1949 496 2006 Romani
528 1967 604 2007 unus
633 1951 724 2021 esset,
756 1965 821 2006 esse
852 1967 900 2006 me
929 1949 1057 2012 alterum

94 2055 199 2112 passus
227 2039 285 2111 est}
317 2055 335 2094 a
363 2054 420 2112 quo
452 2037 508 2095 hoo
538 2037 602 2111 ipso
630 2034 662 2095 C.
689 2036 787 2096 Pansa
813 2036 887 2094 mihi
918 2036 1055 2094 nuntium

94 2125 259 2200 perferente
300 2142 452 2184 concessos
497 2125 647 2183 laureatos
687 2125 781 2184 fasces
817 2122 913 2198 tenui,
959 2125 1055 2199 quoad

94 2214 237 2272 tenendos
258 2213 375 2288 putavi3
398 2213 449 2288 qui
471 2213 544 2271 mihi
566 2215 632 2271 tum
654 2213 780 2288 denique
804 2230 835 2271 se
856 2212 983 2271 salutem
1004 2231 1056 2286 pu-

95 2303 171 2361 tavit
192 2301 328 2373 reddere,
356 2301 382 2360 si
410 2319 475 2360 eam
501 2301 591 2359 nullis
619 2301 775 2376 spoliatam
802 2300 983 2359 ornamentis
1008 2300 1056 2357 de-

79 2391 195 2461 disset.
224 2421 265 2430 -
288 2406 345 2462 pro
372 2389 465 2450 Deiot.
492 2392 545 2462 14,
576 2391 627 2448 38.
650 2394 719 2448 extr.
768 2388 856 2447 Iubes
884 2389 963 2446 enim
989 2406 1056 2445 eum

94 2479 169 2538 bene
197 2496 315 2552 sperare
345 2481 376 2536 et
406 2480 483 2538 bono
511 2494 577 2535 esse
603 2477 715 2544 animo,
744 2476 823 2550 quod
850 2475 911 2534 seio
939 2478 970 2533 ta
997 2492 1057 2538 non

94 2567 206 2625 frustra
222 2567 350 2624 seribere
373 2566 475 2625 solere.
520 2564 644 2624 Memini
672 2564 763 2636 enim,
790 2562 885 2621 isdem
907 2561 970 2621 fere
992 2581 1057 2621 ver·

95 2655 140 2713 bis
163 2654 201 2710 ad
223 2672 271 2712 me
294 2657 323 2712 te
345 2654 485 2726 seribere,
507 2673 613 2729 meque
636 2653 696 2712 tuis
719 2651 828 2711 litteris
850 2651 925 2710 bene
939 2668 1058 2725 sperare

95 2759 154 2800 non
179 2741 290 2800 frustra
313 2759 376 2800 esse
398 2743 521 2800 iussum.

410 2837 451 2905 [A.
470 2835 502 2890 U.
522 2836 551 2892 O.
568 2833 737 2903 Dccvlfflp

163 2911 221 2972 Ota
235 2911 293 2987 Far.
308 2914 347 2972 ad
359 2911 419 2971 Aa.
435 2913 533 2980 XIII,
549 2916 577 2987 7,
594 2915 621 2971 1.
658 2911 772 2971 Sestius
786 2910 864 2985 apud
877 2928 925 2968 me
947 2908 1005 2967 fuit
1027 2911 1059 2968 at

96 3001 302 3076 Theopompus
324 3000 432 3076 pridie:
455 3001 571 3059 venisse
593 2998 751 3059 aCaesare
764 2999 907 3056 narrabat
928 2997 1057 3071 litteras,

94 3091 149 3149 hoe
171 3091 313 3162 seribere,
337 3089 394 3148 sibi
416 3090 530 3146 eertum
552 3106 616 3147 esse
638 3087 749 3146 Romae
771 3105 903 3158 manere,
927 3102 1056 3143 eausam·

95 3198 152 3253 que
176 3196 242 3237 eam
264 3178 425 3248 ascribere,
448 3193 524 3251 quae
547 3176 665 3235 eratin
687 3174 814 3250 epiStula
836 3175 951 3246 nostra,
973 3191 1011 3230 ne
1025 3190 1057 3232 se

94 3269 217 3327 absente
244 3268 326 3341 leges
354 3283 425 3325 suae
446 3264 688 3340 neglegerentur,
716 3263 792 3322 sieut
819 3264 897 3320 esset
922 3261 1059 3336 neglecta

95 3355 286 3430 sumptuaria.
310 3385 352 3395 —
378 3355 429 3427 20,
454 3357 482 3412 1.
527 3352 556 3410 A
579 3349 704 3410 Caesare
730 3350 847 3409 litteras
870 3350 969 3425 aeoepi
992 3367 1058 3407 eon-

95 3445 249 3503 solatorias
273 3445 358 3503 datas
380 3442 476 3518 pridie
498 3439 564 3499 Kal
578 3439 647 3505 Mai.
662 3437 787 3513 Hispali.
811 3468 853 3480 —-
879 3438 976 3513 22&¹
989 3441 1065 3495 ente,

94 3533 262 3607 Epistulam
286 3531 420 3601 Caesaris
442 3530 525 3606 misi,
549 3529 576 3591 si
597 3527 700 3589 minus
719 3527 867 3605 legisses.
