2356 3870
288 226 389 284 ceint.
402 227 421 284 l.
437 227 508 284 GAP.
524 224 862 284 xxxxttn—xxxxvnn.
1016 229 1057 291 2⁷

95 399 172 453 rant
211 389 357 469 Legatum
377 406 394 449 e
414 391 477 450 suis
491 406 558 450 sese
577 407 685 468 magno
700 407 770 450 cum
782 389 916 469 periculo
932 389 969 450 ad
991 397 1091 452 eumt

94 476 260 536 missurum
289 481 320 532 et
347 471 516 535 hominibus
543 474 616 535 ieris
646 473 831 535 obiecturum
861 473 1057 535 existimabat.

94 557 376 619 Commodissimum
390 559 486 618 visum
501 564 547 617 est
561 556 667 618 Gaium
681 556 830 618 Valerium
841 556 1010 626 Procillum,
1027 557 1059 620 C.
1075 567 1092 615 4

94 640 194 702 Valeri
209 640 320 702 Caburi
338 639 441 710 lilium,
458 658 573 701 summa
586 643 696 701 virtute
717 647 747 700 et
761 639 942 702 humanitate
957 640 1057 702 adule-

95 732 247 794 scentem,
264 725 349 785 cuius
362 733 449 804 pater
464 742 481 785 a
496 724 568 785 Gaio
584 724 700 785 Valerio
715 723 820 785 Flacco
836 726 952 784 civitate
966 723 1057 784 dona·

94 817 142 869 tus
154 815 230 877 erat,
244 817 275 868 et
284 817 408 888 propter
419 806 508 868 iidem
519 815 548 867 et
558 816 681 887 propter
692 806 810 884 liuguae
825 806 952 868 Gallicae
963 810 1058 868 scien·

94 894 183 961 tiam,
207 907 267 968 qua
286 891 379 952 multa
399 893 460 952 iam
478 893 643 952 Ariovistus
662 891 824 969 longinqua
844 891 1060 951 consuetudine

93 975 253 1043 utebatur,
275 983 305 1035 et
319 973 398 1051 quod
412 976 444 1034 in
459 992 494 1034 eo
508 973 650 1054 peccandi
665 973 820 1036 Germanis
835 992 922 1035 causa
936 992 998 1035 non
1013 992 1059 1034 es·

94 1068 148 1128 set,
165 1056 285 1118 adeum
299 1060 427 1127 mittere,
442 1064 472 1118 et
481 1059 613 1119 Marcum
621 1058 753 1126 Metium,
770 1060 821 1134 qui
835 1056 964 1138 hospitio
975 1059 1059 1120 drio-

92 1143 162 1202 visti
177 1140 328 1202 utebatur.
365 1141 417 1202 His
432 1141 588 1211 mandavit,
604 1150 652 1211 ut,
670 1157 746 1218 quae
760 1141 874 1202 diceret
887 1143 1060 1211 Ariovistus,
1074 1149 1090 1200 t

94 1231 315 1304 cognoscerent
336 1224 422 1285 etad
442 1241 476 1285 se
497 1226 655 1285 referrent.
693 1224 775 1295 Quos
796 1243 864 1286 cum
884 1225 963 1304 apud
983 1243 1016 1286 se
1030 1227 1093 1284 int

94 1309 202 1370 castris
211 1309 375 1369 Ariovistus
386 1309 597 1387 conspexisset,
610 1309 744 1369 exercitu
756 1325 810 1369 suo
821 1315 979 1387 praesente
990 1325 1060 1368 con·

94 1391 248 1457 clamarit:
265 1389 343 1462 Quid
357 1390 393 1451 ad
409 1408 442 1451 se
455 1392 610 1452 verirent?
632 1408 670 1451 an
685 1389 860 1470 speculandi
874 1391 981 1453 causat
1003 1391 1059 1451 Co·

94 1477 195 1537 nantis
209 1474 312 1536 dicere
326 1473 480 1553 prohibuit
495 1477 570 1534 etin
585 1482 703 1535 catenas
719 1476 853 1535 coniecit.

156 1557 343 1619 xxxxviii.
360 1557 472 1618 Eodem
487 1557 536 1618 die
550 1564 647 1619 castra
658 1559 806 1636 promovit
821 1566 851 1618 et
860 1557 980 1619 milibus
991 1575 1059 1636 pas·
1076 1570 1090 1620 1

95 1660 183 1704 suum
198 1659 253 1702 sex
269 1659 285 1701 a
300 1642 434 1702 Caesaris
449 1641 554 1702 castris
574 1639 631 1701 sub
651 1648 751 1701 monte
767 1640 910 1701 consedit.
948 1640 1059 1700 Postri-
1075 1649 1091 1696 t

95 1725 143 1786 die
164 1727 232 1786 eius
248 1723 306 1784 diei
320 1731 442 1802 praeter
456 1732 552 1785 castra
568 1723 702 1786 Caesaris
720 1741 789 1784 suas
810 1725 910 1802 copias
929 1723 1062 1784 traduxit

96 1818 126 1869 et
139 1807 262 1868 milibus
275 1824 417 1887 passuum
433 1805 550 1868 duobus
564 1804 643 1867 ultra
660 1823 728 1866 eum
742 1814 840 1867 castra
854 1807 924 1866 iecit
939 1825 974 1867 eo
990 1824 1059 1866 con·

95 1891 179 1962 silio,
196 1893 242 1952 uti
254 1891 404 1951 frumento
420 1897 660 1969 commeatuque,
682 1890 785 1966 quiex
801 1889 945 1966 Sequanis
960 1898 990 1949 et
1003 1890 1059 1951 de·

95 1975 162 2036 duis
182 1973 427 2053 subportaretur,
449 1974 605 2034 Caesarem
624 1972 847 2034 intercluderet.
884 1973 929 2033 Ex
949 1990 984 2032 eo
1012 1971 1091 2032 diet

95 2059 160 2120 dies
175 2059 334 2118 oontlnuos
344 2058 476 2133 quinque
487 2056 594 2118 Caesar
605 2073 661 2135 pro
676 2057 780 2117 castris
795 2074 864 2117 suas
876 2057 974 2134 coplas
988 2073 1059 2134 pro·

96 2142 182 2203 duxit
198 2150 228 2201 et
242 2142 335 2201 aciem
347 2142 524 2201 instructam
540 2138 658 2209 habuit,
679 2148 727 2209 ut,
749 2141 774 2201 si
794 2138 883 2200 vellet
896 2141 1060 2201 Ariovistus

95 2223 215 2305 proelio
235 2221 429 2292 contendere,
453 2225 480 2283 ei
498 2229 630 2302 potestas
650 2241 711 2284 non
731 2221 857 2285 deesset.
897 2225 1092 2284 Ariovistusa

95 2308 142 2369 his
158 2305 299 2369 omnibus
313 2305 419 2368 diebus
435 2307 600 2367 exercitum
621 2308 725 2367 castris
747 2307 906 2375 continuit,
929 2308 1061 2383 equestri

95 2390 215 2471 proelio
231 2389 339 2450 cotidie
354 2390 514 2451 contendit.
544 2389 645 2450 Genus
659 2388 717 2450 hoc
732 2398 797 2451 erat
809 2406 936 2469 pugnae,
952 2406 1012 2466 quo
1027 2406 1060 2449 se

96 2475 240 2537 Germani
255 2482 459 2534 exercuerant.
496 2474 636 2550 Equitum
657 2472 738 2533 milia
753 2483 838 2534 erant
851 2491 918 2541 sex,
939 2471 1061 2532 totidem
1076 2480 1092 2528 t

94 2574 224 2620 numero
239 2555 355 2635 pedites
364 2556 542 2618 velocissimi
553 2574 588 2618 ac
601 2558 763 2626 tortissimi,
776 2572 851 2634 quos
867 2557 995 2617 exomni
1010 2573 1059 2616 co·

93 2645 143 2722 pla
158 2639 272 2718 singuli
285 2639 418 2718 singulos
428 2658 500 2701 suae
515 2640 617 2702 salutis
632 2657 720 2701 eausa
731 2638 917 2719 delegerant:
934 2657 1003 2700 eum
1014 2637 1061 2700 his

93 2728 125 2786 in
143 2722 271 2804 proeliis
289 2723 493 2785 versabantur.
531 2723 575 2786 dd
596 2741 648 2785 eos
669 2741 702 2784 se
722 2725 837 2801 equites
861 2722 1094 2802 recipiebantzd

95 2808 134 2878 hi,
151 2810 179 2869 si
195 2807 267 2884 quid
282 2815 347 2869 erat
361 2806 474 2878 durius,
490 2806 722 2877 concurrebant,
741 2809 833 2883 siqui
847 2808 982 2884 graviore
998 2804 1060 2864 vul·

95 2910 170 2954 nere
186 2899 310 2971 accepto
326 2907 403 2967 equo
419 2890 579 2960 deciderat,
596 2889 869 2957 circumsistebaut3
887 2890 912 2949 si
927 2904 987 2966 quo
999 2895 1063 2949 erat
1076 2895 1093 2942 ⁷

94 2975 215 3054 longius
230 2972 438 3054 prodeundum
453 2981 505 3035 aut
519 2973 646 3036 celerius
660 2972 880 3051 recipiendum,
902 2979 983 3033 tanta
998 2979 1063 3033 erat

93 3057 206 3120 borum
222 3061 433 3119 exercitatione
448 3058 600 3126 celeritas,
615 3066 650 3118 ut
663 3055 740 3117 iubis
756 3073 902 3135 equorum
916 3055 1062 3117 sublevati

93 3159 220 3205 cursum
235 3141 443 3218 adaequarent.

157 3224 357 3287 xxxxvnn.
370 3224 427 3297 Ubi
438 3243 508 3286 eum
519 3225 623 3285 castris
635 3241 667 3284 se
679 3231 782 3284 tenere
788 3223 896 3284 Caesar
906 3222 1061 3290 intellexit,
1077 3227 1089 3278 1

93 3328 131 3371 ne
145 3310 264 3370 diutius
278 3318 444 3370 commeatu
458 3307 680 3388 prohiberetur,
696 3305 775 3368 ultra
790 3324 858 3368 eum
872 3305 986 3374 locum,
1002 3320 1062 3380 quo

92 3392 123 3456 lu
137 3393 209 3455 loco
221 3392 363 3453 Germani
377 3391 583 3459 consederant,
600 3391 719 3451 circiter
732 3407 839 3470 passus
853 3398 1009 3450 sexcentos
1024 3385 1061 3448 ab
1075 3416 1078 3421 ·

92 3478 146 3544 lis,
177 3477 284 3538 castus
297 3475 440 3536 idoneum
454 3474 552 3535 locum
568 3473 677 3554 delegit
690 3475 816 3556 acieque
829 3471 945 3558 triplici
953 3472 1070 3535 instru-
