2356 3870
153 185 199 255 54
440 186 588 261 aemon
601 185 829 244 tamennon.

154 350 214 403 tur.
264 340 363 419 Opera
384 339 506 400 interim
529 340 594 416 ipse
617 335 728 398 cotidie
752 338 883 398 circuire
905 343 936 397 et
957 336 994 397 ad
1016 345 1122 400 ternas

156 426 293 486 cohortis
315 426 348 485 in
370 425 498 484 statione
521 420 632 483 babere
654 427 781 500 propter
802 420 934 482 hostium
949 420 1120 484 multitudi-

119 522 232 572 2nem.
274 507 428 570 Labienus
451 509 569 569 saucios
592 523 672 575 suos,
695 523 824 584 quorum
845 507 993 567 maximus
1013 525 1120 568 nume·

155 610 208 654 rus
230 594 297 661 init,
321 591 407 652 iubet
427 593 459 652 in
481 590 605 670 plostris
627 589 773 668 deligatos
791 589 989 651 Adrumetum
1011 590 1120 670 depor-

117 689 135 738 a
155 679 224 738 tari.
263 674 357 739 Nares
372 676 496 737 interim
512 674 649 736 Caesaris
664 675 822 735 onerariae
837 671 1026 735 errabundae
1040 675 1120 736 male

155 759 339 838 vagabantur
362 763 496 821 incertae
518 758 654 820 locorum
676 764 766 837 atque
789 764 959 819 castrorum
978 777 1119 828 suorum;

154 862 230 924 quas
252 845 385 922 singulas
407 843 534 922 scaphae
557 842 796 904 adversariorum
812 841 982 922 complures
996 843 1120 904 adortae

118 927 358 992 cincendebant
378 935 466 1008 atque
490 925 709 1007 expugnabant.
752 926 816 989 Huc
838 944 871 987 re
894 928 1031 989 nuntiata
1047 926 1119 989 Cae·

154 1030 205 1074 sar
226 1011 337 1074 classes
368 1013 485 1074 circum
512 1011 627 1073 insulas
662 1019 827 1091 portusque
861 1011 1026 1090 disposuit,
1060 1029 1120 1091 quo

154 1099 250 1158 tutius
273 1103 459 1157 commeatus
480 1095 655 1174 subportari
674 1104 786 1174 posset.

120 1190 135 1241 1
218 1178 309 1241 XXII.
353 1179 391 1241 Μ.
415 1179 486 1241 (lato
508 1181 645 1249 interim„
673 1181 726 1258 qni
747 1179 851 1241 Uticae
878 1187 1033 1258 praeerat,
1064 1180 1118 1242 Cn.

155 1263 332 1342 Pompeium
360 1263 456 1324 tilium
483 1264 586 1325 multis
615 1260 715 1324 verbis
749 1263 926 1343 assidueque
955 1263 1119 1342 obiurgare

117 1358 215 1408 anon
236 1346 410 1408 desistebat.
456 1346 550 1421 Tuus,
574 1349 682 1426 inquit,
699 1357 804 1426 pater,
827 1350 905 1409 istuc
926 1351 1036 1409 aetatis
1049 1366 1118 1410 cum

152 1436 230 1491 esset
250 1438 281 1489 et
301 1431 569 1505 animadvertisset,
589 1432 808 1505 rempublicam
822 1432 860 1492 ab
870 1433 1004 1507 perditis
1025 1435 1116 1492 scele-

152 1514 287 1589 ratisque
318 1515 431 1576 ciuibus
462 1530 637 1590 oppressam
670 1515 820 1590 bonosque
852 1522 907 1575 aut
938 1515 1119 1588 interfectos

153 1604 208 1660 aut
236 1599 331 1659 exilio
357 1602 499 1659 multatos
519 1601 630 1674 patria
656 1599 835 1674 civitatique
862 1615 987 1674 carere,
1015 1602 1118 1674 aterio

153 1687 184 1741 et
205 1684 302 1743 ammi
320 1684 529 1757 maaaitudiae
549 1685 647 1743 elatus
660 1685 802 1758 priuatus
824 1689 915 1758 atque
942 1683 1117 1744 adtdescea-

152 1766 232 1826 trdus
248 1769 376 1842 paterni
394 1768 545 1828 exereitus
565 1767 701 1843 reliquiis
722 1768 855 1826 collectis
874 1782 973 1842 paene
995 1784 1117 1842 oppres-

151 1864 217 1908 sam
233 1849 449 1923 foediusque
461 1849 589 1911 deletam
610 1851 736 1923 Italiam
763 1851 926 1924 artemque
945 1851 1117 1911 Romanam

151 1935 185 1993 ia
212 1934 379 1994 libertatem
406 1936 586 2006 vindicavit,
616 1934 754 2008 idemque
780 1932 931 2011 Siciliam,
956 1933 1114 2006 Africam,

150 2016 341 2090 Numidiam,
372 2019 595 2081 Mauritaniam
623 2019 759 2078 mirabili
777 2020 932 2078 celeritate
954 2022 1049 2079 armis
1070 2035 1117 2078 re·

117 2102 239 2174 acepit.
280 2100 396 2171 ¹Quibus
416 2117 457 2161 eu
478 2103 566 2161 rebus
585 2103 645 2162 sibi
663 2118 731 2161 eam
752 2103 944 2177 diaaitatem,
975 2119 1055 2176 quae
1075 2108 1117 2162 est

149 2199 208 2258 per
227 2192 333 2258 aemes
353 2186 524 2245 clarissima
545 2188 772 2262 notariumque,
799 2187 973 2247 caeciiani
1011 2186 1115 2246 adule-

116 2283 134 2330 4
151 2269 361 2342 secutuluspue
381 2276 470 2344 atque
491 2286 579 2344 eques
594 2270 749 2331 Romamn
769 2271 975 2347 triumphauit
1017 2272 1116 2345 Atque

151 2351 203 2411 iiie
223 2365 283 2411 nom
304 2354 348 2411 ita
371 2355 479 2428 ammai
500 2355 590 2415 rebus
605 2356 708 2429 patris
728 2357 820 2430 acatis
845 2370 941 2429 neque
967 2359 1028 2414 tam
1057 2371 1116 2415 ex-

151 2436 272 2496 cellenti
291 2438 439 2498 maiorum
460 2438 610 2512 diaaitate
625 2445 722 2514 parta
743 2455 839 2514 aeque
860 2439 949 2498 acatis
969 2440 1117 2500 clientelis

151 2522 337 2595 nominisque
363 2522 504 2582 claritate
526 2523 692 2596 praeditas
712 2528 746 2585 im
767 2523 984 2598 rempublicam
1004 2528 1049 2582 est
1070 2525 1115 2584 ia·

115 2613 280 2677 opressus.
326 2603 373 2665 Tu
394 2611 503 2665 eontra
523 2612 553 2663 et
567 2609 671 2680 patris
692 2608 845 2667 mobilitate
865 2612 895 2666 et
916 2607 1065 2680 dicacitate
1086 2612 1116 2668 et

145 2701 208 2762 per
228 2692 256 2746 te
275 2687 340 2761 ipse
360 2691 436 2748 satri
457 2689 553 2747 enini
572 2692 780 2763 moestitudine
794 2690 1011 2765 dtiiaeatiaque
1021 2706 1115 2764 prae·

151 2770 232 2831 ditus
247 2785 351 2832 <aenne
371 2773 493 2832 σαίνοντα
514 2778 543 2831 et
558 2774 766 2847 proficisceris
787 2773 830 2832 ad
844 2780 996 2848 paternas
1017 2776 1115 2835 elien·

151 2856 229 2915 telas
249 2857 399 2916 auxilium
420 2857 476 2917 tibi
495 2857 600 2932 reique
617 2858 759 2934 publicae
780 2863 870 2932 atque
883 2858 992 2934 optimo
1006 2860 1116 2935 cuique

150 2938 378 3012 efflauitatum?

112 3031 131 3080 t
215 3021 319 3082 XXlll.
363 3023 418 3084 llis
432 3023 535 3085 verbis
549 3024 680 3086 bominis
695 3028 863 3102 gravissimi
878 3028 1022 3088 incitatus
1043 3026 1114 3088 adu·

151 3104 335 3167 lescentulus
361 3123 430 3168 cum
457 3110 602 3171 naviculis
631 3110 860 3187 cuiusquemodi
888 3112 1009 3188 generis
1030 3124 1115 3180 xxx,

152 3188 230 3250 inibi
251 3192 356 3268 paucis
376 3195 531 3262 rostratis,
559 3194 715 3272 proiectus
741 3193 778 3255 ab
806 3194 891 3256 Utica
918 3197 950 3255 in
971 3195 1115 3256 Maurita-

152 3275 234 3334 niam
266 3291 455 3355 regnumque
482 3276 613 3355 Bogudis
647 3284 692 3339 est
726 3279 882 3355 ingressus
914 3278 1115 3359 expediteque

152 3359 288 3419 exercitu
309 3377 435 3423 numero
458 3379 624 3432 servorum,
647 3361 815 3424 liberorum
833 3375 860 3423 11
876 3363 1004 3432 milium,
1028 3366 1116 3427 cuius

81 3515 86 3524 Ι
144 3447 266 3518 partem
289 3445 446 3519 inermem,
469 3453 587 3527 partem
610 3454 754 3508 armatam
777 3445 939 3518 habuerat,
968 3446 1006 3509 ad
1029 3450 1115 3530 oppi-
