2356 3870
324 230 438 288 COMM.
453 232 501 288 III.
523 230 599 288 CAP.
610 229 770 288 011-ch
969 227 1030 292 119

66 401 126 478 ipsi
143 398 217 459 clam
235 397 358 459 consilio
373 400 448 459 inito
463 398 607 459 Achillam
622 398 804 476 praelectum
818 400 944 476 regium,
965 401 1054 459 sin-2

66 484 165 561 gulari
182 483 333 543 hominem
348 482 480 551 audacia,
497 482 574 543 eth.
592 482 768 561 Septimium
783 470 938 544 tribunum
952 483 1029 544 mili·

66 576 131 627 tum
148 567 185 627 ad
201 567 441 628 interficiendum
457 566 631 645 Pompeium
647 567 800 627 miserunt.
831 567 875 628 Ah
891 567 939 627 his
952 566 1055 627 libe-a

66 651 171 712 raliter
192 653 257 730 ipse
273 651 438 729 appellatus
453 657 484 710 et
506 651 632 730 quedam
647 651 752 711 notitia
768 650 905 730 Septimii
918 653 1029 728 produ·

66 742 142 805 ctus,
165 735 243 815 quod
265 734 344 795 hello
364 734 547 815 praedonum
563 735 640 814 apud
661 752 729 794 eum
744 735 879 796 ordinem
894 735 1028 807 duxerat,
1109 765 1115 774 ·

65 820 232 880 naviculam
253 819 405 898 parvulam
421 818 594 879 conscendit
613 837 681 879 curn
701 821 805 898 paucis
826 822 904 879 suis:
928 819 970 881 ibi
991 818 1028 880 ab

66 903 182 965 Achilla
203 911 233 964 et
248 903 392 982 Septimio
413 904 602 964 interficitur.
637 902 713 963 Item
732 903 767 964 L.
782 902 928 964 Lentulus
948 922 1029 965 com·

65 987 263 1068 prehenditur
278 986 315 1048 ah
330 1004 401 1065 rege
417 996 447 1048 et
461 990 493 1048 in
509 986 642 1048 custodia
656 997 790 1048 necatur.

130 1072 188 1133 dv.
219 1071 344 1141 Caesar,
367 1090 434 1132 cum
455 1074 487 1132 in
502 1072 600 1133 Asiam
617 1073 761 1141 venisset,
782 1071 967 1152 reperiebat,
990 1071 1053 1133 'Et

65 1158 204 1235 Ampium
226 1165 364 1215 conatum
384 1173 449 1216 esse
470 1159 613 1235 pecunias
638 1156 742 1217 tollere
765 1156 882 1235 Epheso
902 1175 938 1216 ex
958 1157 1028 1217 lano

64 1240 176 1301 Dianae
198 1242 322 1319 eiusque
344 1241 388 1300 rei
415 1258 504 1302 causa
525 1249 677 1302 senatores
694 1257 797 1300 omnes
817 1259 853 1301 ex
873 1242 1028 1320 provIncia

65 1342 213 1393 evocasse,
230 1331 262 1384 ut
276 1324 324 1384 his
338 1324 467 1385 testibus
482 1327 514 1384 in
526 1343 640 1386 summa
654 1327 800 1403 pecuniae
815 1332 959 1394 uteretur,
976 1324 1028 1384 sed

65 1409 289 1489 interpellatum
296 1408 569 1470 adventuCaesaris
579 1409 758 1489 profugisse.
774 1408 940 1470 ltaduobus
951 1416 1054 1469 tem-A

65 1492 191 1572 poribus
201 1492 347 1571 Ephesiae
360 1495 505 1571 pecuniae
515 1493 622 1554 Caesar
634 1493 776 1554 auxilium
791 1494 861 1555 tulit
868 1537 1026 1554 ..........

64 1577 141 1637 ltem
155 1576 321 1645 constabat,
336 1577 421 1637 Elide
436 1579 469 1637 in
489 1576 600 1656 templo
614 1577 763 1637 Minervae
785 1580 923 1656 repetitis
938 1584 1054 1656 atquet

65 1664 249 1722 enumeratis
270 1661 391 1730 diebus,
415 1660 543 1740 quodie
568 1661 715 1739 proelium
736 1662 899 1722 secundum
920 1661 1028 1722 Caesar

64 1746 203 1814 lecisset,
226 1743 417 1806 simulacrum
432 1743 596 1815 Victoriae,
619 1745 697 1823 quod
721 1752 789 1805 ante
805 1747 901 1825 ipsam
915 1745 1027 1807 Miner·

65 1848 131 1890 ram
153 1829 337 1889 conlocatum
359 1836 439 1889 esset
459 1837 489 1890 et
515 1836 583 1890 ante
604 1828 641 1889 ad
666 1828 859 1889 simulacrum
878 1829 1027 1891 Minervae

64 1916 273 1992 spectavisset,
301 1913 337 1974 ad
359 1913 455 1974 valvas
474 1930 507 1974 se
533 1914 636 1991 templi
661 1913 812 1991 limenque
833 1915 1027 1974 convertisse.

64 1997 235 2077 Eodemque
255 1997 304 2057 die
324 1997 498 2058 Antiochiae
519 1999 551 2058 in
573 1997 658 2076 Syria
683 1996 731 2057 his
757 2005 857 2058 tantus
877 2000 1054 2058 exercitust

63 2081 176 2142 clamor
191 2090 221 2142 et
237 2084 390 2158 signorum
405 2099 496 2143 sonus
510 2081 666 2142 exauditus
681 2089 735 2152 est,
760 2091 792 2142 ut
811 2085 842 2142 in
862 2085 958 2143 muris
978 2100 1027 2142 ar·

63 2174 143 2226 mata
164 2168 268 2227 civitas
288 2167 482 2226 discurreret.
518 2165 580 2226 Hoc
600 2166 679 2226 idem
701 2166 884 2227 Ptolemaide
907 2167 1053 2226 acciditt

63 2250 202 2327 Pergami
218 2250 247 2310 in
263 2249 388 2311 occultis
403 2268 436 2311 ac
453 2250 617 2311 reconditis
633 2251 744 2328 templi,
766 2267 824 2327 quo
844 2258 965 2327 praeter
980 2269 1026 2311 sa·

63 2335 201 2395 cerdotes
217 2335 299 2395 adire
316 2336 360 2395 las
374 2352 435 2394 non
450 2343 504 2403 est,
521 2353 595 2413 quae
612 2334 717 2394 Graeci
738 2327 845 2394 ἄδυτα
866 2334 1025 2414 appellant,

62 2428 202 2498 tympana
218 2429 389 2479 sonuerunt.
426 2418 501 2479 ltem
515 2417 665 2479 Trallibus
686 2421 718 2479 in
737 2419 849 2497 templo
864 2419 1054 2489 victoriano

61 2503 118 2563 uhi
134 2502 270 2564 Caesaris
290 2511 417 2563 statuam
432 2509 693 2571 consecraverant,
713 2502 812 2581 palma
826 2520 881 2581 per
896 2521 947 2563 eos
962 2503 1026 2563 dies

65 2582 115 2667 [ln
128 2584 222 2667 tecto]
239 2589 318 2647 inter
331 2596 503 2664 coagmenta
515 2587 648 2665 lapidum
660 2604 696 2646 ex
711 2589 879 2666 pavimento
890 2586 1026 2647 extitisse

63 2670 287 2732 ostendebatur.

127 2756 196 2817 cvl.
228 2756 335 2817 Caesar
355 2774 466 2835 paucos
481 2756 545 2816 dies
565 2758 597 2816 in
613 2757 682 2816 Asia
696 2762 829 2816 moratus
843 2773 911 2816 cum
927 2755 1052 2816 audis-1

63 2848 109 2899 set
128 2839 303 2918 Pompeium
318 2839 408 2919 Cypri
429 2842 540 2908 visum,
562 2842 747 2908 coniectans,
772 2857 839 2899 eum
860 2842 1026 2918 Aegyptum

63 2925 122 2984 iter
152 2923 279 2994 habere,
310 2932 433 3003 propter
458 2923 694 2984 necessitudines
721 2925 808 3000 regni
836 2922 1026 3002 reliquasque

63 3010 129 3069 eius
148 3007 206 3069 loci
228 3010 478 3088 opportunitates,
506 3025 574 3068 cum
593 3008 710 3085 legione
733 3025 804 3077 una,
826 3024 915 3086 quam
936 3024 967 3068 se
988 3025 1027 3068 ex

62 3090 215 3153 Thessalia
230 3095 315 3172 sequi
331 3095 474 3161 iusserat,
496 3098 527 3152 et
547 3091 653 3161 altera,
677 3109 766 3171 quarn
781 3109 818 3152 ex
832 3091 943 3152 Achaia
958 3110 974 3151 a
989 3089 1024 3162 Q.

63 3176 147 3237 Fufio
172 3177 269 3255 legato
289 3184 475 3246 evocaverat,
502 3175 713 3255 equitibusque
733 3186 823 3236 Dccc
844 3183 876 3235 et
897 3174 1026 3237 navibus

62 3260 160 3337 longis
174 3261 301 3323 Rhodiis
310 3274 335 3321 x
347 3269 377 3322 et
391 3262 529 3322 Asiau'cis
543 3262 647 3339 paucis
656 3260 863 3320 Alexandriam
878 3263 1024 3339 pervenit,

62 3344 95 3404 ln
117 3345 164 3404 his
185 3353 271 3406 erant
291 3344 460 3422 legionibus
479 3345 633 3405 hominum
655 3345 735 3405 milia
757 3347 814 3406 tria
835 3355 892 3414 cc;
913 3345 1051 3423 reliquit

61 3427 236 3490 vulneribus
257 3448 293 3490 ei
314 3429 437 3508 proeliis
452 3437 483 3489 et
502 3428 604 3490 labore
626 3447 660 3489 ac
680 3428 886 3508 magnitudine
907 3430 1029 3488 itinecis

61 3514 193 3575 conlecti
219 3514 358 3592 consequi
380 3532 441 3576 non
464 3521 643 3596 potuerant.
679 3513 748 3580 snt
771 3514 884 3578 Eaesm
912 3512 1079 3572 conhsus'o
