2356 3870
354 219 453 277 notin.
470 220 498 277 V.
515 221 584 279 Cdl‘.
600 221 804 279 xxx-xxxv.
1014 228 1054 290 93

95 385 170 446 Cum
190 390 314 461 propter
336 381 549 460 longitudinem
576 386 700 462 agminis
725 386 823 446 minus
847 385 933 447 facile
957 390 1083 450 omnint

93 485 150 546 per
164 484 198 527 se
212 465 295 526 obire
311 473 354 536 et,
371 467 442 543 quid
453 484 571 545 quoque
585 467 651 529 loco
665 468 832 530 laciendum
848 477 939 539 esset,
956 475 1054 551 prori-

94 551 168 611 dere
181 557 319 629 possent,
339 550 491 612 iusserunt
505 553 713 629 pronuntiare,
736 559 769 612 ut
781 552 991 631 impedimenta
1006 574 1053 616 re·

94 633 267 711 linquerent
280 641 368 711 atque
381 635 412 695 in
433 634 536 695 orbem
557 637 762 696 consisterent.
794 636 879 706 Quod
901 637 1083 700 consiliunt

96 719 153 778 etsi
166 718 198 777 in
213 717 358 778 eiusmodi
372 735 442 779 casu
454 717 733 797 reprehendendum
744 736 804 779 non
820 725 878 789 est,
895 727 993 781 tamen
1008 724 1053 783 in·

96 799 253 862 commode
264 800 383 861 accidit:
399 819 467 861 nam
484 812 513 861 et
527 803 636 862 nostris
651 801 793 862 militibus
807 820 892 881 spem
906 806 1012 864 minuit
1027 813 1082 866 eto

94 883 197 946 hostes
218 884 255 944 ad
273 883 465 963 pugnandum
485 883 643 945 alacriores
664 885 774 956 effecit,
801 885 880 963 qnod
905 904 964 946 non
990 891 1054 949 sine

93 985 211 1029 summo
226 970 333 1028 timore
348 977 378 1027 et
392 968 599 1046 desperatione
610 968 640 1029 id
652 970 762 1029 iactum
776 969 938 1030 videbatur.
965 971 1082 1032 Prae-c

93 1060 178 1112 terea
193 1050 312 1120 accidit,
329 1051 408 1128 quod
423 1052 488 1112 lieri
507 1069 630 1112 necesse
645 1060 723 1121 erat,
746 1058 779 1112 ut
793 1053 879 1130 vulgo
894 1052 1002 1115 milites
1018 1055 1053 1115 ab

93 1136 187 1212 signis
202 1134 402 1204 discederent,
427 1151 561 1212 quaeque
575 1136 701 1212 quisque
718 1153 821 1197 eorum
836 1137 986 1197 carissima
1001 1137 1052 1199 ba-

93 1217 196 1287 beret,
215 1217 252 1279 ab
265 1217 485 1297 impedimentis
499 1225 602 1297 petere
617 1226 705 1296 atque
720 1221 853 1298 arripere
867 1229 1052 1300 properaret,

94 1300 225 1362 clamore
240 1308 270 1362 et
283 1300 355 1363 lletu
370 1304 468 1363 omnia
483 1301 711 1381 complerentur.

157 1383 302 1446 XXXllll.
330 1385 514 1447 debacharis
529 1386 685 1447 consilium
699 1404 760 1447 non
777 1386 879 1446 deluit.
910 1387 984 1448 Nam
999 1388 1052 1449 du·
1068 1396 1080 1446 1

95 1487 145 1531 ces
167 1486 271 1529 eorum
291 1475 351 1529 tota
370 1471 433 1530 acie
452 1471 645 1549 pronuntiare
659 1472 835 1548 iusserunt,
862 1488 900 1530 ne
925 1473 991 1547 quis
1017 1472 1053 1532 ab

94 1552 160 1614 loco
180 1552 362 1613 decederet:
383 1552 502 1614 illorum
523 1571 587 1614 esse
607 1554 748 1632 praedam
768 1560 857 1629 atque
876 1552 934 1614 illis
953 1571 1052 1615 reser-

94 1637 172 1706 vari,
189 1651 392 1713 quaecumque
406 1636 531 1697 Romani
544 1636 748 1714 reliquissent:
769 1635 896 1720 proinde
910 1639 1009 1697 omnia
1023 1640 1054 1698 in

96 1720 216 1780 victoria
231 1721 328 1798 posita
343 1721 564 1781 existumarent.
595 1719 701 1800 [Erant
717 1729 746 1781 et
760 1721 868 1780 virtute
884 1725 913 1779 et
927 1731 1081 1781 numeror

95 1802 245 1882 pugnandi
257 1801 371 1882 pares]
387 1803 486 1864 Nostri
497 1805 612 1864 tametsi
622 1805 659 1865 ab
670 1803 745 1865 duce
760 1812 789 1863 et
804 1821 820 1863 a
833 1804 954 1864 fortuna
969 1803 1052 1865 dese·

96 1887 252 1956 rebantur,
270 1893 368 1947 tamen
383 1905 500 1948 omnem
515 1905 599 1965 spem
614 1887 717 1948 salutis
728 1889 760 1947 ln
773 1888 881 1946 virtute
892 1887 1051 1965 ponebant,

95 1977 126 2031 et
140 1971 278 2047 quotiens
293 1986 428 2047 quaeque
442 1970 549 2031 cohors
563 1978 771 2049 procurreret,
791 1970 828 2030 ab
844 1988 878 2030 ea
892 1977 976 2049 parte
991 1988 1052 2031 ma·

94 2071 171 2131 gnus
185 2070 329 2114 numerus
343 2053 471 2114 hostium
486 2053 617 2116 cadebat.
642 2055 706 2132 Qua
719 2073 754 2115 re
768 2054 970 2114 animadversa
983 2056 1081 2114 alm-t

94 2136 191 2198 biorix
204 2137 392 2215 pronuntiari
405 2137 503 2207 iubet,
519 2144 553 2198 ut
566 2138 672 2216 procul
688 2139 744 2200 tela
756 2139 902 2199 coniciant
912 2155 972 2198 neu
982 2155 1052 2215 pro·

94 2222 163 2300 pius
177 2219 319 2280 accedant
333 2228 376 2289 et,
399 2238 487 2298 quam
501 2222 533 2281 in
547 2229 662 2298 partem
677 2221 801 2283 Romani
815 2223 958 2300 impetum
973 2221 1051 2281 iece·
1082 2221 1086 2232 ’

93 2306 169 2373 rint,
191 2302 311 2364 cedant:
330 2303 448 2365 levitate
468 2322 619 2365 minorum
639 2313 669 2366 et
684 2305 829 2367 cotidiana
844 2305 1081 2365 exercitationes

93 2386 168 2448 nibil
181 2387 218 2448 iis
232 2388 335 2448 noceri
349 2406 452 2468 posse:
471 2384 582 2448 ‘rursus
602 2406 635 2449 se
656 2389 692 2449 ad
712 2391 795 2466 signa
815 2389 991 2466 recipientes
1005 2389 1051 2448 in·

94 2478 266 2549 sequantur.
875 2511 876 2514 κ

157 2553 270 2615 XXXV.
294 2553 359 2624 Quo
373 2563 532 2634 praecepto
544 2555 580 2616 ab
590 2556 625 2616 iis
637 2553 869 2632 diligentissume
885 2554 1049 2624 observato,
1064 2561 1077 2611 ι

94 2656 162 2700 cum
178 2637 332 2716 quaepiam
353 2636 459 2699 cohors
480 2656 516 2698 ex
535 2638 608 2700 orbe
624 2648 792 2700 excesserat
805 2646 894 2715 atque
908 2640 1052 2716 impetum

93 2723 220 2791 iecerat,
236 2720 337 2782 hostes
352 2719 535 2783 velocissime
549 2721 744 2800 relugiebant
767 2722 888 2784 interim
905 2739 969 2782 eam
983 2730 1080 2799 par-2

94 2812 153 2866 tem
174 2804 281 2866 nudari
300 2821 422 2866 necesse
444 2811 507 2866 erat
528 2814 558 2866 et
579 2806 615 2867 ab
635 2805 729 2867 latere
745 2813 848 2884 aperto
870 2804 927 2864 tela
946 2805 1049 2882 recipi.

93 2888 223 2957 Rursus,
245 2906 312 2949 cum
326 2890 358 2949 in
374 2906 442 2949 eum
456 2887 569 2958 locum,
591 2889 670 2950 unde
691 2897 775 2950 erant
796 2890 921 2966 egressi,
943 2889 1080 2948 revertit

93 2981 269 3052 coeperant,
286 2979 316 3032 et
330 2971 367 3033 ab
381 2973 432 3042 iis,
449 2975 501 3050 qni
515 2982 681 3043 cesserant,
699 2981 728 3033 et
742 2972 778 3033 ab
794 2973 843 3041 iis,
861 2972 912 3048 qui
924 2973 1051 3050 proximi

91 3062 251 3127 steterant,
282 3056 604 3124 circumveniebantnr;
634 3058 681 3117 sin
709 3065 807 3118 autem
826 3055 924 3116 locum
950 3062 1079 3116 teneret

92 3139 216 3210 vellent,
238 3157 295 3201 nee
313 3141 414 3201 virtuti
434 3139 518 3201 locus
537 3139 774 3218 relinquebatur,
796 3155 893 3216 neque
915 3137 951 3199 ab
972 3147 1074 3200 tanta-

92 3222 280 3285 mrdtitudine
296 3220 428 3297 'coniecta
443 3223 501 3284 tela
516 3225 642 3287 conferti
656 3226 748 3285 vitare
764 3230 910 3303 poterant.
941 3221 1080 3282 lamone

92 3315 135 3368 tct
147 3307 345 3369 incommodis
359 3307 531 3377 conflictati,
554 3307 653 3369 multis
673 3307 845 3369 vulneribus
860 3307 988 3383 acceptis
1003 3323 1050 3366 re·

91 3391 236 3454 sistebant
256 3399 286 3453 et
304 3410 409 3470 magna
429 3400 513 3470 parte
535 3391 594 3452 diei
614 3399 802 3471 consumpta,
830 3408 898 3451 cum
919 3407 936 3449 a
956 3389 1052 3466 prima

92 3475 156 3538 luce
173 3475 210 3538 ad
226 3474 329 3538 horam
345 3483 475 3538 octavam
490 3486 687 3554 pugnaretur,
710 3475 796 3544 nihil,
820 3471 898 3551 quod
918 3473 989 3549 ipsis
1005 3488 1050 3531 es·
