2356 3870
376 240 475 298 GOllll.
492 241 510 296 1.
527 241 596 298 CAP.
611 241 692 296 l-V.
997 243 1016 300 ³

58 406 129 484 moti
144 406 378 474 constituerunt,
402 423 450 474 ea,
473 422 548 481 quae
569 404 605 464 ad
624 403 871 483 proficiscendum
886 403 1015 479 pertine·

58 496 139 558 rent,
156 504 347 566 comparare,
368 489 570 549 iumentorum
590 495 620 548 et
641 504 795 548 carrorum
816 502 904 562 quam
925 486 1016 544 maxi·

57 589 139 632 mum
152 588 315 632 numerum
330 576 476 640 coemere,
492 578 640 632 sementes
654 587 741 647 quam
756 570 897 629 maximas
908 568 1015 637 lacero,

58 657 134 716 utin
149 655 257 715 itinere
277 654 361 732 copia
375 656 517 716 frumenti
531 661 718 734 suppeteret,
735 671 802 713 cum
817 653 960 731 proximis
975 653 1015 712 ci·

58 737 195 799 vitatibus
210 755 313 816 pacem
329 745 358 798 et
373 740 529 798 amicitiam
544 737 728 799 confirmare.
758 735 802 797 ld
818 753 867 796 eas
881 753 931 795 res
947 753 1016 795 con·
1032 744 1048 792 a

58 820 196 882 liciendas
212 820 365 882 biennium
379 822 436 882 sibi
449 823 521 882 satis
534 840 598 883 esse
609 821 774 881 duxerunt:
790 820 953 879 intertium
965 836 1016 878 an·

59 922 127 964 num
140 904 356 982 prosectionem
367 903 432 982 lege
445 905 627 966 confirmant.
648 902 691 965 nd
703 920 753 964 eas
763 920 813 964 res
825 901 1019 970 conficiendas
1034 909 1050 960 3

58 986 217 1063 Orgetorix
232 985 379 1064 deligitur.
412 988 440 1048 ls
455 987 512 1048 sibi
525 987 703 1065 legationem
718 987 754 1047 ad
769 989 900 1064 civitates
915 1003 1016 1046 snsce-

58 1071 109 1147 pit
141 1069 175 1129 ln
191 1087 226 1130 eo
241 1071 347 1130 itinere
362 1071 523 1148 persuadet
533 1071 657 1140 Castico,
671 1067 933 1131 Catamantaloedis
947 1067 1017 1136 lilio,
1033 1076 1049 1125 4

59 1152 213 1227 Sequano,
236 1153 319 1213 cuius
339 1161 425 1229 pater
444 1171 570 1231 regnum
590 1155 620 1214 in
636 1154 780 1230 Sequanis
795 1152 905 1213 multos
925 1170 1018 1213 annos

59 1236 228 1312 optinuerat
249 1241 279 1293 et
298 1253 314 1294 a
335 1243 441 1295 senatu
460 1234 563 1313 populi
578 1235 702 1296 Romani
722 1237 834 1296 amicus
854 1234 1018 1312 appellatus

60 1326 130 1386 erat,
147 1325 181 1376 ut
195 1333 321 1392 regnum
335 1319 365 1376 in
378 1319 494 1378 ciiitate
508 1336 561 1378 sua
576 1326 743 1396 occuparet,
758 1318 835 1393 quod
851 1328 935 1395 pater
950 1328 1018 1378 ante

58 1399 218 1465 habuerat:
238 1401 370 1476 itemque
387 1400 560 1478 Dumnorigi
575 1401 691 1468 leduo,
707 1402 792 1460 fratri
807 1401 948 1469 Divitiaci,
968 1402 1048 1476 quic

59 1502 93 1544 eo
114 1493 252 1562 tempore
271 1484 471 1562 principatum
490 1486 521 1544 in
542 1485 657 1544 civitate
678 1483 829 1561 optinebat
843 1501 876 1544 ac
891 1486 1017 1544 maxime

58 1566 137 1646 plebi
152 1573 293 1645 acceptus
309 1574 388 1636 erat,
409 1574 443 1627 ut
461 1567 541 1628 idem
557 1574 728 1634 conaretur,
750 1566 911 1645 persuadet
931 1569 1018 1641 eique

58 1650 145 1710 liliam
161 1668 246 1710 suam
261 1651 292 1709 in
306 1651 528 1710 matrimonium
543 1649 600 1709 dat.
627 1648 771 1709 Perfacile
785 1650 863 1709 lactu
881 1667 946 1709 esse
961 1648 1018 1709 illis
1033 1655 1049 1706 6

58 1732 164 1810 probat
179 1738 282 1791 conata
296 1733 450 1809 perticere,
466 1738 625 1810 propterca
637 1730 716 1809 quod
730 1733 794 1808 ipse
809 1750 879 1792 suae
895 1733 1018 1792 civitatis

58 1815 218 1891 imperium
233 1820 411 1890 optenturus
427 1822 519 1874 esset:
535 1832 595 1875 non
611 1831 677 1875 esse
692 1813 823 1883 dubium,
841 1816 911 1891 quin
927 1817 1017 1876 totius

59 1895 168 1957 Galliac
189 1894 351 1974 plurimum
365 1895 492 1958 Helvetii
505 1904 643 1977 possent;
669 1916 702 1958 se
717 1898 778 1959 suis
795 1899 887 1976 copiis
902 1916 1017 1974 suoque

58 1979 191 2039 exercitu
206 1977 264 2038 illis
279 1996 370 2056 regna
385 1978 609 2041 conciliaturum
625 1982 785 2042 confirmat
810 1981 870 2041 llac
885 1983 1017 2042 oratione
1032 1989 1048 2038 7

14 2132 17 2139 Ι
58 2062 177 2122 adducti
191 2063 269 2121 inter
283 2080 316 2122 se
327 2061 415 2123 fldem
431 2071 461 2123 et
474 2064 679 2125 iusiurandum
691 2064 761 2126 dant
776 2073 805 2124 et
819 2082 912 2142 regno
928 2083 1015 2125 occu·

57 2154 123 2222 pato
140 2162 197 2222 per
216 2152 279 2204 tres
293 2148 515 2223 potentissimos
537 2166 571 2207 ac
585 2148 770 2208 firmissimos
784 2147 911 2227 populos
926 2150 1016 2209 totius

58 2227 168 2288 Galliae
181 2245 248 2287 sese
263 2229 352 2305 potiri
365 2247 454 2307 posse
468 2237 598 2309 sperant.

118 2310 184 2371 llll.
209 2310 250 2370 Ea
265 2329 314 2371 res
330 2318 375 2371 est
388 2311 528 2374 Helvetiis
543 2331 598 2393 per
612 2313 754 2373 indicium
769 2318 927 2374 enuntiata.
956 2316 1015 2375 blo·
1032 2322 1045 2372 1

25 2439 30 2453 ,
57 2393 139 2454 ribus
152 2394 215 2453 suis
226 2392 430 2472 Orgetorigem
443 2415 478 2457 ex
489 2397 591 2458 vinclis
603 2414 720 2457 causam
732 2396 831 2458 dicere
843 2403 1013 2474 coegerunt.

57 2477 233 2538 llanmatum
248 2495 374 2555 poenam
388 2482 472 2555 sequi
494 2478 662 2558 oportebat,
686 2487 719 2540 ut
738 2481 799 2557 igni
821 2492 1013 2542 cremaretur.

57 2560 107 2621 llie
138 2561 299 2621 constituta
327 2579 433 2623 causae
462 2562 597 2624 dictionis
624 2562 781 2640 Orgetorix
809 2563 845 2623 ad
874 2564 1047 2626 iudiciuma

58 2661 177 2703 omnem
189 2655 274 2703 suam
284 2644 433 2713 familiam,
447 2646 482 2706 ad
499 2645 650 2707 hominum
662 2645 741 2706 milia
759 2645 870 2714 decem,
883 2648 1015 2725 undique

58 2728 155 2804 coegit
170 2734 200 2786 et
214 2743 317 2788 omnes
332 2727 454 2790 clientes
470 2728 684 2805 obaeratosque
704 2747 788 2800 suos,
811 2746 937 2806 quorum
953 2750 1014 2791 ma·
1121 2790 1124 2795 .

58 2827 148 2889 gnum
170 2827 330 2871 numerum
350 2809 491 2882 habebat,
514 2813 617 2873 codem
639 2812 794 2880 conduxil;
817 2831 873 2891 per
888 2832 954 2883 eos,
976 2833 1014 2874 ne

59 2911 177 2954 causam
192 2892 314 2964 diceret,
330 2911 363 2954 se
379 2896 496 2972 cripuit.
520 2897 594 2958 Cum
614 2897 714 2958 civitas
729 2892 767 2956 ob
783 2914 847 2956 eam
863 2915 927 2957 rem
941 2899 1014 2958 inci·
1030 2905 1046 2958 t

59 2984 114 3037 tata
129 2977 282 3037 armisius
298 2995 386 3038 suum
404 2981 525 3055 exsequi
540 2986 712 3049 conaretur,
735 2978 1015 3058 multitudinemque
1084 3021 1088 3026 -

58 3057 211 3120 bominum
226 3077 262 3120 ex
277 3061 355 3137 agris
376 3063 565 3139 magistratus
585 3070 739 3139 cogerent,
757 3063 912 3141 Orgetorix
934 3084 1013 3126 mor·

59 3151 125 3242 tuus
143 3153 210 3242 est;
232 3160 341 3287 ppiqppo
342 3143 610 3290 ptalppptcppppppppit
619 3154 652 3206 ut
672 3145 796 3207 Helvetii
822 3148 1046 3218 arbitrantur,t

61 3242 248 3371 qvni'bpl‘eogt
269 3311 332 3371 eius
352 3319 480 3372 mortem
501 3311 592 3374 nihilo
611 3275 709 3375 ininus
724 3313 849 3375 Helvetii
868 3316 912 3384 id,
936 3316 1043 3392 quodl

63 3395 286 3462 constituerant,
308 3394 406 3455 iacere
422 3405 580 3466 conantur,
603 3404 636 3456 ut
658 3415 674 3456 c
693 3397 801 3459 linibus
820 3401 882 3459 suis
898 3409 1014 3460 exeant

64 3471 113 3536 llbi
126 3478 186 3539 iam
201 3495 234 3537 se
249 3477 285 3538 ad
301 3494 365 3547 eam
379 3496 442 3540 rem
451 3491 572 3558 paratos
588 3497 653 3544 esse
669 3481 808 3549 arbitrati
819 3496 903 3560 sunt,
917 3484 1064 3568 oppida‘t

819 3575 865 3642 q*
