2356 3870
298 250 412 307 eonor.
426 252 474 307 111.
497 251 573 306 car.
587 251 823 309 unxi-mv.
977 240 1039 314 lob
1099 337 1108 348 Ι

71 417 221 486 secunda,
249 417 400 477 fortunam
426 434 491 477 esse
518 415 665 477 industria
690 409 909 478 sublevandam.
953 415 1038 487 Quod

72 509 157 562 esset
171 508 325 580 acceptum
341 501 525 571 detrimenti,
535 503 666 561 cuiusvis
680 503 878 580 potiusquam
889 518 959 562 suae
976 501 1037 562 cul·

73 604 133 666 pac
148 584 258 645 dobere
274 584 377 645 tribui.
408 583 518 645 Locum
539 600 570 646 se
586 602 691 645 aecum
711 585 747 646 ed
770 584 970 647 dimicandum
986 586 1063 647 dett

76 671 172 738 disse,
198 671 325 747 potitum
341 687 407 728 esse
428 668 559 728 hostium
580 671 702 739 castris,
723 669 871 748 expulisse
893 687 928 730 ac
949 687 1037 750 supe·

73 770 160 814 rasse
175 761 354 833 pugnantes.
376 751 435 813 Sed
450 754 512 813 sire
526 755 661 832 ipsorum
671 753 860 832 perturbatio
876 756 936 814 sive
952 756 1038 815 erro'r

72 837 186 916 aliquis
210 838 271 897 sive
300 838 388 896 etiam
415 837 534 896 fortuna
559 843 678 915 partam
707 838 766 898 iam
790 844 1037 917 praesentemque

74 922 232 981 victoriam
252 921 515 999 interpellavisset,
537 919 663 980 dandam
684 920 824 981 omnibus
842 939 979 1000 operam,
1004 929 1039 983 ut

74 1011 232 1084 acceptum
248 1004 467 1065 incommodum
482 1006 594 1064 virtute
609 1007 783 1065 sarciretur.
812 1003 897 1074 Quod
914 1006 940 1065 si
955 1013 1063 1067 essere

73 1089 201 1156 lactum,
223 1088 434 1149 detrimentum
455 1090 487 1149 in
508 1085 619 1148 bonum
639 1095 786 1158 verteret,
807 1091 852 1149 uti
874 1088 910 1149 ad
925 1088 1049 1167 Gorgo»

74 1174 154 1233 viam
170 1173 335 1242 accidisset,
358 1179 445 1251 atque
466 1173 510 1240 ei,
532 1173 583 1251 qui
603 1178 672 1233 ante
692 1173 838 1233 dimicare
857 1175 1036 1243 timuissent,

72 1257 156 1316 ultro
172 1274 203 1316 se
218 1256 335 1334 proelio
348 1256 509 1316 offerrent.-

140 1339 283 1402 LXllllll.
318 1339 380 1400 Hae
405 1339 506 1401 habita
531 1341 669 1400 contione
694 1340 852 1402 nonnullos
876 1342 1063 1418 signiferosl

75 1425 240 1502 ignominia
255 1426 369 1484 notavit
384 1441 417 1484 ac
432 1424 496 1485 loco
510 1426 612 1485 movit.
648 1423 802 1485 Exercitui
818 1425 940 1504 quidem
956 1426 1064 1486 omnia

74 1515 178 1568 tantus
197 1509 321 1568 incessit
341 1526 378 1568 ex
397 1508 584 1569 incommodo
605 1508 692 1568 dolor
710 1516 884 1588 tantumque
906 1509 1037 1570 studium
1060 1577 1063 1580 ,

74 1593 218 1653 infamiae
235 1592 416 1660 sarciendae,
433 1598 466 1651 nt
481 1609 568 1651 nemo
582 1596 634 1652 dut
647 1591 762 1652 tribuni
783 1601 834 1654 aut
852 1595 1037 1654 centurionis

75 1677 239 1756 imperium
254 1676 438 1736 desideraret
452 1681 482 1735 et
501 1674 560 1735 sibi
580 1677 706 1755 quisque
725 1678 817 1736 etiam
837 1692 950 1755 poenae
972 1676 1037 1737 loco

74 1762 230 1838 graviores
251 1762 409 1839 inponeret
434 1758 567 1828 labores,
594 1759 742 1838 simulque
769 1776 873 1820 omnes
898 1759 1038 1820 arderent

74 1845 240 1924 cupiditate
260 1844 427 1922 pugnandi,
449 1860 517 1904 oum
537 1845 702 1920 superioris
721 1844 811 1904 etlam
829 1843 944 1904 ordinis
963 1860 1037 1904 non·

74 1929 152 1989 nulli
173 1930 290 1988 ratione
311 1929 439 2006 permoti
459 1927 636 1988 manendum
653 1945 688 1987 eo
709 1927 774 1987 loeo
789 1934 819 1986 et
838 1945 903 1988 rem
923 1927 1038 2007 proelio

75 2011 319 2073 committendam
335 2013 552 2072 existimarent.
580 2011 688 2072 Contra
704 2029 739 2072 ea
754 2011 863 2072 Caesar
876 2022 974 2091 neque
991 2020 1064 2072 εει-8

74 2098 118 2156 tis
130 2095 277 2157 militibus
291 2097 462 2174 perterritis
473 2094 639 2156 confidebat
650 2098 836 2175 spatiumque
847 2095 1037 2175 interponen-

73 2181 147 2240 dum
164 2179 200 2240 ad
216 2180 395 2240 recreandos
410 2181 525 2240 animos
539 2178 671 2258 putabat,
687 2180 717 2242 el
735 2180 850 2240 relictis
863 2181 1037 2241 munitioni·

76 2263 136 2324 bus
151 2281 331 2343 magnopere
346 2265 392 2323 rei
407 2264 621 2324 frumentariae
636 2263 772 2324 timebat.

141 2346 255 2409 LXXV.
279 2347 381 2426 ltaque
392 2345 472 2407 nulla
486 2349 663 2426 interposita
675 2365 758 2408 mora
769 2349 937 2409 sauciorum
949 2347 1062 2408 modot

74 2439 110 2492 et
130 2448 289 2509 aegrorum
309 2430 409 2491 habita
429 2432 544 2491 ratione
564 2431 776 2509 impedimenta
797 2434 896 2492 omnia
918 2431 1038 2492 silentio
1148 2422 1157 2437 '

77 2517 176 2594 prima
191 2522 278 2576 noete
293 2533 330 2575 ex
345 2517 451 2575 castris
466 2514 649 2593 Apolloniam
672 2516 836 2594 praemisit.
873 2515 953 2575 llaec
968 2533 1037 2576 eon-

77 2601 236 2678 quiescere
251 2607 319 2659 ante
334 2601 393 2659 iter
407 2600 576 2659 conlectum
590 2600 694 2660 vetnit.
717 2599 771 2660 His
785 2590 938 2676 unalegio
948 2600 1038 2660 missa

77 2683 230 2763 praesidio
245 2691 300 2743 est.
335 2682 389 2743 His
405 2683 552 2761 explicitis
567 2681 658 2743 rebus
679 2683 752 2744 duas
770 2684 926 2743 incastris
944 2683 1064 2760 legio-2

76 2785 133 2827 nes
148 2769 297 2837 retinuit,
310 2767 441 2845 reliquas
456 2766 492 2826 de
508 2773 613 2845 quarta
627 2768 729 2844 vigilia
749 2765 954 2845 compluribus
969 2784 1038 2845 por·

77 2852 120 2910 tis
135 2850 257 2911 eductas
277 2850 381 2911 eodem
403 2852 512 2910 itinere
532 2852 689 2929 praemisit
707 2861 857 2929 parvoque
877 2852 974 2928 spatio
993 2852 1038 2909 in'·

76 2937 232 3004 termisso,
258 2941 342 2994 utet
363 2934 491 2994 militare
512 2936 680 2994 institutum
703 2939 873 2994 servaretur
893 2940 925 2993 et
949 2950 1038 3011 quam

78 3019 231 3079 serissime
248 3020 312 3079 eius
332 3018 477 3097 profectio
492 3026 736 3095 cognosceretur,
757 3017 937 3078 conclamari
951 3019 1040 3078 iussit

79 3104 239 3182 statimque
255 3119 392 3180 egressus
412 3109 442 3162 et
460 3103 653 3162 novissimum
673 3118 780 3179 agmen
800 3107 975 3162 consecutus
990 3119 1038 3162 oe·

79 3185 186 3247 leriter
211 3206 247 3248 ex
273 3195 432 3265 conspeetu
458 3193 623 3247 castrorum
649 3186 796 3247 discessit.
838 3184 941 3265 Neque
968 3194 1064 3246 veroa

81 3269 243 3349 Pompeius
268 3274 387 3348 cognito
411 3270 537 3331 consilio
563 3273 629 3331 eius
650 3286 763 3331 moram
788 3270 877 3332 ullam
899 3269 935 3330 ad
960 3269 1038 3329 inse·

79 3353 232 3432 quendum
249 3354 363 3424 intulit,
386 3355 438 3415 sed
454 3355 557 3416 eadem
572 3360 724 3435 spectans,
746 3355 772 3415 si
788 3356 897 3414 itinere
912 3353 1039 3432 impedi·

80 3445 129 3499 tos
144 3442 321 3518 perterritos
336 3439 560 3518 deprehendere
576 3446 690 3519 posset,
712 3440 882 3500 exercitum
898 3455 919 3497 e
937 3438 1051 3496 castris

80 3521 432 3604 eduxitequitatumque
460 3527 623 3606 praemisit
649 3524 691 3589 ad
716 3525 931 3589 nouissimum
948 3529 1077 3590 samso

160 3630 168 3656 ‚
