2356 3870
362 201 461 260 cond.
476 202 506 258 ll.
523 201 592 258 cni.
609 201 791 258 xxv--xxn
1016 203 1055 265 43

94 378 195 428 tantae
209 367 325 427 n'rtutis
339 365 475 427 homines
489 365 613 430 iudicari
633 364 864 432 debereoausos
879 383 944 427 esse
958 372 1054 426 trans-

93 454 137 513 ire
152 451 330 512 latlssimum
343 447 470 519 flumen,
493 449 654 511 ascendere
674 447 831 510 altissiinas
845 451 939 528 ripae,
955 449 1056 510 subire

94 537 316 613 iniquissimum
329 532 437 603 locum,
450 550 526 611 quae
536 533 631 594 facilia
647 551 683 592 ex
699 532 875 594 diliicillimis
890 534 979 595 animi
994 552 1055 595 ma·

93 618 403 698 guitudoredegerat.
796 680 804 697 ,

157 701 288 765 XXVIII.
313 701 376 764 lloc
395 703 510 782 proelio
526 703 603 763 lacto
620 710 649 764 et
663 721 757 784 prope
772 702 809 763 ad
830 704 1056 764 internicionem
1072 709 1086 760 1

93 796 184 866 geute
199 805 234 848 ac
248 787 368 848 nomine
383 787 559 848 Nerviorum
573 787 709 858 redacto,
731 789 858 848 maiores
873 793 958 857 natu,
981 804 1056 864 quos

94 890 153 932 una
180 889 250 932 eum
273 871 374 949 pueris
402 870 639 948 mulieribusque
663 874 694 932 in
714 872 860 932 aestuaria
880 888 914 931 ac
935 870 1057 949 paludes

93 957 248 1016 coniectos
262 954 448 1025 dixeramus,
464 954 520 1016 hac
534 973 632 1033 pugna
647 956 796 1025 nuntIata,
813 972 881 1015 cum
895 953 1058 1016 victoribus

92 1038 171 1100 nihil
183 1038 369 1118 impeditum,
384 1040 469 1100 victis
484 1038 556 1099 nihil
569 1046 665 1099 tutum
677 1039 902 1108 arbitrarentur,
916 1040 1057 1108 omnium,
1073 1047 1089 1096 2
1171 1102 1176 1109 ,

94 1125 148 1200 qni
168 1129 361 1201 supererant,
383 1141 531 1183 consensu
550 1122 663 1200 legatos
685 1123 721 1183 ad
737 1123 892 1184 Caesarem
912 1124 1058 1184 miserunt

93 1223 190 1284 seque
205 1208 234 1267 ei
248 1206 470 1267 dediderunt'ret
484 1208 515 1267 in
530 1207 786 1268 commemoranda
802 1208 925 1267 civitatis
941 1205 1057 1267 calami-

94 1298 156 1352 tate
172 1309 210 1352 ex
225 1291 373 1353 sexcentis
387 1290 425 1352 ad
446 1297 507 1352 tres
528 1299 693 1360 senatores,
715 1309 752 1351 ex
771 1289 925 1350 hominum
938 1291 1057 1351 milibus

93 1395 135 1437 nx
152 1376 200 1434 vix
215 1374 252 1434 ad
268 1375 461 1452 qulngentos,
478 1376 530 1451 qui
544 1393 624 1439 arma
639 1375 720 1435 serre
734 1381 871 1453 possent,
891 1391 957 1435 sese
972 1375 1056 1435 reda·

95 1468 160 1520 ctos
177 1476 244 1518 esse
260 1458 406 1519 dixerunt.
435 1457 515 1530 Quos
531 1458 646 1527 Caesar,
663 1464 698 1518 ut
710 1459 741 1518 in
756 1459 881 1519 miseros
895 1476 930 1519 ac
944 1457 1057 1540 suppli·
1073 1467 1090 1519 3

95 1561 147 1604 ees
163 1560 237 1603 usus
251 1542 456 1602 misericordia
467 1542 626 1611 videretur,
639 1541 861 1620 dlligentissime
876 1544 1059 1604 conservavit

94 1627 220 1703 suisque
235 1625 343 1686 finibus
358 1633 447 1702 atque
463 1626 578 1705 oppidis
599 1627 642 1686 uti
661 1627 748 1686 iussit
768 1633 798 1686 et
811 1626 943 1686 finitimis
963 1628 1056 1705 impe·

95 1712 186 1777 ravit,
204 1717 237 1770 ut
251 1709 288 1770 ab
303 1710 411 1769 iniuria
426 1716 455 1769 et
469 1709 612 1770 maleficio
627 1728 660 1771 se
675 1726 804 1788 suosque
819 1707 1022 1789 prohiberent.

162 1792 302 1862 xilvnn.
325 1792 484 1870 Aduatuci,
502 1794 538 1859 de
554 1792 661 1877 qulbus
675 1812 765 1877 supra
780 1795 967 1873 scripsimus,
990 1811 1057 1856 oum
1073 1800 1086 1853 1

96 1885 237 1948 omnibus
252 1885 345 1964 copiis
364 1884 473 1946 auxilio
489 1883 603 1946 Nerviis
624 1885 772 1953 venirent,
793 1879 849 1945 hac
867 1899 966 1965 pugna
981 1899 1055 1951 nun·

95 1972 169 2030 tiata
184 1988 221 2030 ex
239 1970 347 2029 itinere
369 1969 490 2030 domum
509 1975 712 2037 reverterunt:
736 1970 849 2029 cunctis
871 1972 987 2051 oppidIs
1010 1985 1087 2034 cat

95 2053 252 2130 stellisque
272 2053 397 2114 desertis
417 2071 472 2114 sua
494 2055 592 2114 omnia
611 2053 643 2113 ln
664 2072 754 2115 unum
776 2054 917 2134 oppidum
938 2060 1057 2137 egregie

95 2144 204 2199 natura
229 2138 375 2198 munitum
395 2135 593 2199 contuleruut.
632 2136 717 2209 Quod
741 2157 809 2199 cum
824 2157 860 2200 ex
876 2141 1012 2203 omnibus
1026 2145 1057 2203 in
1073 2151 1088 2201 3

96 2222 226 2283 circuitu
245 2220 379 2299 partibus
400 2220 556 2282 altissimas
576 2240 667 2301 rupes
688 2222 905 2302 despectusque
923 2223 1054 2295 haberet,

96 2324 156 2366 nna
172 2322 207 2365 ex
224 2311 308 2384 parte
323 2303 430 2366 leniter
441 2304 560 2366 adclivis
571 2306 667 2367 aditus
680 2307 712 2367 in
724 2306 907 2367 latitudinem
920 2327 979 2369 non
994 2328 1055 2370 am·

94 2389 176 2471 pilus
191 2388 387 2450 ducentorum
401 2388 510 2470 pedum
525 2390 764 2467 relinquebatur;
785 2409 872 2468 quem
887 2391 986 2454 locum
1001 2392 1054 2454 du·

94 2473 168 2554 plici
182 2472 324 2534 altissimo
339 2491 425 2534 muro
440 2475 622 2535 munierant:
640 2483 703 2537 tum
718 2476 815 2553 magni
830 2475 971 2553 ponderis
986 2495 1056 2537 saxa
1076 2479 1077 2482 ’

94 2565 125 2618 et
139 2563 316 2637 praeacutas
336 2556 436 2618 trebes
455 2559 487 2618 in
500 2576 587 2619 muro
608 2558 807 2620 conlocabant.
846 2557 905 2637 Ipsi
921 2567 1004 2620 erant
1020 2571 1086 2622 exe

94 2640 225 2704 cimbrn
239 2641 442 2720 Teutonisque
463 2644 613 2721 prognati,
636 2644 702 2720 qui,
724 2661 792 2705 cum
812 2643 868 2702 iter
888 2644 919 2703 in
935 2645 1053 2723 provin·

94 2729 171 2789 ciam
192 2732 326 2787 nostram
351 2731 439 2803 atque
464 2725 575 2788 Italiam
601 2727 747 2796 lacerent,
769 2728 805 2787 iis
825 2727 1052 2804 impedimentis,

94 2829 172 2889 quae
186 2828 290 2871 secum
310 2826 399 2888 agere
414 2828 448 2871 ac
467 2817 587 2890 portare
607 2829 667 2872 non
686 2817 837 2890 poterant,
855 2811 928 2870 citra
942 2811 1054 2872 ilumeu

93 2894 234 2956 Ilbenum
255 2894 397 2973 depositis
423 2894 586 2955 custodiam
608 2913 644 2956 ex
667 2896 729 2956 suis
749 2911 782 2954 ac
802 2894 981 2973 praesidium
1002 2914 1066 2966 sex*

93 2978 176 3040 mllia
191 2976 346 3039 bominum
367 2995 425 3039 una
439 2977 635 3055 reIIquerunt.
672 2977 710 3039 Ili
730 2984 798 3055 post
818 2995 921 3038 eorum
941 2978 1085 3042 obitumo

92 3061 206 3124 multos
222 3080 346 3123 annosa
361 3062 491 3123 llnidmis
504 3062 651 3140 exagitati,
668 3080 736 3122 cum
751 3061 821 3123 alias
836 3060 947 3122 bellum
962 3066 1052 3126 inier-

92 3153 177 3216 rent,
195 3145 266 3206 alias
280 3143 404 3207 inlatum
418 3146 625 3216 defenderent,
643 3164 789 3207 consensu
804 3164 908 3207 eorum
923 3149 1054 3209 omnium

92 3247 168 3310 pace
184 3230 260 3290 lacta
273 3227 353 3290 bunc
367 3227 425 3291 sibi
439 3229 586 3290 domicilio
602 3229 701 3291 locum
716 3230 899 3309 delegerunt

157 3311 247 3373 XXX.
271 3316 312 3373 Ac
333 3315 429 3392 primo
450 3313 577 3374 adventu
598 3315 745 3375 exercitus
767 3316 862 3375 nostri
882 3312 1003 3376 crebras
1019 3322 1084 3375 ext
1134 3332 1142 3395 j

92 3395 205 3475 oppido
223 3398 412 3458 excursiones
423 3396 570 3458 lacIebant
579 3396 769 3476 parvulisque
781 3397 902 3479 proeliis
917 3414 989 3458 eum
1000 3416 1055 3458 no·

92 3482 163 3541 stris
179 3479 411 3550 contendebant:
429 3487 534 3560 postea
558 3479 634 3546 valio
655 3502 805 3570 passuum
821 3486 859 3549 iu
879 3484 1016 3547 dncmtn
1031 3501 1075 3545 xa
1088 3490 1112 3538 n.
