2356 3870
162 200 225 264 130
556 201 729 258 CAESARIS

160 359 226 417 duo.
271 357 351 416 Nam
372 357 425 415 ubi
447 355 599 431 geminata
621 357 668 415 est
689 355 790 415 littera
807 372 837 422 υ,
859 373 967 414 nomen
989 358 1044 431 eet,
1067 374 1126 416 non

159 446 361 523 participium,
384 446 419 502 ut
438 445 556 517 foturus,
580 445 698 502 arduos.

226 535 273 593 Dc
294 534 372 592 Dob.
395 528 481 591 Nom.
510 529 657 603 (Gramm.
680 530 749 590 Lar.
772 532 807 590 de
828 531 903 590 Keil.
928 531 961 591 V.
974 550 1009 606 p.
1028 532 1127 607 575).

161 621 260 681 Criois
282 621 399 697 generis
421 620 591 694 masculini,
615 622 649 678 nt
672 617 781 678 Caesar
803 619 840 678 de
862 620 1009 695 analogia.

275 759 328 817 DE
351 755 490 817 ASTRIS
512 757 640 816 LIBER.
678 754 728 833 [A.
742 755 779 816 U.
795 755 827 816 C.
841 755 1013 834 DCCVIIL]

226 864 358 923 Moerob.
385 861 446 922 Sat.
473 863 508 928 I,
545 863 594 920 16.
648 860 743 920 Iulius
775 860 897 935 Caesar,
929 864 964 921 ut
995 863 1127 922 siderum

159 956 271 1026 motus,
294 952 453 1027 dequibus
474 967 534 1007 non
556 949 690 1008 indoctos
712 950 803 1008 libros
817 950 952 1024 reliquit,
974 952 1013 1010 ab
1026 951 1129 1028 Aegy-

159 1042 230 1117 ptiis
253 1039 415 1114 disciplinis
438 1038 550 1110 hausit,
573 1037 617 1095 ita
639 1037 694 1095 hoo
717 1055 833 1113 quoque
857 1057 892 1096 ex
915 1038 1019 1098 eadem
1040 1040 1128 1100 insti-

159 1130 275 1188 tutione
296 1129 450 1186 mutuatus
473 1127 532 1198 est,
555 1128 590 1183 ut
611 1125 651 1183 ad
673 1126 743 1185 solis
766 1143 885 1186 cursum
909 1124 1031 1185 finiendi
1055 1126 1129 1187 anni

160 1220 277 1291 tempus
301 1215 480 1273 extenderet.

122 1323 124 1326 ·
222 1302 353 1400 locaras
379 1300 483 1374 Lycius
509 1300 544 1359 de
572 1295 678 1357 Οοίινιλ.
702 1316 734 1372 p.
758 1299 835 1372 381,
865 1301 893 1358 9.
923 1299 1013 1359 Rem.
1066 1296 1129 1358 Καὶ

160 1392 256 1443 ταῦτα
282 1378 338 1458 μέν
364 1376 381 1441 ὁ
410 1378 560 1452 Κλαύδιος
589 1377 622 1439 έιι
653 1388 714 1440 τῶν
745 1377 826 1485 ιταρρλ
854 1379 1001 1452 Θούσιιοις
1020 1379 1129 1485 ίεριιλν

159 1465 233 1570 πρὸς
255 1463 334 1539 λέξιν
354 1462 404 1524 καὶ
425 1458 481 1524 οὐκ
502 1460 593 1536 αὐτὸς
614 1461 721 1542 μόνος,
742 1459 815 1523 ἀλλὰ
830 1461 897 1570 μὴν
918 1463 968 1524 καλ
985 1461 1127 1540 Εὔδοξός

90 1582 93 1588 ·
160 1573 190 1611 τε
218 1545 234 1610 6
261 1543 371 1625 πολύς,
400 1546 583 1629 Δημόκριτος
616 1555 731 1628 πρῶτος
761 1543 863 1608 αὐτῶν
879 1546 1017 1650 Βοίρῤων
1049 1570 1082 1609 τε
1110 1546 1127 1611 6

156 1631 313 1712 Ρωμαῖος,
327 1631 507 1713 Ίιτιταρχος,
531 1631 736 1712 Μητρόδωρος
758 1631 809 1692 καὶ
829 1625 886 1708 μετ’
902 1628 997 1692 αὐτοῦ
1017 1627 1033 1692 6
1051 1636 1127 1694 Και

161 1723 218 1798 σἀρ
240 1716 362 1798 ιτερλ
327 1739 379 1795 της
401 1714 550 1798 ἐφημέρου
573 1725 633 1778 τῶν
655 1713 845 1794 φαινομένων
866 1713 1001 1795 έιτιτολῆς
1022 1737 1053 1777 τε
1076 1716 1128 1778 καὶ

61 1857 63 1861 .
160 1803 295 1879 δυσμῶν.

222 1888 314 1949 Schol.
331 1893 399 1962 post
413 1887 534 1948 Ptolem.
557 1888 591 1946 de
604 1884 766 1960 Apparertt.
808 1879 1022 1963 Ἀνέγραψε
991 1905 1043 1956 τας
1060 1882 1126 1944 έπι-

161 1969 307 2047 σημασίας
328 1968 379 2028 καὶ
400 1966 536 2043 κατέταξε
551 1966 626 2028 κατοὶ
648 1989 678 2028 τε
693 1967 873 2068 Αίγυιττίοης
895 1966 945 2028 καί
961 1967 1127 2048 Δοσίθεον,

160 2053 326 2125 Φίλιππον,
360 2051 545 2128 Κάλλιππον,
574 2047 771 2130 ffiiur6povc,
801 2048 950 2130 Μέτωνα,
983 2049 1127 2131 Κόνωνα,

161 2134 378 2213 Μητρόδωρον,
398 2133 547 2214 Εὔδοξον,
564 2135 712 2215 Καίσαρα,
736 2135 932 2216 Δημόκριτον,
945 2132 1126 2216 “.Ιιττσαρχον

159 2253 202 2265 -
225 2216 281 2277 Διὸ
302 2217 350 2277 δεῖ
368 2216 493 2296 μαλιστα
515 2216 741 2326 έμαρμόζειν
711 2242 762 2291 τας
784 2217 839 2297 μέν
864 2229 925 2280 των
946 2216 1085 2315 Αίγυιττί
1083 2243 1126 2281 ων

161 2300 354 2380 ἐπισημασίας
383 2307 448 2374 ταῖς
474 2301 542 2406 περὶ
568 2312 674 2365 τοῦτον
700 2301 752 2363 τὸν
783 2302 971 2408 παράλληλον
1002 2326 1126 2384 χωραις,

160 2385 291 2448 τουτέστι
312 2381 416 2446 καθ’
405 2409 444 2491 ρν
469 2381 489 2464 6
516 2387 637 2466 μεγίστη
664 2395 725 2447 τῶν
745 2382 866 2492 6papciv
886 2384 974 2467 ὡρῶν
1001 2386 1063 2448 έστι
1086 2387 1126 2448 ιδ

161 2472 356 2576 ἰσημερινων,
385 2468 437 2543 τὰς
465 2470 499 2530 δὲ
529 2468 678 2531 Δοσιθέου
706 2469 757 2530 καὶ
784 2472 952 2576 Φιλέαιτοη,
985 2469 1057 2531 καθ’
1089 2469 1126 2532 ὅν

160 2550 278 2615 ἔστιν’
261 2578 280 2631 η
302 2554 423 2695 μεγίστη
445 2575 506 2614 των
523 2549 642 2660 ἡμερηόν
663 2550 751 2635 ὡρῶν
772 2551 867 2614 66⁰
834 2580 877 2630 ς,
900 2553 951 2627 τὰς
973 2550 1008 2615 δέ
1024 2558 1125 2634 Δημο-

160 2639 261 2717 κρίτου
283 2636 334 2696 καὶ
356 2637 506 2742 Καίσαρος
534 2637 584 2699 καί
601 2635 774 2719 Ἱππάρχου,
801 2635 905 2699 καθ’
896 2638 932 2698 ο“ν
958 2637 1008 2700 καί
1030 2635 1049 2718 6
1072 2661 1124 2718 με·

160 2722 248 2803 γίστη
271 2730 332 2781 των
352 2716 471 2800 ἡμερων
493 2720 572 2781 έστιν
593 2722 828 2801 ίσημερινῶν’
794 2745 837 2783 ιε.

226 2812 302 2871 Plio.
317 2811 387 2870 Ναί.
397 2811 474 2870 Hor.
484 2812 512 2870 I.
526 2812 594 2870 Ῑιιιλ
609 2816 758 2871 coctorum
772 2814 840 2871 libri
855 2810 983 2871 XVIII.
1020 2809 1054 2871 Ia
1070 2811 1124 2870 Ta-

159 2901 253 2968 rutio,
277 2900 328 2975 qui
351 2898 463 2959 Graece
485 2900 521 2958 de
544 2901 633 2959 astris
657 2901 786 2975 scripsit,
815 2898 939 2959 Caesare
966 2899 1124 2974 dictatore,

160 2989 212 3063 qui
235 2989 316 3046 item.
345 3019 386 3028 -
410 2989 448 3046 ib.
469 2987 599 3054 XVIII,
624 2990 674 3061 25,
699 2990 771 3047 214.
816 2988 878 3047 Nos
902 2987 1053 3063 sequimur
1077 2991 1125 3049 ob·

161 3076 358 3135 servationem
385 3073 522 3135 Caesaris
548 3094 697 3149 maxume,
724 3076 797 3134 haec
824 3077 881 3134 erit
907 3076 1013 3134 Italiae
1039 3078 1125 3136 ratio.

161 3191 205 3206 -
229 3165 279 3236 26,
296 3164 367 3223 234.
413 3163 441 3222 A
464 3164 570 3222 bruma
592 3165 623 3222 in
645 3164 798 3224 favonium
811 3162 931 3223 Caesari
953 3165 1066 3222 nobilia
1089 3166 1125 3225 si·

161 3250 232 3309 dera
246 3250 427 3326 significant,
450 3252 539 3310 tertio
562 3252 704 3311 kalendas
717 3251 870 3310 Ianuarias
883 3253 1030 3310 matutino
1044 3254 1125 3312 canis

161 3339 305 3397 occidens
329 3369 372 3380 -
395 3339 495 3398 Pridie
521 3358 614 3399 nonas
640 3340 794 3398 Ianuarias
822 3338 942 3398 Caesari
968 3339 1126 3415 delphinus

162 3427 311 3486 matutino
335 3427 466 3486 exoritur
490 3430 520 3486 et
546 3431 664 3502 postero
688 3429 735 3486 die
762 3427 889 3486 fidicula.
913 3457 955 3467 -
980 3429 1053 3489 237.
1098 3430 1127 3489 Α

151 3516 278 3581 favonio
301 3517 333 3579 in
358 3516 584 3598 aequinoctium
595 3535 724 3576 ternum
732 3513 856 3575 Caesari
873 3514 1033 3590 siguificat,
1044 3533 1126 3577 xrrru
