2356 3870
429 190 506 248 oiP.
520 189 681 246 ili-vul.
1017 184 1038 250 5

74 361 111 404 ac
134 342 250 422 saporis
271 357 347 421 aqua
370 339 506 402 dicerent
528 342 590 411 uti,
620 348 708 420 atque
740 347 809 400 ante
831 347 1036 408 consuessent,

74 425 223 505 vulgoque
245 427 327 486 inter
347 442 380 485 se
402 423 599 486 conserebant
621 432 651 485 et
670 423 869 501 degustando,
893 430 1036 502 quantum

76 513 158 572 inter
190 527 222 570 se
244 508 402 570 differrent
423 525 538 586 aquae,
574 506 802 585 cognoscebant.
845 507 941 569 Parvo
967 513 1073 568 veroa
1111 554 1113 558 a

74 595 221 672 temporis
242 593 340 672 spatio
362 593 437 655 baec
458 593 583 672 propior
605 590 677 651 bibi
695 593 818 652 omnino
832 608 894 652 non
908 598 1036 672 poterat,

75 676 128 738 illa
151 677 281 738 interior
303 677 477 755 corruptior
499 677 559 737 iarn
581 675 747 753 salsiorqoe
768 674 989 753 reperiebatur.

139 759 199 821 vll.
243 760 309 832 Quo
331 761 411 821 lacto
433 758 621 820 dubitatione
644 757 761 819 sublata
782 767 884 819 tantus
913 760 1038 820 incessit
1058 762 1072 814 l

76 846 183 913 timor,
211 851 245 904 ot
266 842 303 905 ad
325 852 492 905 extremum
514 861 617 904 casum
637 842 768 922 periculi
790 859 894 903 ornnes
916 842 1039 904 deducti

75 928 252 989 viderentur
272 935 361 1006 atque
383 928 437 989 alii
463 929 577 988 morari
599 925 755 988 Gaesarem
783 925 934 998 dicerent,
963 927 1038 1005 quin

74 1030 166 1074 nares
188 1010 392 1073 conscendere
413 1010 550 1082 iuberet,
579 1010 633 1071 alii
655 1009 751 1071 multo
772 1012 892 1088 gravius
912 1012 1037 1071 extime-

75 1103 197 1173 scerent
220 1092 365 1175 [casum],
388 1095 469 1174 quod
483 1112 582 1173 neque
598 1093 691 1154 celari
706 1093 901 1156 Alexandrini
916 1101 1038 1172 possent

75 1181 108 1240 in
131 1178 299 1258 apparanda
325 1180 411 1258 luga,
441 1196 510 1240 cnm
536 1185 598 1240 tam
625 1195 718 1257 parvo
757 1179 855 1256 spatio
891 1178 1038 1238 distarent

75 1262 116 1325 ab
138 1264 229 1339 ipsis,
252 1280 350 1341 neque
373 1262 436 1323 illis
457 1261 676 1324 inminentibus
698 1269 787 1341 atque
809 1261 1039 1341 insequentibus

74 1341 156 1402 ullus
178 1342 211 1402 iu
233 1359 323 1402 naves
343 1353 486 1422 receptus
513 1345 645 1404 daretur.
701 1345 773 1404 Erat
803 1352 903 1406 autern
931 1361 1037 1421 magna
1057 1356 1073 1404 2

74 1424 236 1487 multitudo
258 1425 476 1504 oppidanorum
497 1428 529 1486 in
551 1433 635 1505 parte
658 1425 806 1496 Caesaris,
830 1445 919 1506 quarn
941 1428 1037 1489 domi·

76 1509 158 1571 ciliis
180 1511 315 1587 ipsorum
338 1528 398 1570 non
418 1518 562 1579 moverat,
585 1508 665 1589 quod
686 1527 722 1570 ea
744 1529 776 1571 sc
798 1510 918 1572 ildelem
940 1512 1037 1590 palam

75 1595 187 1654 nostris
210 1611 276 1654 esse
298 1593 457 1654 simulabat
478 1600 509 1653 et
537 1593 698 1655 descivisse
727 1612 743 1654 a
771 1596 835 1654 suis
863 1594 1035 1655 videbatur:

74 1685 110 1739 ut
143 1675 219 1738 mihi
247 1676 429 1739 defendendi
451 1684 553 1738 essent
574 1676 769 1737 Alexandrini
790 1695 888 1756 neque
915 1677 1037 1739 fallaces

75 1779 142 1821 esse
164 1778 261 1840 neque
283 1763 449 1830 temerarii,
472 1760 625 1839 multaque
647 1761 742 1820 oratio
764 1761 876 1821 frustra
898 1759 1036 1822 absume·

75 1852 177 1914 retur;
201 1852 363 1906 cum'vero
385 1861 446 1905 uno
469 1852 604 1923 tempore
624 1850 654 1904 et
669 1845 750 1903 natio
767 1859 871 1905 eorum
886 1852 916 1904 et
931 1852 1037 1906 natura
1056 1854 1072 1904 3

75 1936 288 2006 cognoscatur,
313 1929 500 2007 aptissimum
522 1944 588 1989 esse
603 1926 660 1988 hoc
675 1943 769 2003 genus
784 1926 821 1987 ad
833 1927 1037 2007 proditionem

75 2011 214 2073 dubitare
236 2029 325 2072 nemo
346 2018 454 2092 potest.

139 2095 215 2156 vili.
259 2095 366 2157 Caesar
393 2113 517 2158 suorum
538 2097 679 2157 timorem
701 2095 905 2157 consolatione
916 2103 948 2158 et
963 2098 1035 2158 rati·
1057 2107 1071 2156 1

75 2199 133 2241 one
156 2177 321 2241 minuebat.
365 2176 439 2242 Nam
460 2181 560 2260 puteis
575 2181 665 2242 fossis
686 2198 793 2260 aquam
815 2180 935 2242 dulcem
949 2199 1036 2260 repe·

75 2265 133 2325 riri
155 2282 242 2342 posse
264 2263 455 2326 adfirmabat:
490 2265 590 2326 omnia
621 2266 703 2326 enim
738 2265 826 2326 litora
858 2258 1037 2326 naturaliter

75 2365 171 2426 aquae
194 2347 291 2409 dulcis
313 2366 404 2410 venas
424 2346 548 2409 babere.
598 2348 684 2420 Quod
706 2350 733 2408 si
756 2349 814 2410 alia
837 2356 917 2410 esset
938 2348 1037 2410 litoris
1056 2359 1072 2408 2

74 2432 213 2510 Aegyptii
245 2439 352 2493 natura
385 2439 473 2511 atque
506 2433 641 2494 omnium
683 2431 885 2511 reliquorum,
925 2440 1035 2503 umen,

74 2517 217 2595 quoniam
238 2534 320 2576 mare
347 2515 445 2577 libere
474 2523 627 2585 tenerent,
656 2532 755 2595 neque
781 2516 885 2578 hostes
910 2515 1037 2578 classem

75 2598 238 2669 haberent,
261 2600 420 2678 prohiberi
442 2617 507 2660 sese
529 2617 591 2661 non
612 2617 715 2679 posse,
739 2617 798 2679 quo
809 2601 910 2661 minus
925 2599 1036 2660 cotidie

74 2682 203 2744 navibus
225 2702 331 2764 aquam
353 2691 493 2763 peterent
514 2685 561 2744 vel
583 2702 600 2744 a
627 2686 748 2745 sinistra
776 2691 861 2762 parte
889 2702 908 2744 a
928 2684 1036 2746 Parae·

74 2768 160 2828 ionio
182 2767 229 2828 vel
252 2787 268 2828 a
291 2767 394 2829 dextra
417 2767 454 2828 ab
477 2768 590 2838 insula,
619 2786 694 2848 quae
717 2768 850 2828 diversae
872 2769 1036 2844 navigatio·

74 2868 130 2912 nes
164 2869 326 2930 numquam
353 2870 416 2912 uno
444 2859 579 2930 tempore
602 2850 735 2912 adversis
748 2853 845 2910 ventis
860 2849 1035 2928 praeclude-

74 2942 191 2996 rentur.
235 2935 334 3014 Fugae
356 2954 428 2997 vero
451 2935 568 2996 nullum
590 2953 656 2997 esse
679 2933 840 2995 eonsilium
862 2951 924 2994 non
939 2933 1072 2995 solome

73 3020 128 3090 ils,
152 3021 204 3098 qui
219 3021 347 3098 primam
362 3020 539 3098 dignitatem
555 3019 710 3088 haberent,
734 3019 786 3079 sed
801 3036 839 3079 ne
852 3020 892 3078 iis
904 3017 1036 3097 quidem,

73 3105 127 3183 qui
150 3103 227 3164 nihil
250 3112 462 3183 praeterquam
484 3103 520 3164 de
543 3106 603 3164 vita
625 3104 802 3180 cogitarent.
834 3103 960 3180 Magno
984 3121 1036 3164 ne·
1057 3115 1074 3163 t

73 3188 156 3266 gotio
180 3189 311 3267 impetus
333 3188 466 3249 hostium
488 3187 627 3248 adversos
641 3185 861 3248 munitionibus
876 3189 1035 3254 sustinere

73 3270 186 3349 quibus
208 3272 326 3332 relictis
347 3272 494 3334 nec‘loco
517 3288 573 3332 nec
596 3289 723 3332 numero
745 3288 834 3350 pares
856 3289 922 3332 esse
937 3290 1035 3349 posse.

72 3353 211 3433 Magnam
239 3363 338 3418 autem
366 3373 481 3417 moram
514 3363 544 3416 et
576 3355 783 3417 difficultatem
817 3373 972 3416 ascensum
1004 3357 1074 3414 ins

72 3436 165 3501 naves
186 3439 314 3511 habere,
343 3440 523 3519 praesertim
551 3457 588 3500 ex
615 3439 750 3519 scaphis;
788 3457 937 3501 summam
972 3455 1039 3497 esse
