2356 3870
374 210 705 271 ΟΑΡ.1Χ1111-11ΧΧΙ,
954 207 957 210 ¹
981 207 1027 274 19

54 363 176 441 saepius
199 363 338 422 iacerent
360 369 391 421 et
413 362 640 440 proficiscentes
667 360 799 422 Iulianos
826 363 1025 442 insequeren-

55 457 121 517 tur,
151 448 327 523 refugerent
353 449 513 513 instantes,
543 447 674 524 propius·
694 463 756 506 uon
785 447 966 508 accederent
992 455 1027 509 11

56 532 203 608 singulari
230 547 341 608 genere
364 547 481 608 pugnae
504 536 663 590 uterentur
685 546 796 609 eosque
819 531 927 592 iaculis
950 549 1021 593 con·

55 615 214 675 vulnerare
248 617 320 674 satis
353 632 418 675 esse
451 615 673 683 existimarent,
714 613 823 675 Caesar
861 615 1024 686 intellexit,

56 696 133 759 nihil
156 698 235 758 aliud
258 717 309 758 eos
332 701 451 768 conari,
486 700 545 759 nisi
572 705 606 758 ut
634 716 666 759 se
692 706 836 776 cogerent
866 707 964 760 castra
986 718 1025 760 eo-

56 784 123 844 locc
146 801 274 862 ponere,
305 782 356 843 ubi
385 785 506 844 omnino
535 800 628 861 aquae
649 781 727 842 nihil
750 790 845 852 esset,
873 792 907 844 ut
935 801 1021 844 exer·

56 869 134 927 citus
155 869 295 936 ieiunus,
318 869 370 945 qui
394 886 410 927 a
432 874 537 946 quarta
560 866 662 944 vigilia
684 884 778 945 usque
800 867 837 927 ad
855 867 964 928 boram
985 880 1020 927 x.

56 952 117 1012 diei
139 951 217 1012 nihil
239 959 402 1028 gustasset,
426 970 459 1012 ac
482 954 616 1011 iumenta
638 950 687 1011 siti
709 953 857 1029 perirent.

118 1034 206 1095 LXX.
251 1035 325 1096 Cum
353 1038 412 1096 iam
439 1034 476 1095 ad
504 1035 576 1096 solis
606 1052 746 1095 occasum
774 1042 871 1104 esset,
902 1043 932 1097 et
960 1048 1058 1098 nour

55 1127 135 1179 totos
157 1132 177 1179 c
199 1136 303 1198 passus
326 1122 357 1180 in
379 1120 485 1180 horam
508 1117 593 1199 [1111]
619 1127 698 1181 esset
719 1137 912 1198 progressus,
936 1122 1021 1199 equi·

55 1211 120 1263 tatu
153 1221 207 1263 suo
237 1212 362 1282 propter
390 1221 536 1282 equorum
565 1205 722 1265 interitum
745 1211 879 1266 extremo
902 1207 1021 1282 agmine

56 1296 189 1357 remoto,
220 1287 355 1364 legiones
378 1290 409 1348 in
432 1290 528 1348 vicem
551 1287 589 1347 ad
612 1297 779 1349 extremum
795 1306 902 1366 agmen
916 1307 1021 1350 evoca·

57 1371 118 1432 bat.
164 1371 206 1432 lta
229 1375 287 1432 vim
311 1373 443 1432 bostium
465 1371 582 1450 placide
598 1371 767 1451 leniterque
783 1372 951 1451 procedens
965 1390 1021 1453 per
1040 1383 1062 1431 1

56 1455 256 1535 legionarium
285 1456 412 1516 militem
446 1457 630 1517 commodius
663 1456 840 1517 sustinebat.
894 1455 1062 1518 interime
1161 1522 1164 1527 ,

57 1543 192 1619 equitum
226 1539 423 1600 Numidarum
464 1541 568 1618 copiae
607 1541 711 1600 dextra
746 1543 927 1620 sinistraque
965 1558 1021 1620 per

57 1624 150 1684 colles
172 1640 374 1702 praecurrere
397 1642 586 1702 coronaeque
609 1626 640 1684 in
663 1623 784 1684 modum
803 1627 926 1702 cingere
942 1624 1021 1685 mul·

56 1709 185 1768 titudine
214 1727 267 1768 sua
295 1708 430 1769 Caesaris
458 1711 575 1785 copias,
610 1724 680 1787 pars
713 1724 820 1786 agmen
854 1716 1022 1769 extremum
1074 1746 1081 1758 ·

56 1793 184 1871 insequi.
229 1793 366 1853 Caesaris
388 1799 487 1853 autem
510 1809 570 1853 non
593 1791 721 1870 amplius
743 1792 1060 1852 111111111111111-1

57 1884 103 1937 tes
124 1877 259 1938 veterani
280 1878 305 1937 si
328 1895 360 1938 se
383 1878 612 1944 convertissent,
636 1876 765 1954 amplius
788 1875 881 1937 duum
901 1875 1021 1936 milium

58 1979 184 2022 numero
206 1960 242 2021 ad
265 1979 358 2021 unum
380 1969 465 2038 terga
486 1959 643 2021 vertebant
664 1978 698 2020 ac
726 1977 832 2022 rursus
861 1959 897 2020 ad
925 1961 1021 2021 aciem

57 2048 170 2123 passim
193 2048 347 2105 conversis
370 2048 456 2122 equis
478 2064 510 2108 se
534 2043 717 2122 colligebant
745 2051 833 2124 atque
863 2045 895 2104 iu
924 2046 1020 2122 spatio

58 2129 319 2207 consequebantur
345 2128 378 2190 ’11
408 2130 505 2190 111111
534 2131 564 2190 11
601 2129 784 2206 legionarios
818 2129 1019 2190 coniciebant.

56 2213 101 2274 lta
124 2213 230 2274 Caesar
259 2213 346 2273 modo
374 2212 564 2292 procedendo
591 2212 680 2274 modo
708 2212 876 2274 resistendo
904 2212 1062 2274 111111115-

57 2300 167 2358 itinere
191 2300 328 2359 conlecto
351 2300 449 2370 noctis
471 2299 544 2360 hora
559 2299 657 2377 Prima
673 2314 776 2358 omnes
791 2315 861 2357 suos
876 2296 912 2356 ad
927 2314 1021 2357 unum

57 2384 90 2442 in
113 2392 210 2443 castra
233 2383 400 2443 incolumes
422 2384 572 2443 sauciis-x
587 2382 675 2443 iactis
694 2381 825 2442 reduxit.
869 2380 1021 2441 Labienus
1041 2384 1061 2432 6

57 2467 181 2528 circiter
203 2477 266 2526 ccc
289 2469 425 2543 amissis,
448 2467 552 2527 multis
573 2465 738 2525 vulneratis
760 2483 794 2525 ac
818 2464 944 2524 defessis
973 2467 1020 2524 in-

56 2550 162 2611 stando
194 2550 334 2610 omnibus
366 2551 402 2610 ad
429 2569 500 2610 suos
528 2568 561 2609 se
588 2551 714 2626 recepit.
769 2548 871 2627 Scipio
898 2549 1060 2609 interimi

57 2634 192 2712 legiones
219 2634 381 2712 productas
407 2652 478 2696 cum
506 2633 687 2713 elephantis,
723 2651 798 2712 quos
826 2639 894 2694 ante
923 2639 1021 2694 castra

57 2719 90 2777 in
118 2721 183 2778 1111
206 2722 333 2780 11111111
355 2721 452 2797 gratia
474 2720 508 2780 in
530 2725 694 2797 conspectu
717 2717 854 2779 Caesaris
881 2716 1019 2777 conloca·

55 2809 154 2869 verat,
178 2801 299 2862 reducit
320 2805 352 2863 11
374 2809 482 2864 castra.

120 2882 220 2944 Llllll.
267 2884 377 2948 Caesar
399 2894 505 2947 contra
526 2884 674 2947 eiusmodi
696 2884 827 2945 bostium
842 2899 952 2962 genera
968 2902 1019 2946 co·
1040 2885 1057 2934 1

56 2971 122 3048 pias
144 2987 213 3028 snas
235 2986 298 3029 111
320 2977 353 3030 11
376 2973 539 3047 imperator
558 2970 724 3032 exercitum
737 2976 912 3030 veteranum
925 2970 1018 3030 victo·

56 3071 179 3132 remque
209 3055 348 3113 maximis
376 3053 468 3115 rebus
496 3055 605 3131 gestis,
633 3053 686 3113 sed
713 3060 748 3114 ut
776 3052 884 3116 lanista
904 3054 1020 3114 tirones

55 3138 237 3215 gladiatores
260 3138 510 3207 condoceiacere:
540 3154 600 3216 quo
623 3136 699 3216 pede
727 3155 759 3199 se
786 3139 960 3217 reciperent
982 3135 1019 3197 ab

56 3223 141 3283 hoste
165 3229 195 3282 et
216 3221 465 3300 quemadmodum
488 3221 607 3283 obversi
628 3220 806 3283 adversariis
828 3229 858 3282 et
879 3223 911 3283 iu
926 3239 1019 3301 quan·

55 3307 120 3367 tulo
143 3309 238 3386 spatio
260 3309 453 3376 resisterent,
477 3306 565 3367 modo
587 3313 803 3385 procurrerent
823 3305 912 3367 modo
933 3322 1021 3366 rece·

54 3391 162 3451 derent
184 3392 501 3469 comminarenturque
525 3393 680 3470 impetum,
704 3408 738 3452 ac
760 3407 855 3470 prope
878 3407 936 3468 quo
952 3389 1020 3450 loco

54 3481 86 3535 et
108 3474 358 3553 quemadmodum
378 3475 440 3537 tela
461 3477 635 3550 mitterent,
656 3476 855 3558 praecipere.
895 3471 1081 3532 11111111
