2356 3870
457 230 645 289 remunito.
1018 230 1040 287 Υ·

94 417 148 474 que
163 414 273 456 uxorem
288 397 436 455 defunctas.
465 397 550 454 lluius
571 399 599 452 in
618 396 723 458 locum,
744 403 890 470 postquam
905 393 1042 450 Gallorum

92 481 343 557 Transpadanorum
365 481 499 536 civitatem
519 481 669 554 petentium
684 494 759 553 spem
774 477 948 540 confirmavit,
963 477 1043 532 Pom·

93 568 168 640 poia,
184 565 214 633 Q.
233 565 343 637 Pompei
357 562 415 620 llufi
429 562 497 627 lilia,
518 563 607 620 Sullae
624 571 718 636 nepte,
739 562 819 619 ducta
837 562 893 634 legi
914 559 1040 616 Gabiniae

93 649 126 704 de
141 664 195 704 uno
217 648 379 722 imperatore
400 653 494 702 contra
514 646 662 720 praedones
683 645 887 706 constituendo,
907 659 977 698 anno
999 659 1040 698 se·

94 732 189 803 quenti
204 729 259 802 legi
280 729 402 785 Maniliae
423 728 456 786 de
474 728 545 786 bello
560 729 738 786 Mithridatico
760 728 805 784 Cn.
820 728 947 800 Pompeio
959 713 1041 782 ’extra

96 813 216 868 ordinem
230 812 379 868 mandando
395 811 557 886 suffragatus
572 820 621 869 est.

157 896 269 951 Ineunte
290 911 360 951 anno
375 894 576 952 llCLllllllVllll.
597 895 673 968 prior
688 894 816 951 Catilinae
837 893 988 950 coniuratio
1009 891 1042 947 ad

94 981 201 1035 irritum
215 978 322 1034 redacta
337 984 393 1041 est,
414 977 490 1033 culus
505 978 538 1034 de
553 979 683 1035 societate
702 994 766 1034 num
781 979 877 1033 merito
897 975 1000 1031 venerit
1013 976 1040 1034 in

93 1063 289 1134 suspicionem.
304 1075 398 1133 parum
420 1067 533 1117 constat.
567 1061 667 1118 llodom
681 1076 750 1116 anno
770 1076 830 1117 cum
849 1059 882 1115 ll.
898 1058 1040 1131 Calpurnio

94 1137 189 1199 Bibulo
204 1143 339 1199 aedilitate
355 1143 440 1199 curuli
457 1144 565 1200 iunctus
585 1151 627 1200 est
641 1141 905 1216 magnificentissime
922 1141 1042 1215 llarique

94 1232 212 1280 statuam
233 1230 261 1278 et
282 1230 391 1295 tropaea
409 1228 542 1286 restituit,
564 1241 617 1297 qua
636 1244 666 1280 re
686 1242 739 1282 non
760 1226 849 1291 minus
871 1240 950 1298 quam
971 1223 1041 1286 ludir

95 1304 327 1379 splendidissimis,
342 1304 540 1378 largitionibus,
555 1301 622 1363 urbe
631 1309 703 1364 vario
720 1316 816 1381 ornatu
831 1307 934 1364 exculta
948 1305 1042 1380 pepuli

95 1390 212 1446 savorem
232 1388 283 1444 sibi
304 1388 463 1445 conciliavit
497 1390 574 1445 Anno
596 1396 659 1462 post
679 1388 712 1445 de
732 1390 835 1446 sicariis
857 1390 1042 1462 quaestionem

94 1474 222 1533 exercuit,
237 1473 326 1528 neeis
343 1471 449 1544 quidem
460 1471 493 1527 de
505 1473 663 1528 sicariorum
674 1488 787 1528 numero
800 1472 927 1545 exceptis,
944 1470 1041 1545 quibus

93 1555 202 1630 legibus
217 1553 347 1610 Corneliis
362 1561 469 1610 cautum
484 1562 549 1611 erat.
720 1607 722 1610 .

156 1641 234 1695 Anno
248 1636 415 1693 ltCLlllllllll.
436 1645 579 1711 postquam
598 1637 625 1694 P.
647 1638 759 1709 Servilio
778 1638 855 1694 Rullo
876 1646 970 1694 auctor
990 1639 1042 1694 luit

95 1722 164 1792 legis
180 1721 301 1792 agrariae
313 1719 522 1792 promulgandae
543 1721 628 1792 'Lque
639 1721 729 1776 Atium
743 1720 888 1794 Labienum
900 1729 934 1776 tr.
949 1719 985 1795 pl.
1001 1721 1039 1776 in·

95 1803 195 1857 struxit
216 1808 399 1857 accusatorem
424 1802 450 1857 C.
472 1801 575 1865 Rabiri,
603 1804 650 1875 qul
677 1802 711 1860 ob
731 1803 760 1859 L.
781 1803 880 1876 Apulei
905 1803 1041 1860 Saturnini

95 1894 128 1939 tr.
144 1883 181 1957 pl.
198 1883 306 1940 caedem
326 1884 520 1958 perduellionis
536 1885 741 1948 condemnatus,
763 1886 810 1942 sed
831 1887 860 1954 Q.
877 1887 974 1943 Caecili
988 1887 1041 1943 lle·

96 1965 152 2022 tolli
165 1965 264 2023 Celeris
275 1969 386 2040 auguris
396 1975 423 2024 et
437 1970 569 2042 praetoris
579 1969 775 2026 intercessione
790 1968 919 2026 liberatus
934 1977 983 2032 est,
999 1985 1038 2024 re·

95 2052 190 2126 stituta
205 2066 254 2123 per
268 2049 413 2106 Labienum
432 2052 493 2125 loge
507 2053 620 2109 llomitla
635 2053 668 2108 de
682 2052 852 2116 sacerdotiis,
875 2069 954 2126 quam
969 2051 1041 2109 Sulla

95 2132 283 2206 abrogaverat,
298 2133 419 2206 pontifex
433 2136 562 2192 maximus
578 2153 592 2192 a
607 2137 708 2210 poprdo
724 2143 830 2193 creatus
846 2144 895 2193 est.

156 2215 238 2272 Paulo
253 2222 316 2289 post
330 2225 440 2290 praetor
459 2219 629 2292 designatus,
649 2219 733 2276 altera
753 2222 937 2276 coniuratione
952 2220 1041 2277 Catill-

94 2299 169 2354 naria
184 2298 303 2362 detecta,
324 2315 380 2355 non
400 2303 485 2375 magis
512 2318 591 2375 quam
612 2304 728 2359 triennio
751 2311 813 2360 ante
833 2303 865 2359 ab
888 2304 1042 2377 suspicione

96 2383 275 2437 eonscientiae
289 2381 442 2449 abhorruit;
459 2387 613 2441 coniuratos
628 2402 697 2449 non,
712 2395 743 2442 ut
761 2386 852 2443 Cicero
868 2394 896 2442 et
910 2387 983 2450 Cato,
999 2404 1041 2444 ca·

94 2467 160 2538 pitis
176 2464 353 2529 damnandos,
368 2468 416 2522 sed
430 2484 479 2541 per
493 2470 637 2542 municipia
652 2471 680 2525 in
700 2470 813 2526 vinculis
828 2469 964 2526 habendos
980 2486 1040 2526 cen·

93 2549 158 2603 suit.
194 2547 294 2604 Senatu
316 2550 415 2605 iterum
435 2552 464 2607 in
479 2551 544 2608 aede
559 2551 722 2608 Concordiae
736 2553 827 2610 habito
843 2554 984 2627 egrediens
998 2554 1041 2609 vir

94 2649 109 2686 a
125 2631 267 2688 comitibus
278 2635 399 2707 equitum
412 2635 473 2693 tells
486 2643 595 2709 ereptus
608 2643 658 2699 est,
674 2636 848 2710 quamobrem
859 2635 966 2710 reliquo
979 2638 1040 2692 anni

93 2722 215 2788 tempore
230 2716 300 2772 dorni
316 2735 346 2776 se
362 2721 454 2776 tenuit.
1043 2776 1048 2783 ,

155 2796 266 2856 Praetor
276 2798 394 2857 urbanus
409 2802 461 2859 fult
476 2819 544 2859 anno
556 2801 734 2859 DCLllllllllIl.
747 2819 806 2858 cum
817 2803 849 2859 ll.
861 2803 964 2859 Bibulo.
990 2803 1040 2861 lio-
1124 2809 1126 2815 '

93 2880 202 2956 gatione
217 2882 251 2940 de
264 2882 413 2941 reiectione
434 2884 528 2960 templi
543 2885 699 2958 Capitolini,
723 2885 795 2960 quod
809 2885 863 2941 lllll
884 2887 960 2941 annis
980 2894 1041 2942 ante

93 2966 218 3022 incendio
239 2974 298 3025 erat
318 2976 521 3042 consumptum,
543 2986 558 3026 a
573 2970 602 3037 Q.
618 2969 726 3025 Lutatio
743 2967 835 3025 Catulo
857 2969 890 3024 ad
904 2969 949 3024 Cn.
965 2970 1039 3025 Pom·

91 3051 183 3124 peium
203 3049 388 3107 transferenda
407 3051 462 3108 non
481 3052 584 3126 perlata
601 3052 631 3121 Q.
649 3050 749 3107 lletelli
762 3052 873 3126 Nepotis
895 3060 928 3109 tr.
944 3052 981 3126 pl.
997 3069 1041 3108 ro·

92 3134 243 3205 gationem,
263 3140 294 3189 ut
315 3132 412 3190 absens
434 3135 528 3192 consul
549 3136 594 3192 Cn,
616 3136 759 3209 Pompeius
786 3135 876 3198 lieret,
897 3136 915 3191 l.
938 3151 961 3192 e.
977 3143 1009 3191 ut
1027 3152 1040 3191 a

91 3214 164 3272 bello
178 3216 358 3273 Mithridatico
373 3226 560 3282 revocaretur,
575 3218 690 3277 adduvit:
706 3234 759 3291 qua
774 3218 805 3274 de
821 3234 901 3275 causa
915 3235 975 3274 cum
987 3217 1041 3274 lle·

91 3297 157 3354 tello
178 3297 211 3354 ab
233 3298 464 3358 administratione
484 3303 523 3358 rel
548 3301 670 3376 publicae
697 3309 862 3364 summotus,
889 3302 936 3358 sed
959 3300 1041 3375 paulo

90 3388 156 3454 post
175 3382 204 3436 ln
223 3382 358 3456 integrum
378 3385 521 3441 restitutus
542 3392 590 3440 est.
626 3384 726 3441 Eodem
746 3400 815 3441 anno
837 3400 897 3440 cum
916 3384 1041 3458 Pompeia

90 3477 174 3520 uxore
191 3463 315 3522 adulterii
330 3470 390 3549 cum
404 3467 432 3523 P.
448 3467 540 3524 Clodio
555 3467 619 3525 lacti
634 3468 758 3529 convicta
771 3465 1012 3529 Cloatiumlectt.
