2356 3870
96 218 155 282 134
490 217 663 274 CAESARIS

95 369 202 448 νότητα
230 367 355 449 ῥήτορος
383 359 519 445 εὐφυοῦς
546 364 597 426 κοί
624 365 734 444 σχολήν
760 363 809 426 ἐπὶ
834 373 922 426 τοῦτο
947 362 1065 443 πολλήν

93 454 290 535 ἄγοντος-
252 453 373 515 -οιἀ
396 455 447 512 39.
489 448 542 510 Ἐκ
564 447 598 510 δὲ
624 448 731 511 τούτου
755 442 875 511 διετέλει
894 457 993 527 τιμιίν
1012 448 1065 510 καὶ

94 535 384 640 φιλοφρονούμενος,
407 533 481 596 ω’στε
495 533 546 595 καί
564 532 716 638 γράψαντι
731 532 820 613 λόγον
834 531 982 612 έγκύμιον
997 532 1064 593 Κά-

95 643 188 693 τωνος
209 616 403 700 άντιγράφων
424 619 477 678 τόν
497 641 528 679 τε
548 618 637 698 λύγον
658 613 754 680 αύτοῠ
775 617 824 678 καλ
850 613 902 677 τὸν
928 614 1045 696 6606‘
1022 641 1065 690 ως

94 704 268 787 μάλιστα
241 714 283 764 τώ
298 701 515 785 Περικλέονςέ
514 702 616 763 οικότα
637 725 687 762 και
679 700 895 781 Θηραμένους
916 699 1063 762 ἐπαινειν.

95 824 136 834 -
160 791 222 851 066.
237 775 317 851 1662.
334 794 384 849 11.
421 792 482 866 Τῆς
503 784 537 846 66
557 787 761 891 κληρονομίας
773 787 816 858 είς
837 782 932 846 αὐτόν
957 784 1065 846 τεκαὶ

94 874 261 954 θυγάτριον
287 882 342 933 τοῦ
369 873 529 976 166660609
560 867 694 949 ἡκούσης
726 865 823 931 ούθὲν
854 863 898 930 666
924 865 1065 947 άνήλωσε

95 958 163 1038 περὶ
189 957 242 1019 τδν
270 955 368 1058 τάφον
392 954 547 1059 άπήτησεν
572 952 606 1015 ἐν
637 964 694 1060 τῇ
701 953 834 1059 νεμήσει.
878 952 940 1013 Καὶ
966 963 1064 1014 ταῦτα

95 1041 262 1146 πράξαντρς
284 1037 381 1101 αύτοιῖ
401 1040 452 1099 καὶ
474 1038 651 1118 πράττοντος
672 1031 750 1117 666
778 1038 913 1142 γράψας,
942 1035 991 1097 ὅτι
1012 1059 1064 1098 κο-

97 1124 241 1207 σκίνῳ
211 1148 342 1202 τηνφ
287 1123 318 1184 τί
318 1146 399 1202 φραν
420 1132 475 1183 τοῦ
492 1131 598 1203 νεκροῦ
611 1119 751 1202 μετέβαλε
765 1121 816 1226 666
838 1119 966 1201 διήθησε
989 1145 1064 1201 γρυ-

96 1209 163 1269 σίον
190 1212 286 1314 ζητρῖν
312 1205 579 1286 κατακεκαυμένον.
627 1204 730 1279 Ούτως
758 1202 793 1267 ού
825 1215 869 1312 τρι
898 1207 978 1304 ξίφει
1008 1206 1064 1303 66-

97 1315 162 1371 606,
184 1290 257 1352 άλλά
272 1290 322 1352 καὶ
341 1302 383 1377 τῷ
397 1292 528 1375 γραφείῳ
542 1290 575 1352 τὸ
589 1284 808 1353 ἀνυπεύθυνον
821 1269 872 1351 καλ
893 1283 925 1350 τὸ
945 1285 1064 1352 άννπό-

97 1377 183 1436 δικον
204 1355 454 1437 ἐπίστευσεν-
483 1381 700 1448 36.--ιοῐς
727 1398 757 1437 τε
778 1373 877 1448 άλλοις
898 1373 1044 1453 φίλοις’
1022 1399 1064 1448 ως

97 1457 234 1520 οἰκιστῶν
264 1459 464 1564 προσέκρουσε
495 1458 546 1520 καλ
577 1452 630 1521 τδν
660 1455 935 1564 συνηθέστατονε
916 1457 1065 1521 απάντων

99 1543 280 1604 Μουνάτιον
300 1541 383 1617 εἰς’
369 1542 462 1624 οργήυ
489 1539 589 1624 ὀλίγον
616 1545 682 1647 6666
708 1540 873 1623 άνήκεστον
898 1542 1065 1648 γενομένην

98 1626 247 1708 ἐνέβαλεν,
274 1625 350 1689 άίστε
376 1627 428 1689 καί
455 1628 596 1730 Καίσαρι
610 1626 755 1709 γράφοντι
790 1627 878 1708 λόγον
904 1627 979 1688 κατά
1010 1638 1064 1690 του

99 1712 242 1785 Κάτωνος
263 1711 446 1793 πικροτάτην
459 1722 546 1774 τοῦτο
567 1708 599 1773 τὸ
620 1711 707 1857 μέρος
728 1721 781 1792 τῆς
795 1713 972 1818 κατηγορίας
995 1713 1062 1773 δια-

98 1795 231 1876 τριβήν
217 1803 460 1900 παρασχεῖν-
419 1800 611 1858 -52-
572 1793 674 1857 -άν
675 1795 760 1877 έλαβε
783 1794 873 1895 πάλιρ
894 1795 950 1875 τήν
967 1800 1063 1878 Μαρ-

100 1881 171 1941 κίαν
191 1880 379 1961 χηρεύουσαν
400 1879 450 1942 έπλ
465 1880 592 1960 χρήμασι
605 1885 733 1954 πολλοῖς.
773 1877 813 1940 ‘0
834 1870 890 1988 γάρ
901 1877 1062 1962 Ὁρτήσιος

97 1963 244 2043 θνήσκων
266 1964 384 2043 έκείνην
408 1961 531 2025 ἀπέλιπε
553 1964 744 2045 κληρονόμον.
789 1962 884 2037 Ε”ίς
866 1988 883 2025 ο
904 1965 943 2043 δή
972 1965 1060 2043 μάλι-

98 2065 152 2108 στα
178 2045 444 2128 λοιδορούμενος*
430 2071 446 2108 ο
474 2053 592 2130 Καῖσαρ
624 2058 663 2132 τῷ
696 2049 817 2109 Κάτωνι
849 2049 1063 2125 φιλοπλουτίαν

98 2130 240 2210 προφέρει
254 2129 305 2191 καὶ
325 2133 511 2210 μισθαρνίαν
525 2131 573 2194 έπλ
590 2142 635 2238 τρί
656 2128 747 2240 γάμῳ.
793 2132 831 2192 Τί
849 2132 918 2238 γάρ
927 2131 986 2193 έδει
1001 2154 1061 2193 πα·

99 2222 244 2315 ραχωρεῖν
265 2214 408 2359 δεόμενρν
429 2209 602 2296 γνναικδςη
590 2195 686 2295 ”666
666 2241 706 2295 η
696 2215 863 2294 δεομενον
876 2209 1003 2289 αύθις’
984 2240 1061 2278 ανα-

96 2295 329 2405 666666666,el
353 2298 393 2378 66
421 2299 523 2382 δέλεαρ
551 2297 625 2376 έξ’
606 2311 699 2381 αρχῆς
724 2297 841 2379 ὑφείθη
870 2299 902 2360 ιδ
934 2300 1063 2379 γύναιον

96 2380 236 2468 Ὁρτησίῳ
262 2382 313 2445 καί
340 2382 413 2444 νέαν
431 2385 618 2528 ἑέχρησεν,”
601 2408 652 2444 ινα
679 2383 825 2444 πλουσίαν
849 2379 998 2490 6606663
1019 2421 1062 2431 -

99 2471 228 2530 64.-
187 2469 374 2548 -Σερβιλί
372 2492 411 2530 ον
431 2466 592 2549 ἐπηγάγετο
613 2468 668 2547 τήν
687 2464 821 2572 ἀδελφήν
847 2467 897 2528 καὶ
922 2489 955 2528 το
977 2474 1061 2576 Λερ-

100 2552 225 2614 κούλλου
247 2554 369 2613 παιδίον
396 2551 427 2626 ἐξ
455 2553 569 2630 έκείνης
598 2550 728 2633 γεγονός.
748 2548 982 2648 Ἠκολούθησε
997 2552 1061 2656 γάρ

100 2632 181 2719 αύτῷ
209 2636 374 2739 χηρεύουσα
401 2635 452 2696 καὶ
472 2635 547 2696 πολὺ
575 2647 636 2697 των
657 2637 699 2708 είς
726 2626 759 2695 ιδ
782 2631 945 2697 ἀκόλαστον
966 2633 1061 2744 αύτής

99 2699 250 2800 διαβολῶν
277 2716 402 2797 άφεῖλεν
427 2717 569 2781 ὑποδῦσα
600 2719 657 2798 τήν
688 2712 748 2780 ύπὸ
775 2719 894 2781 Κάτωνι
925 2721 1063 2800 φρουράν

99 2802 150 2863 καί
176 2802 295 2882 πλάνην
323 2804 374 2864 καί
403 2805 524 2865 δίαιταν
550 2802 700 2877 ἑκουσίως.
742 2800 857 2863 ‚mn
840 2828 855 2864 0
882 2827 915 2884 γε
942 2808 1062 2885 Καῖσαρ

99 2883 169 2947 0666
191 2896 253 2948 των
275 2887 312 2948 έπ
275 2883 404 2949 έ’ίέκε
391 2888 439 2972 ίνη
461 2891 660 2968 βλασφημιων
681 2897 735 2949 τοῦ
749 2884 891 2961 Κάτωνος
914 2886 982 2966 έφεί
979 2905 1061 2950 σατο.

166 2976 225 3036 060.
250 2978 319 3051 Pop.
344 2980 394 3052 25,
420 2981 558 3039 96—
516 2998 649 3038 —aum
671 2977 784 3055 aliquid
807 2979 844 3038 de
857 2976 997 3053 utilitate,
1012 2981 1062 3039 ho·

97 3068 227 3138 uastata,
255 3067 406 3142 aequitate
433 3068 589 3126 dissentur
614 3068 688 3126 deve
716 3067 758 3126 eis
786 3069 888 3140 rebus,
916 3085 992 3143 quae
1015 3068 1062 3128 hia

99 3157 169 3213 aunt
191 3154 363 3226 contrariae,
386 3154 541 3214 incurrunt
564 3159 660 3215 status
683 3157 736 3215 aut
757 3156 830 3214 iuria
845 3158 898 3214 aul
919 3155 1062 3231 nominia;

99 3241 179 3315 quod
200 3242 280 3300 idem
303 3241 449 3319 contingit
471 3244 502 3301 in
524 3245 756 3305 laudaffionibua:
783 3263 854 3302 nam
878 3248 930 3303 aut
956 3245 1064 3320 negari

98 3331 198 3402 polest
218 3330 250 3386 id
271 3329 383 3388 factum
406 3349 484 3404 esse,
512 3333 590 3405 quod
612 3332 762 3406 laudetur,
791 3335 844 3390 aut
870 3350 930 3391 non
953 3351 988 3392 60
1010 3352 1063 3393 no-

98 3414 177 3475 mine
199 3415 408 3491 adfieiendum,
436 3437 495 3493 quo
521 3420 659 3479 laudator
680 3421 834 3494 adfecerit,
862 3422 916 3478 aut
941 3423 1063 3482 omnino

88 3522 150 3566 σου
176 3524 241 3569 esse
269 3505 436 3583 laudabile,
464 3506 545 3585 quod
569 3526 633 3567 nau
654 3509 753 3580 tuelle,
772 3527 837 3566 um
857 3507 925 3566 ’τοτε
949 3509 1063 3570 factum
