2356 3870
123 204 166 271 64
443 208 491 264 DE
512 208 628 264 DELLO
652 207 761 264 civim

122 377 258 436 homines
274 376 402 453 equique
418 372 675 453 producebantur,
691 383 739 443 ut,
755 371 899 453 quidquid
914 371 1084 434 intercede·

122 469 170 521 ret
185 462 345 538 temporis,
367 459 423 518 hoc
439 476 525 518 omne
540 460 695 518 victoriam
710 460 820 517 morari
842 457 1004 518 videretur.
1039 455 1084 517 Ita

96 546 186 623 sspei
203 544 341 604 Curionis
356 540 484 603 militurn
500 542 597 602 studia
616 560 676 601 non
690 541 824 603 deerant.
859 540 983 620 Equites
997 543 1085 617 sequi

122 627 207 687 iubet
227 643 292 687 sese
315 628 432 704 iterque
453 625 616 693 accelerat,
646 632 786 703 utquam
807 627 935 686 maxime
955 643 994 685 ex
1012 624 1085 702 iuga

122 712 301 790 perterritos
314 710 429 771 adoriri
440 715 551 789 posset.
573 710 611 769 At
625 709 668 769 illi
684 711 792 769 itinere
805 711 895 769 totius
906 709 1004 769 noctis
1014 726 1084 768 con-

122 796 193 854 lecti
214 794 356 873 subsequi
374 813 433 855 non
451 800 605 873 poterant,
627 799 723 873 atque
736 793 786 853 alii
807 793 865 853 alio
880 792 944 853 loco
959 794 1084 853 resiste-

123 877 205 939 bant.
235 877 280 938 Ne
295 879 368 938 haec
380 878 500 956 quidem
515 893 564 938 res
575 877 734 937 Curionem
750 876 786 937 ad
802 894 886 955 spem
900 875 1084 938 morabatur.

97 968 113 1020 t
186 961 306 1023 XXXX.
341 961 413 1022 luha
435 963 546 1022 certior
566 961 662 1021 iactus
688 980 704 1022 a
726 960 858 1021 Saburra
879 960 916 1021 de
935 969 1086 1021 nocturno

37 1079 39 1089 ·
122 1047 238 1125 proelio
257 1059 285 1104 11
304 1046 386 1105 milia
402 1045 600 1123 Hispanorum
621 1052 651 1104 et
666 1043 815 1106 Gallorum
837 1046 987 1123 equiturn,
1009 1063 1086 1124 quos

123 1148 194 1191 suae
210 1129 362 1189 custodiae
377 1146 466 1189 causa
481 1130 593 1188 circum
609 1147 641 1190 se
661 1128 773 1189 habere
789 1136 960 1197 consuerat,
984 1135 1015 1188 et
1033 1146 1085 1206 pe·

123 1213 218 1274 ditum
245 1231 309 1273 eam
335 1219 465 1291 partem,
495 1214 545 1272 cui
570 1214 698 1273 maxime
720 1211 901 1282 confidebat,
931 1211 1084 1272 Saburrae

124 1298 287 1366 summisit:
302 1299 367 1375 ipse
383 1314 450 1356 cum
465 1296 592 1374 reliquis
607 1298 702 1374 copiis
717 1297 941 1375 elephantisque
956 1309 1004 1355 Lx
1019 1296 1084 1356 len·

96 1383 184 1441 etius
205 1380 406 1458 subsequitur.
443 1379 616 1458 Suspicatus
630 1382 804 1458 praemissis
818 1379 971 1459 equitibus
984 1382 1084 1458 ipsum

124 1464 214 1524 allore
230 1463 390 1525 Curionem
407 1463 540 1524 Saburra
560 1466 661 1543 copias
675 1467 809 1542 equitum
829 1463 1021 1543 peditumque
1036 1465 1084 1524 in·

123 1550 215 1608 struit
229 1554 319 1627 atque
333 1546 382 1608 his
396 1549 539 1627 imperat,
557 1554 589 1608 ut
604 1548 793 1609 simulatione
808 1549 925 1608 timoris
940 1547 1084 1626 paulatim

124 1632 232 1692 cedant
247 1649 281 1692 ac
296 1632 403 1710 pedem
419 1633 567 1692 reserant:
583 1650 663 1702 sese,
680 1651 747 1693 cum
762 1650 837 1711 opus
853 1637 945 1700 esset,
963 1633 1084 1709 signum

123 1715 229 1795 proelii
246 1716 384 1776 daturum
400 1723 444 1785 et,
466 1716 544 1795 quod
560 1734 623 1776 rem
638 1716 788 1795 postulare
803 1717 1004 1793 cognovisset,
1026 1718 1083 1776 im·

95 1807 306 1878 8peraturum.
336 1800 435 1870 Curio,
450 1801 487 1861 ad
503 1802 688 1878 superiorem
704 1818 787 1879 spem
802 1800 900 1861 addita
915 1803 1084 1879 praesentis

121 1886 266 1964 temporis
286 1886 440 1963 opinione,
472 1882 572 1944 hostes
592 1885 698 1960 lugere
718 1883 894 1954 arbitratus,
922 1885 1024 1963 copias
1045 1901 1084 1945 ex

121 1969 196 2028 locis
210 1968 415 2046 superioribus
429 1970 462 2028 in
476 1985 613 2047 campum
628 1967 720 2028 ducit.

96 2061 111 2109 1
186 2051 319 2111 XXXXl.
336 2050 451 2121 Quibus
462 2070 496 2111 ex
509 2051 582 2111 locis
593 2069 661 2111 cum
672 2053 791 2130 longius
805 2060 884 2114 esset
894 2069 1082 2132 progressus,

122 2135 257 2194 coniecto
272 2137 331 2194 iam
346 2134 447 2195 labore
463 2137 598 2195 exercitu
612 2148 674 2195 xvl
695 2136 809 2197 milium
824 2138 920 2216 spatio
935 2138 1081 2199 constitit.

95 2227 111 2276 2
123 2217 179 2278 Dat
188 2219 251 2278 suis
263 2220 380 2295 signum
393 2218 533 2289 Saburra,
547 2221 642 2279 aciem
654 2222 807 2282 constituit
819 2227 849 2280 et
861 2222 1020 2280 circumire
1031 2239 1082 2281 or·

123 2301 209 2361 dines
224 2309 312 2380 atque
327 2303 444 2363 hortari
459 2305 582 2382 incipit;
605 2304 656 2364 sed
672 2305 806 2383 peditatu
821 2304 962 2364 duntaxat
975 2306 1081 2383 procul

94 2385 161 2445 aad
180 2387 310 2464 speciem
331 2389 440 2456 utitur,
463 2389 581 2467 equites
600 2389 641 2448 in
653 2391 747 2448 aciem
768 2390 868 2449 mittit.
911 2386 978 2448 Non
997 2387 1083 2449 deest

122 2471 241 2547 negotio
257 2470 347 2530 Curio
368 2489 496 2550 suosque
511 2471 663 2541 bortatur,
687 2480 721 2532 ut
736 2491 819 2551 spem
834 2490 953 2533 ornnem
972 2473 1004 2532 in
1019 2474 1081 2532 vir·

121 2560 184 2613 tute
204 2561 361 2632 reponant.
396 2554 439 2615 Ne
455 2555 601 2616 militibus
616 2556 752 2634 quidem,
773 2564 807 2617 ut
821 2557 961 2626 defessis,
982 2574 1082 2636 neque

122 2637 288 2715 equitibus,
311 2644 344 2697 ut
358 2640 462 2716 paucis
477 2645 506 2698 et
520 2638 622 2699 labore
643 2641 801 2710 conlectis,
823 2641 954 2701 studium
975 2639 1012 2700 ad
1027 2658 1081 2719 pu·

121 2720 270 2799 gnandum
285 2723 438 2801 virtusque
454 2722 574 2792 deerat;
597 2722 651 2783 sed
665 2724 697 2783 hi
713 2731 799 2784 erant
812 2743 937 2785 numero
952 2736 1008 2793 ce,
1030 2742 1080 2785 re·

94 2805 197 2884 tliqui
212 2807 243 2865 in
258 2807 367 2865 itinere
383 2805 589 2868 substiterant.
616 2807 669 2877 lli,
686 2827 901 2889 quamcumque
917 2810 948 2868 in
963 2815 1081 2890 partem

120 2891 263 2966 impetum
284 2890 432 2959 fecerant,
453 2891 554 2952 hostes
568 2891 633 2951 loco
648 2893 756 2953 cedere
777 2892 937 2970 cogebant,
957 2892 1011 2952 sed
1026 2911 1079 2953 ne-

120 2990 177 3051 que
201 2972 318 3050 longius
343 2975 492 3051 fugientes
512 2977 655 3054 prosequi
678 2994 735 3036 nec
757 2977 961 3037 vehementius
987 2994 1080 3055 equos

94 3057 247 3115 tincitare
262 3064 413 3135 poterant.
434 3059 471 3118 At
486 3061 637 3138 equitatus
648 3060 778 3121 hostium
793 3060 830 3120 ab
846 3069 971 3138 utroque
985 3077 1081 3121 cornu

93 3140 251 3199 tcircuire
267 3142 362 3201 aciem
376 3150 507 3203 nostram
522 3151 551 3204 et
566 3161 685 3206 aversos
699 3150 854 3223 proterere
869 3145 984 3223 incipit.
1005 3144 1081 3206 Cum

120 3222 258 3283 cobortes
278 3241 314 3284 ex
334 3227 398 3285 acie
413 3228 687 3304 procucurrissent,
708 3227 852 3289 Numidae
873 3229 983 3304 integri
999 3228 1079 3288 cele·

120 3309 208 3366 ritate
219 3309 365 3385 impetum
376 3318 546 3371 nostrorum
561 3310 750 3389 effugiebant,
767 3329 929 3391 rursusque
945 3310 981 3371 ad
998 3311 1079 3371 ordi·

120 3407 174 3449 nes
189 3408 258 3451 suos
268 3409 300 3452 se
311 3395 494 3472 recipientes
509 3393 679 3455 circuibant
694 3401 724 3455 et
740 3394 777 3456 ab
790 3399 855 3457 acie
871 3395 1079 3457 excludebant.

117 3471 170 3534 Sic
182 3491 281 3558 neque
301 3477 333 3539 in
351 3477 416 3538 loco
430 3497 551 3540 manere
566 3480 745 3562 ordinesque
762 3498 880 3541 serrare
896 3497 993 3563 neque
1007 3497 1079 3562 pro·
