2356 3870
284 244 286 248 ·
344 223 420 279 CAP.
435 223 778 280 LXXVIlII-LXXXIH.
1001 221 1044 286 85

78 373 183 432 ‹lextro
212 375 393 451 sinistroque
424 391 517 433 cornu
545 373 721 443 collocatos,
757 382 787 434 et
819 374 915 436 nihilo
942 377 1043 436 minus

78 465 193 536 partem
216 457 347 517 militum
370 465 466 517 castra
489 476 550 520 non
572 461 719 536 ignaviter
741 462 871 528 munire,
895 463 960 537 ipse
977 463 1042 521 acic

79 542 192 620 triplici
205 541 360 610 collocata,
384 541 502 619 legione
518 556 551 601 x.
564 553 701 622 x111.que
713 543 817 604 dextro
831 561 935 614 cornu,
950 558 1040 603 xlm.

78 635 202 686 etvini.
212 622 334 686 sinistro
343 629 498 704 oppositis,
511 638 541 685 V.
555 627 684 704 legionis
694 630 726 687 ln
738 636 842 707 quarta
855 631 919 689 acie
929 629 966 688 ad
978 630 1041 706 ipsa

79 729 190 771 cornua
212 713 311 790 quinis
328 711 502 771 cohortibus
518 719 621 771 contra
638 710 748 771 bestias
764 712 926 782 collocatio,
949 716 1037 791 sagit·

79 798 176 864 laniis,
201 794 406 856 funditoribus
429 797 460 854 in
483 797 619 875 utrisque
640 796 785 856 cornibus
801 796 953 874 dispositis
968 797 1041 858 levi·

78 899 136 960 que
167 887 316 941 armatura
346 881 426 939 inter
459 881 574 958 equites
608 882 780 949 interiecta,
816 883 880 958 ipse
912 881 1042 958 pedibus

79 967 191 1026 circum
213 963 325 1025 milites
341 981 523 1025 concursans
535 966 720 1044 virtutesque
730 973 941 1026 veteranorum
953 983 1040 1042 proe-

78 1050 178 1127 liaque
212 1053 367 1126 superiora
408 1066 644 1110 commemorans
682 1047 848 1129 blandeque
884 1049 1050 1127 appellans

78 1136 195 1193 animos
223 1150 328 1194 eorum
358 1131 516 1192 excitabat.
565 1134 693 1193 'linones
722 1142 837 1202 autern,
866 1135 919 1211 qui
953 1152 1075 1201 uum-2

78 1236 167 1296 quam
190 1219 221 1277 in
244 1219 309 1277 acie
332 1216 539 1285 dimicassent,
563 1217 749 1286 hortabatur,
774 1225 807 1278 ut
828 1225 1039 1278 veteranorum

79 1305 219 1362 virtutem
235 1301 457 1362 aemularentur
473 1318 636 1380 eorumque
653 1302 772 1371 lamam,
797 1301 906 1370 locum,
930 1319 1039 1361 nomen

80 1387 205 1445 victoria
227 1393 312 1464 parta
334 1393 479 1464 cuperent
501 1385 664 1463 possidere.

142 1468 282 1529 Lxxxu,
327 1469 429 1549 ltaque
452 1473 484 1529 in
506 1469 720 1529 circumeundo
743 1470 875 1530 exercitu
904 1469 1037 1529 animad·
1061 1488 1075 1536 1

78 1556 178 1623 vertit,
202 1554 303 1614 hostes
326 1556 406 1614 circa
430 1553 536 1613 vallum
558 1554 707 1632 trepidare
729 1561 817 1632 atque
842 1554 922 1613 ultro
948 1557 1039 1613 citro·

79 1656 135 1716 que
151 1639 273 1716 pavidos
290 1654 469 1698 concursare
485 1645 514 1696 et
528 1636 616 1696 modo
631 1655 664 1696 se
680 1640 758 1697 intra
774 1645 876 1715 portas
891 1641 1038 1715 recipere,

79 1721 166 1782 modo
189 1724 395 1782 inconstanter
417 1720 670 1800 immoderateque
693 1721 826 1798 prodire.
871 1721 944 1799 Cum
960 1721 1040 1781 idem
1060 1737 1076 1785 a

79 1824 96 1865 a
127 1804 265 1884 pluribus
293 1806 488 1865 animadverti
517 1814 656 1882 coeptum
684 1813 778 1877 esset,
816 1802 916 1864 subito
950 1804 1040 1880 legati
1070 1811 1079 1865 .’

80 1893 253 1969 evocatique
283 1889 442 1949 obsecrare
466 1889 636 1955 Caesarem,
668 1904 706 1948 ne
738 1887 889 1948 dubitaret
922 1889 1039 1964 signum

80 1975 165 2034 dare:
191 1976 345 2033 victoriam
368 1973 427 2032 sibi
450 1975 604 2051 propriam
627 1991 643 2032 a
666 1972 713 2033 dis
734 1970 945 2032 inmortalibus
971 1990 1039 2049 por·

79 2057 173 2118 tendi.
196 2056 359 2118 Dubitante
374 2058 499 2118 Caesare
516 2064 604 2132 atque
620 2075 725 2117 eorum
746 2056 845 2116 studio
868 2055 1039 2133 cupiditati·
1060 2071 1076 2121 a

80 2161 137 2219 que
160 2144 319 2201 resistente
343 2141 461 2219 sibique
489 2144 647 2219 eruptione
674 2143 802 2218 pugnari
830 2158 892 2201 non
920 2141 1041 2218 placere

80 2226 250 2285 clamitante
286 2235 314 2285 et
348 2227 437 2285 etlam
462 2233 557 2305 atque
590 2227 680 2284 etiam
715 2227 811 2285 aciem
845 2231 1040 2290 sustentante,

80 2309 180 2369 subito
203 2308 308 2369 dextro
330 2327 424 2369 cornu
447 2311 563 2369 iniussu
576 2309 712 2369 Caesaris
724 2308 845 2369 tubicen
861 2327 878 2368 a
892 2308 1041 2368 militibus

80 2401 204 2453 coactus
228 2411 336 2452 canere
360 2395 467 2470 coepit.
517 2394 581 2464 Quo
603 2394 682 2453 lacto
705 2393 742 2452 ab
764 2394 914 2452 universis
934 2392 1078 2456 cohor-t

83 2477 162 2536 tibus
185 2479 270 2554 signa
287 2478 317 2536 in
332 2476 449 2536 hostem
473 2494 600 2555 coepere
623 2478 739 2543 inferri,
764 2494 833 2536 cum
848 2478 1041 2536 centuriones

80 2569 203 2638 pectore
227 2561 350 2620 adverso
380 2563 557 2620 resisterent
584 2562 672 2639 rique
701 2561 890 2620 continerent
918 2559 1039 2626 milites,

81 2662 119 2704 ne
152 2646 268 2704 iniussu
301 2647 491 2722 imperatoris
524 2651 760 2713 concurrerent,
794 2661 850 2705 nec
883 2645 1041 2722 quicquam

80 2728 272 2806 proficerent.
434 2764 438 2771 -

143 2810 298 2871 LXXXIII.
343 2808 429 2883 Quod
440 2821 595 2892 postquam
610 2812 718 2872 Caesar
733 2810 890 2879 intellexit,
902 2811 1042 2870 incitatis
1062 2819 1076 2869 t

81 2895 209 2955 militum
233 2898 340 2956 animis
362 2898 462 2955 resisti
484 2896 566 2957 nutlo
588 2896 676 2955 modo
699 2912 802 2973 posse,
826 2896 911 2972 signo
934 2893 1041 2955 Felici·

80 2981 151 3039 tatis
174 2979 241 3040 dato
265 2998 340 3058 equo
365 2978 494 3039 admisso
517 2982 548 3038 in
571 2980 688 3039 bostem
711 2987 814 3040 contra
828 2979 982 3056 principes
997 2979 1041 3037 ire

81 3063 244 3124 contendit.
295 3066 318 3122 Α
341 3064 445 3123 dextro
468 3065 590 3123 interim
612 3081 707 3124 cornu
731 3063 899 3123 funditores
921 3065 1077 3140 sagitta-2

81 3149 180 3225 riique
204 3150 320 3208 concita
351 3147 408 3206 tela
437 3149 469 3207 in
498 3147 672 3226 elephantos
701 3149 875 3226 frequentes
902 3149 1040 3208 iniciunt.

80 3231 145 3301 Quo
169 3232 248 3293 iacto
271 3231 385 3292 bestiae
408 3230 538 3292 stridore
567 3231 726 3291 landarum
754 3230 945 3309 lapidumque
973 3248 1041 3307 per·

80 3316 204 3375 territae
238 3334 304 3375 sese
338 3323 512 3375 convertere
546 3323 576 3375 et
609 3333 680 3375 suos
712 3323 781 3392 post
808 3333 840 3375 se
869 3315 1042 3392 trequentes

79 3400 263 3479 stipatosque
286 3407 441 3478 proterere
464 3407 494 3458 et
516 3396 548 3460 in
564 3407 665 3477 portas
680 3399 748 3459 valli
765 3400 937 3459 semifactas
953 3415 1041 3459 ruere

80 3484 276 3543 contendunt.
321 3483 395 3543 item
417 3483 513 3543 blauri
537 3485 669 3564 equites,
693 3486 747 3565 qui
768 3482 941 3545 incudem
960 3495 1064 3538 emma
1077 3489 1101 3531 ‘s
