2356 3870
227 227 341 283 court.
355 228 390 284 u.
412 227 489 283 cur.
503 227 881 312 xxuvuu-xxxxui.
978 223 1022 290 65

58 410 183 454 currere
204 398 234 452 et
254 411 354 453 casum
376 392 477 453 subire
497 400 594 453 tutum
614 393 780 454 videbatur.
813 392 949 455 Hostium
969 399 1044 454 col
1092 398 1100 423 '

58 478 128 556 piae
150 478 316 537 summissis
336 476 373 537 ab
394 494 465 554 rege
484 477 606 538 auxiliis
621 477 728 537 crebro
744 476 943 555 augebantur;
966 497 1020 538 no-

59 568 140 621 stros
160 562 242 622 vires
261 560 435 621 lassitudine
455 560 647 633 deficiebant,
670 561 757 622 simul
772 564 810 630 ii,
831 565 882 641 qui
897 563 1020 623 vrdnera

58 650 253 723 acceperant,
274 662 371 723 neque
392 647 456 705 acie
478 644 624 705 excedere
644 663 742 724 neque
763 647 795 705 in
811 646 908 706 locum
923 653 1020 707 tutum

58 730 169 788 referri
184 735 332 807 poterant,
349 729 427 808 quod
443 736 503 788 tota
514 731 595 788 acies
605 731 740 806 equitatu
749 730 880 801 hostiurn
891 733 1019 791 circum-

59 812 127 873 data
142 812 310 872 tenebatur.
340 813 378 872 Hi
394 813 430 872 de
446 830 499 890 sua
514 812 606 872 salute
622 812 822 891 desperantes,
839 820 872 873 ut
886 822 1045 875 extremos

58 897 137 956 vitae
152 903 286 975 tempore
301 896 438 955 homines
451 897 551 956 lacere
566 904 756 966 consuerunt,
775 904 825 956 aut
841 915 924 958 suam
939 917 1018 958 mor·

58 986 120 1040 tem
139 979 360 1040 miserabantur
381 985 431 1040 aut
450 987 590 1058 parentes
611 997 680 1040 suos
701 979 962 1052 commendabant,
993 985 1018 1042 si
1115 1032 1121 1045 ,

57 1082 134 1143 quos
149 1082 185 1123 ex
200 1082 235 1123 eo
246 1063 379 1141 periculo
390 1064 509 1124 fortuna
521 1081 639 1124 servare
650 1066 808 1143 potuisset.
831 1065 922 1126 Plena
934 1073 1019 1126 erant

58 1149 157 1208 omnia
171 1149 288 1207 timoris
305 1155 335 1207 et
349 1146 456 1207 luctus.

122 1231 269 1292 xxxxii.
293 1232 392 1301 Curio,
409 1231 462 1292 ubi
474 1233 643 1311 perterritis
654 1232 792 1294 omnibus
803 1251 899 1312 neque
912 1235 1043 1294 cohor-1

56 1318 187 1377 tationes
202 1333 269 1376 suas
282 1333 379 1394 neque
393 1333 498 1394 preces
513 1315 610 1377 audiri
625 1315 788 1394 intellegit,
812 1335 916 1387 unam,
938 1320 1018 1378 utin

56 1402 178 1460 miseris
192 1399 294 1469 rebus,
314 1417 397 1478 spem
411 1399 554 1478 reliquam
569 1399 673 1460 salutis
689 1419 753 1462 esse
769 1401 933 1462 arbitratus
947 1421 1019 1481 pro·

56 1487 154 1545 ximos
175 1483 264 1544 colles
284 1501 390 1563 capere
411 1487 565 1544 universos
586 1490 673 1562 atque
695 1503 731 1545 eo
752 1488 835 1562 signa
850 1487 957 1546 inferri
971 1489 1017 1546 iu·

57 1567 120 1628 bet.
150 1568 210 1627 Hos
224 1586 341 1647 quoque
356 1574 555 1646 praeoccupat
565 1569 700 1628 missusa
715 1568 846 1630 Saburra
858 1572 1017 1648 equitatus.

57 1651 135 1711 Turn
156 1670 226 1711 vero
247 1652 282 1711 ad
304 1670 447 1711 summam
467 1652 704 1728 desperationem
724 1655 819 1713 nostri
841 1654 1045 1732 perveniunt2
1059 1670 1066 1737 Ἰ

57 1743 90 1796 et
102 1737 213 1814 partim
227 1735 374 1812 fugientes
390 1735 427 1796 ab
443 1737 576 1814 equitatu
591 1736 824 1806 interficiuntur,
847 1739 957 1816 partim
971 1739 1016 1796 in·

56 1821 136 1898 tegri
165 1819 374 1898 procumbunt.
425 1818 569 1895 Hortatur
595 1819 755 1880 Curionem
781 1821 833 1882 Gn.
861 1821 1044 1891 Domitiuss

56 1904 227 1982 praelectus
242 1905 389 1982 equitum,
412 1921 479 1963 eum
500 1905 604 1982 paucis
619 1902 770 1983 equitibus
784 1907 1023 1974 circumsistens,

57 1995 91 2048 ut
105 1988 175 2064 luga
190 1987 314 2048 salutem
330 1994 412 2065 petat
425 1994 513 2066 atque
528 1989 560 2048 in
575 1994 671 2048 castra
687 1989 859 2058 contendat,
882 1995 912 2049 et
933 2007 964 2048 se
980 1988 1017 2049 ab

57 2090 94 2132 eo
115 2089 174 2131 non
196 2072 397 2132 discessurum
419 2073 584 2151 pollicetur.
626 2074 663 2132 dt
683 2073 772 2133 Curio
797 2091 958 2152 numquam
985 2081 1045 2132 set

56 2157 167 2216 amisso
188 2158 337 2225 exercitu,
358 2174 447 2234 quem
468 2156 624 2217 aGaesare
645 2156 714 2216 fidei
729 2160 918 2218 commissum
933 2175 1017 2217 acce-

56 2241 146 2320 perit,
162 2241 194 2299 in
210 2242 275 2300 eius
289 2247 480 2318 conspectum
495 2258 686 2300 reversurum
697 2243 860 2310 confirmat,
877 2249 965 2319 atque
977 2243 1018 2300 ita

56 2323 209 2403 proelians
224 2325 413 2384 interficitur.
446 2324 570 2403 Equites
585 2342 621 2399 cx
635 2324 750 2402 proelio
764 2327 907 2403 perpauci
923 2344 954 2385 se
970 2331 1044 2384 reb

57 2409 189 2486 cipiunt;
219 2409 271 2468 sed
298 2411 335 2477 ii,
362 2426 437 2487 quos
461 2409 497 2468 ad
523 2409 716 2468 novissimum
742 2426 847 2486 agmen
874 2426 1018 2488 equorum

55 2492 286 2553 reficiendorum
307 2510 396 2554 causa
417 2491 586 2553 substitisse
607 2490 840 2553 demonstratum
860 2500 920 2561 est,
949 2493 1018 2568 luga

57 2578 150 2637 totius
165 2579 314 2637 exercitus
329 2577 433 2660 procul
449 2576 653 2636 animadversa
668 2594 733 2636 sese
748 2577 911 2636 incolumes
925 2578 956 2635 in
970 2593 1018 2635 ca·

57 2667 120 2721 stra
136 2662 302 2720 conterunt.
332 2661 442 2722 Milites
457 2660 493 2721 ad
507 2679 600 2721 unum
615 2678 718 2720 omnes
733 2661 964 2721 interficiuntur.

122 2744 284 2805 xxxxlu.
311 2744 364 2805 His
379 2745 470 2813 rebus
484 2746 612 2822 cognitis
626 2743 754 2804 Marcius
769 2744 864 2804 Rulus
878 2751 1044 2826 quaestori
1109 2791 1110 2794 ,

57 2829 88 2887 in
110 2831 218 2889 eastris
238 2830 361 2888 relictus
383 2829 541 2890 aCurione
562 2828 734 2888 cohortatur
755 2846 839 2896 suos,
861 2846 900 2887 nc
921 2829 1018 2887 animo

58 2912 208 2972 deficiant.
233 2913 284 2973 ·llli
300 2921 389 2972 orant
399 2919 487 2992 atque
502 2911 674 2981 obsecrant,
693 2914 773 2971 utin
788 2911 921 2979 Siciliam
936 2913 1018 2972 nevi·

58 2995 115 3057 bus
130 3004 330 3076 reportentur.
354 2996 516 3057 Pollicetur
528 2998 735 3074 magistrisque
747 2998 874 3074 imperat
888 2997 1017 3066 navium,

57 3088 91 3141 ut
110 3083 208 3159 primo
230 3098 354 3160 vespere
374 3099 477 3142 omncs
497 3080 621 3159 scaphas
645 3079 681 3140 ad
707 3080 777 3140 litus
803 3079 940 3159 adpulsas
967 3079 1017 3140 ba·

57 3163 168 3225 beant:
190 3164 248 3225 Sed
264 3172 364 3225 tantus
378 3166 436 3225 luit
451 3166 582 3225 omnium
598 3171 711 3233 terror,
735 3171 768 3224 ut
783 3164 833 3224 alii
848 3164 952 3225 adesse
968 3171 1044 3224 co·¹

57 3251 124 3328 pias
143 3248 234 3309 lubae
255 3248 405 3319 dicerent,
435 3250 487 3310 alii
507 3266 575 3308 cum
594 3247 760 3326 legionibus
779 3249 889 3309 instare
911 3248 1019 3309 Varum

57 3334 176 3412 iamque
193 3352 224 3393 se
240 3333 391 3412 pulverem
407 3335 590 3394 venientium
610 3350 748 3402 cernere,
770 3350 894 3412 quarum
916 3350 1018 3393 rerum

58 3417 134 3478 nihil
149 3420 271 3477 omnino
287 3419 450 3487 acciderat,
467 3418 517 3478 alii
532 3417 657 3477 classem
671 3417 802 3478 hostiurn
816 3417 953 3478 celeriter
969 3415 1021 3475 ad·

58 3501 221 3562 velaturam
237 3504 472 3580 suspicarentur.
508 3501 613 3588 ltaque
627 3503 806 3587 perterritis
820 3499 969 3563 omuibus
979 3496 1051 3556 s‘idx

98 3611 122 3647 c.
138 3612 191 3649 rur.
210 3612 281 3650 caus.
309 3615 340 3650 ει.
827 3605 851 3656 b
