2356 3870
405 230 482 288 CAP.
497 231 749 288 LXXI-LXXVI.
1013 227 1053 292 41

91 397 168 459 opus
191 381 313 440 laceret.
357 380 393 440 at
415 378 585 441 Pharnaces
606 381 743 459 inpulsus
759 383 821 444 sive
836 383 896 444 loci
910 383 1055 444 felicitate
1076 390 1097 437 3

92 468 155 525 sive
179 465 323 543 auspiciis
346 471 376 523 et
397 463 599 542 religionibus
620 466 776 535 inductus,
807 465 919 545 quibus
941 467 1055 530 obtem·

93 565 215 628 perasse
238 566 306 608 eum
328 556 431 626 postea
454 548 659 618 audiebamus,
684 553 746 611 sive
768 551 918 628 paucitate
937 560 1055 612 nostro-

93 652 177 699 rum,
201 634 252 711 qui
275 634 306 691 in
330 634 423 692 armis
445 641 548 700 erant,
572 643 735 712 comperta,
760 653 827 696 cum
849 653 934 696 more
957 635 1057 714 operis

94 717 236 779 cotidiani
258 734 395 792 magnam
417 715 500 777 illam
528 735 684 778 servorum
711 718 952 789 multitudinem,
981 738 1060 800 quae

94 819 235 879 aggerem
258 798 406 879 portabat,
429 801 560 861 militum
583 819 648 863 esse
671 802 858 872 credidisset,
882 804 944 864 sive
966 806 1061 864 etiam.

95 886 204 946 fiducia
226 885 358 945 veterani
382 887 533 946 exercitus
555 888 612 955 sui,
636 903 725 963 quem
747 899 834 946 xxn.
858 888 890 946 in
906 889 972 949 acie
986 905 1062 948 cun·

94 971 209 1031 dixisse
230 976 262 1029 et
282 970 390 1030 vicisse
410 968 501 1046 legati
525 970 590 1030 eius
612 969 836 1046 gloriabantur,
866 970 957 1032 simul
985 988 1060 1031 con·r

94 1062 212 1133 tempto
235 1053 383 1113 exercitus
410 1054 522 1122 nostri,
552 1071 640 1132 quem
670 1055 790 1132 pulsum
818 1073 834 1114 a
865 1073 898 1116 se
925 1054 1057 1116 Domitio

95 1141 172 1200 duce
195 1136 316 1205 sciebat,
339 1139 414 1197 inito
438 1135 563 1198 consiliu
586 1138 747 1201 dimicandi
771 1139 955 1200 descendere
970 1157 1056 1217 prae·

96 1231 187 1301 rupta
208 1222 283 1282 valle
306 1222 415 1299 coepit.
454 1221 545 1283 Cuius
568 1222 751 1301 aliquamdiu
773 1222 883 1284 Caesar
905 1222 1059 1283 inridebat
1078 1228 1097 1278 t

96 1311 218 1367 inanem
240 1308 470 1365 ostentationem
493 1312 524 1364 et
544 1322 580 1365 eo
602 1305 669 1366 loco
688 1306 819 1368 militum
831 1309 1057 1376 coartationem,

95 1409 186 1471 quem
214 1393 246 1450 in
274 1389 373 1449 locum
400 1406 489 1449 nemo
522 1406 613 1449 sanus
647 1389 742 1451 hostis
775 1389 931 1452 subiturus
963 1398 1057 1452 esset:

97 1493 167 1537 cum
181 1474 304 1535 interim
319 1470 488 1534 Pharnaces
503 1472 608 1533 eodem
629 1473 735 1550 gradu,
759 1493 818 1552 quo
840 1476 872 1536 in
894 1475 1060 1552 proclivem

97 1558 294 1620 descenderat
315 1556 432 1625 vallem,
456 1557 619 1617 ascendere
642 1557 784 1618 adversus
807 1558 935 1620 arduum
951 1559 1060 1622 collem

97 1643 253 1706 instructis
276 1643 370 1719 copiis
393 1642 502 1720 coepit.

161 1726 270 1786 LXXV.
316 1725 423 1786 Caesar
450 1723 623 1786 incredibili
653 1726 718 1786 eius
745 1725 793 1786 vel
821 1727 990 1786 temeritate
1012 1725 1096 1802 velt

97 1812 207 1873 fiducia
230 1817 396 1871 commotus
413 1827 509 1888 neque
522 1810 648 1886 opinans
660 1812 885 1888 imparatusque
897 1827 1059 1888 oppressus

98 1897 205 1958 eodem
227 1904 361 1973 tempore
384 1893 497 1954 milites
518 1891 556 1953 ab
578 1911 669 1971 opere
691 1901 822 1962 revocat,
846 1912 929 1954 arma
952 1911 1060 1972 capere

97 1980 199 2050 iubet,
229 1979 365 2056 legiones
393 1980 516 2056 opponit
542 1978 696 2056 aciemque
720 1979 860 2046 instruit;
895 1978 982 2038 cuius
1014 1980 1060 2038 rei

98 2065 200 2125 subita
214 2062 375 2141 trepidatio
390 2079 531 2139 magnum
547 2067 695 2122 terrorem
710 2062 811 2124 attulit
826 2063 949 2122 nostris.
979 2061 1059 2122 Non·
1078 2077 1098 2124 a

100 2150 172 2211 dum
209 2145 366 2207 ordinibus
400 2147 558 2207 instructis
589 2146 715 2207 falcatae
753 2147 855 2223 regiae
897 2145 1059 2224 quadrigae

97 2234 264 2313 permixtus
301 2232 413 2292 milites
445 2229 640 2309 perturbant:
676 2248 752 2310 quae
787 2237 886 2291 tamen
920 2230 1061 2291 celeriter

97 2316 290 2380 multitudine
312 2315 442 2376 telorum
464 2316 684 2393 opprimuntur.
729 2314 902 2393 Insequitur
915 2314 1100 2376 hasaciesa

98 2402 248 2469 hostium,
277 2406 307 2459 et
336 2400 465 2460 clamore
488 2398 607 2459 sublato
630 2397 803 2476 confligitur
824 2397 953 2460 multum
975 2398 1060 2459 adiu·

97 2491 186 2547 vante
208 2491 314 2544 natura
337 2484 411 2552 loci,
440 2482 604 2562 plurimum
626 2481 751 2542 deorum
772 2480 978 2542 inmortalium
1006 2482 1060 2543 be·

98 2571 261 2648 nignitate;
285 2570 337 2647 qui
352 2586 420 2628 cum
435 2566 575 2627 omnibus
591 2564 711 2628 casibus
726 2565 798 2627 belli
814 2567 974 2636 intersunt,
996 2572 1060 2627 tum

98 2655 279 2734 praecipue,
304 2652 413 2730 quibus
435 2651 512 2712 nibil
534 2652 651 2712 ratione
673 2652 769 2730 potuit
791 2649 1008 2711 administrari.

163 2735 287 2797 LXXVI.
331 2736 437 2814 Magno
460 2744 548 2815 atque
570 2737 634 2796 acri
657 2735 773 2812 proelio
797 2737 965 2796 comminus
980 2736 1096 2796 iactor

98 2822 204 2884 dextro
227 2838 337 2889 cornu,
367 2838 424 2898 quo
446 2827 586 2880 veterana
608 2819 688 2895 legio
711 2826 794 2879 sexta
818 2825 882 2877 erat
905 2819 1058 2886 collocata,

99 2908 221 2968 initium
242 2905 385 2965 victoriae
407 2912 510 2965 natum
532 2912 586 2966 est.
631 2900 674 2963 Ab
692 2921 726 2963 ea
742 2911 828 2980 parte
844 2919 912 2963 cum
932 2903 1060 2980 proclivi

99 2989 333 3052 detruderentur
355 2990 471 3059 hostes,
495 2989 590 3049 multo
613 2987 736 3053 tardius,
761 2987 814 3048 sed
830 2994 930 3046 tamen
946 2987 1058 3047 eisdem

98 3074 158 3135 diis
186 3073 397 3134 adiuvantibus
425 3074 549 3133 sinistro
579 3089 673 3134 cornu
701 3070 857 3150 mediaque
889 3071 952 3132 acie
980 3078 1060 3132 totae

97 3160 297 3238 profligantur
318 3159 421 3237 copiae
444 3159 535 3235 regis.
579 3156 660 3228 Quae
682 3174 770 3234 quam
796 3154 883 3216 lacile
906 3155 1061 3216 subierant
1081 3169 1099 3215 a

98 3247 237 3322 iniquum
257 3243 373 3312 locum,
397 3248 456 3302 tam
479 3240 619 3302 celeriter
641 3240 735 3319 gradu
757 3241 859 3318 pulsae
881 3239 1059 3318 premeban-

97 3335 148 3388 tur
170 3327 231 3388 loci
253 3328 423 3406 iniquitate.
467 3324 570 3404 ltaq'ue
592 3325 696 3385 multis
718 3323 865 3385 militibus
888 3326 998 3403 partim
1015 3327 1060 3383 in·

96 3413 234 3474 terlectis
256 3412 364 3490 partim
387 3428 511 3472 suorum
534 3411 621 3471 ruina
645 3409 805 3488 oppressis,
829 3409 881 3488 qui
903 3408 1063 3470 velocitate

95 3494 229 3572 elingere
248 3504 405 3574 poterant,
429 3496 522 3557 armis
544 3503 647 3559 tamen
669 3494 823 3576 proiectis
841 3492 962 3553 uallem
977 3497 1086 3548 trans-
