2356 3870
143 185 186 252 28
394 193 541 251 BELLUM
554 188 857 252 mcxauumnuu.

107 342 265 412 ccillam,
289 341 398 405 deinde
420 345 553 404 Africam
575 352 707 422 caperet.
752 343 796 406 lta
818 343 996 405 brevissimo
1012 347 1113 424 spatio

144 445 179 487 re
201 426 443 506 praeclarissime
468 436 552 505 gesta
572 430 727 507 provincia
749 437 872 509 recepta
895 437 925 490 et
946 428 1113 492 Cornilicio

145 509 280 581 reddita,
314 511 409 573 classe
442 513 680 573 adversariorum
713 531 750 573 ex
784 512 838 574 illo
863 520 928 574 toto
956 515 1026 574 sinu
1059 532 1112 576 ex·

145 594 349 737 pulsatvictor
371 614 403 656 se
417 595 612 677 Brundisium
633 598 780 658 incolumi
803 599 938 659 exercitu
961 605 991 658 et
1013 597 1113 660 classe

109 696 389 824 lrecellllllXVlll.
433 765 475 826 lis
503 772 603 826 autern
632 764 835 844 temporibus,
867 765 976 845 quibus
1000 765 1114 828 Cacsar

145 847 182 908 ad
203 846 422 926 Dyrrhachium
443 849 620 929 Pompeium
649 848 809 909 obsidebat
835 857 867 910 et
887 849 1113 928 Palaepharsali

144 949 209 995 rem
246 933 376 994 feliciter
409 933 534 1011 gerebat
569 931 827 1012 Alexandriaeque
863 951 933 994 curn
968 934 1112 1012 periculo

145 1033 264 1093 magno,
287 1026 352 1078 tum
375 1019 465 1078 etiam
487 1020 601 1079 maiore
623 1017 754 1098 periculi
776 1019 853 1079 lama
876 1016 1049 1088 dimicabat,
1074 1019 1111 1090 Q.

145 1101 265 1161 Cassius
286 1101 453 1178 Longinus,
476 1104 509 1162 iu
530 1102 672 1182 Hispania
695 1120 750 1181 pro
772 1108 912 1181 praetore
933 1104 1111 1181 provinciae
1158 1150 1162 1155 .

145 1184 302 1245 ulterioris
325 1185 506 1263 optinendae
528 1204 616 1247 causa
638 1187 781 1256 relictus,
804 1189 867 1248 sive
889 1186 1111 1248 consuetudine

145 1274 270 1330 naturae
293 1287 365 1330 suae
387 1271 449 1331 sive
472 1270 550 1339 odio,
574 1271 653 1349 quod
676 1270 813 1331 inillam
834 1272 1020 1350 provinciam
1042 1288 1111 1331 sus·

146 1360 269 1431 ceperat
295 1363 435 1432 quaestor
468 1371 505 1414 ex
530 1355 652 1415 insidiis
684 1353 728 1414 ibi
761 1355 951 1424 vulneratus,
984 1370 1111 1432 magnas

145 1436 208 1496 odii
229 1439 277 1499 sui
305 1439 420 1498 lecerat
446 1439 649 1507 accessiones,
679 1437 758 1518 quod
785 1437 833 1498 vel
860 1456 897 1499 ex
926 1438 1112 1500 conscientia

146 1539 214 1589 sua,
244 1539 313 1581 cum
341 1521 378 1582 de
407 1539 440 1583 se
467 1530 572 1584 mutuo
599 1523 714 1583 sentire
742 1524 927 1600 provinciam
956 1521 1108 1592 crederet,

144 1603 192 1665 vel
213 1605 318 1665 multis
339 1606 432 1683 signis
454 1613 485 1667 et
506 1607 688 1667 testimoniis
711 1622 834 1676 eorum,
862 1608 916 1686 qui
944 1605 1110 1668 difficulter

145 1690 214 1750 odia
238 1689 481 1761 dissimulabant,
505 1691 637 1753 animum
652 1689 807 1752 advertere
822 1698 950 1769 poterat,
974 1698 1003 1751 et
1026 1708 1110 1752 com·

146 1791 273 1853 pensare
296 1773 491 1836 oiiensionem
512 1776 686 1854 provinciae
710 1776 861 1836 exercitus
882 1792 984 1836 amore
1005 1777 1110 1854 cupie-

107 1871 124 1921 t
146 1856 207 1918 bat.
258 1857 377 1938 ltaque,
407 1877 475 1921 curn
497 1861 629 1938 primum
649 1859 682 1920 in
703 1876 798 1921 riuum
819 1858 920 1920 locum
942 1860 1110 1921 exercitum

146 1942 304 2012 conduxit,
334 1945 490 2004 sestertios
518 1952 662 2005 centenos
689 1942 840 2004 militibus
869 1951 914 2004 est
943 1943 1110 2021 pollicitus,

146 2045 204 2088 nec
225 2026 320 2087 multo
341 2033 427 2105 post,
452 2044 520 2088 cum
544 2029 576 2087 in
597 2027 752 2088 Lusitania
778 2026 992 2104 Medobregam
1021 2030 1109 2106 oppi-

147 2110 217 2171 dum
229 2117 420 2188 montemque
435 2111 626 2171 Herminium
648 2117 857 2189 expugnasset,
881 2128 940 2188 quo
951 2109 1110 2172 Medobre·

146 2211 255 2272 genses
277 2195 493 2271 confugerant,
518 2194 622 2274 ibique
644 2197 808 2273 imperator
830 2201 910 2254 esset
931 2194 1109 2273 appellatus,

109 2285 126 2336 3
146 2280 297 2339 sestertiis
318 2281 455 2338 centenis
476 2278 589 2339 milites
610 2278 739 2338 donavit.
784 2278 876 2339 Multa
898 2285 1056 2357 praeterea
1079 2285 1111 2340 et

146 2379 256 2441 magna
283 2364 416 2442 praemia
443 2362 572 2441 singulis
600 2362 798 2432 concedebat;
833 2381 909 2442 quae
937 2365 1111 2440 speciosum

146 2444 313 2508 reddebant
327 2454 518 2526 praesentem
533 2448 685 2509 exercitus
696 2464 838 2517 amorem,
855 2446 998 2525 paulatim
1008 2454 1111 2508 tamen

148 2537 178 2591 et
210 2531 328 2593 occulte
361 2532 524 2593 militarem
553 2531 745 2611 disciplinam
773 2533 1024 2610 severitatemque
1052 2533 1110 2593 mi·

147 2614 291 2676 nuebant.

111 2710 125 2761 1
210 2697 405 2759 xxxxviiii.
450 2699 569 2761 Cassius
590 2698 762 2778 legionibus
783 2701 816 2760 in
837 2699 965 2760 hiberna
981 2699 1111 2778 disposi-

147 2785 188 2844 tis
210 2783 248 2844 ad
271 2786 319 2844 ius
341 2783 502 2845 dicendum
520 2783 690 2846 Cordubam
713 2802 746 2845 sa
767 2787 884 2863 recepit
906 2790 1110 2845 contractum-

147 2885 205 2949 que
220 2871 327 2946 ingens
343 2887 394 2930 aes
416 2869 547 2931 alienum
569 2871 754 2947 gravissimis
776 2867 921 2929 oneribus
935 2869 1111 2949 provinciae

148 2954 305 3013 constituit
327 2954 494 3022 exsolvere;
524 2960 555 3013 et
582 2961 614 3013 ut
641 2953 811 3030 largitionis
839 2951 971 3031 postulat
985 2965 1111 3011 consuc-

148 3035 234 3103 tudo,
277 3055 332 3114 per
355 3055 474 3098 causam
497 3036 690 3098 liberalitatis
713 3039 880 3116 speciosam
902 3036 989 3115 plura
1017 3036 1111 3112 largi·

109 3122 126 3172 i
146 3122 207 3180 tori
222 3119 453 3198 quaerebantur.
486 3121 638 3183 Pecuniae
652 3120 856 3199 locupletibus
871 3118 1110 3200 imperabantur,

147 3221 223 3282 quas
245 3204 398 3282 Longinus
420 3205 478 3266 sibi
506 3224 651 3285 expensas
678 3206 754 3266 lerri
782 3225 843 3267 non
871 3212 987 3266 tantum
1014 3205 1110 3283 patie-

147 3287 253 3358 batur,
278 3289 444 3351 sedetiam
467 3289 608 3369 cogebat,
637 3293 669 3350 in
697 3307 820 3369 gregem
847 3289 1046 3369 locupletium
1068 3291 1111 3348 si·

146 3373 317 3433 multatium
351 3392 440 3436 causa
467 3382 575 3436 tenues
605 3373 849 3444 coniciebantur,
881 3390 980 3451 neque
1013 3371 1112 3433 ullum

39 3461 44 3470 ’
142 3466 446 3538 genusquaestusaut
455 3462 556 3540 magni
566 3467 596 3521 et
607 3459 754 3522 evidentis
764 3459 944 3521 autminimi
953 3454 1112 3518 etsordidi
