2356 3870
142 196 185 261 32
392 152 538 255 BEbbUbl
553 196 854 256 ALEXANDRINUM.

99 365 123 413 s
144 351 178 412 ad
202 353 372 412 traiectum.
417 349 493 428 lpse,
517 348 657 419 classem,
679 367 767 427 quam
789 347 930 424 parabat,
952 354 986 408 ut
1009 349 1110 428 inspi-

143 442 236 503 ceret,
273 434 420 512 Hispalim
438 433 554 494 accedit
565 433 667 511 ibique
678 438 823 501 moratur,
847 439 1007 510 propterea
1024 432 1110 510 quod

143 520 276 580 edictum
306 525 368 578 tota
396 519 551 596 provincia
575 524 788 596 proposuerat,
819 515 929 594 quibus
961 519 1112 593 pecunias

144 606 323 681 imperasset
336 617 434 683 neque
449 601 661 670 contulissent,
691 619 723 661 se
751 599 879 660 adirent.
930 599 1012 670 Quae
1036 619 1107 661 evo·

145 689 224 747 catio
247 686 440 746 vehementer
463 703 565 746 ornnes
587 683 730 745 turbavit.

104 781 122 830 1
207 769 291 829 LVll.
336 770 461 830 lnterIm
481 770 515 829 L.
539 770 650 838 Titius,
674 770 726 847 qui
748 787 784 829 eo
806 776 941 847 tempore
963 764 1110 830 tribunus

143 854 278 914 militum
301 856 332 914 in
355 853 473 932 legione
496 852 655 913 vernacula
678 853 793 921 luerat,
827 854 960 922 nuntiat,
994 870 1063 912 eam
1091 871 1109 912 a

143 939 262 1015 legione
285 951 380 1006 xxx,
404 956 492 1017 quam
515 936 550 1007 Q.
573 936 692 998 Cassius
715 937 831 1013 legatus
853 936 944 996 simul
965 935 1107 1004 ducebat,

143 1041 213 1083 cum
235 1021 272 1083 ad
295 1022 437 1100 oppidum
458 1022 576 1099 Leptim
591 1028 689 1082 castra
703 1020 839 1089 haberet,
863 1020 1011 1080 seditione
1026 1021 1108 1080 lacta

144 1106 373 1166 centurionibus
396 1106 508 1182 aliquot
530 1108 648 1173 occisis,
672 1107 724 1184 qui
746 1108 831 1182 signa
854 1103 919 1164 tolli
935 1120 995 1164 non
1010 1107 1109 1182 patie-

144 1188 269 1258 bantur,
299 1188 471 1250 discessisse
495 1188 583 1249 etad
612 1190 774 1250 secundam
802 1189 953 1266 legionem
981 1194 1108 1248 conten·

102 1289 124 1336 2
145 1273 234 1342 disse,
257 1291 332 1352 quae
355 1273 393 1332 ad
414 1274 525 1333 fretum
547 1273 606 1332 alio
636 1275 747 1333 itinere
778 1271 993 1342 deducebatur.
1049 1271 1107 1332 Co·

145 1360 228 1435 gnita
250 1375 284 1416 re
312 1362 404 1417 noctu
426 1375 496 1416 cum
523 1369 546 1415 v
575 1355 752 1416 cohortibus
779 1358 1109 1416 unetvicesimanorum

145 1439 315 1518 egreditur,
339 1458 426 1500 mane
448 1441 586 1517 pervenit
607 1440 732 1514 Leptim.
777 1439 824 1500 lbi
848 1458 916 1500 enm
943 1439 1037 1508 diem,
1062 1447 1108 1509 ut,

145 1523 217 1602 quid
240 1531 389 1601 ageretur,
412 1525 609 1602 perspiceret,
632 1531 765 1584 moratus
788 1523 964 1584 Carmonam
982 1531 1109 1584 conten·

103 1625 124 1673 3
145 1608 201 1668 dit.
246 1608 313 1676 llic,
338 1626 407 1668 oum
429 1607 508 1685 legio
530 1620 614 1667 xxx.
638 1615 669 1667 et
689 1619 762 1667 xx1.
786 1615 817 1668 et
839 1607 978 1668 cobortes
999 1619 1056 1667 1111
1071 1626 1109 1668 ex

144 1709 177 1750 v.
207 1691 324 1769 legione
346 1698 486 1770 totusque
515 1693 705 1753 convenisset
732 1692 898 1770 equitatus,
926 1691 1025 1762 audit,
1052 1705 1109 1752 1111

146 1776 286 1850 cohortes
309 1794 326 1836 a
348 1775 518 1836 vernaculis
540 1793 699 1855 oppressas
721 1775 758 1836 ad
780 1775 952 1837 Obuculum
972 1775 1109 1837 cumbis

145 1859 183 1920 ad
205 1859 368 1925 secundam
389 1862 561 1938 pervenisse
590 1878 753 1938 omnesque
781 1859 824 1920 ibi
852 1879 884 1921 se
914 1861 1108 1942 coniunxisse

103 1959 125 2008 4
145 1951 176 2005 et
196 1943 234 2004 ll.
258 1943 402 2004 Thorium
424 1943 614 2005 ltalIocnsem
636 1943 743 2005 ducem
758 1943 915 2020 delegisse.
960 1945 1109 2005 Celeriter

144 2027 247 2089 babilo
270 2028 397 2088 consilio
425 2027 599 2088 Marcellum
633 2035 819 2108 quaestorem
853 2026 1039 2097 Cordubam,
1076 2036 1110 2088 ut

145 2131 211 2172 earn
234 2113 265 2169 in
288 2119 435 2189 potestate
457 2114 612 2180 retineret,
636 2112 671 2183 Q.
695 2112 828 2172 Cassium
849 2111 980 2190 legatum
1000 2112 1108 2191 Hispa·

103 2195 197 2261 slim
220 2196 323 2255 mittit.
368 2195 475 2256 Paucis
498 2199 527 2256 ei
548 2195 655 2257 diebus
677 2195 811 2266 affertur,
834 2204 1012 2267 conventum
1034 2197 1108 2258 Cor·

146 2278 310 2339 dubensem
334 2278 371 2339 ab
394 2298 429 2340 eo
451 2280 605 2348 deiecisse,
628 2280 862 2359 Marcellumque
883 2288 935 2341 aut
956 2281 1109 2342 voluntate

145 2369 197 2425 aut
217 2365 395 2424 necessitate
419 2363 581 2425 abductum
609 2397 652 2407 -
678 2384 804 2443 namque
833 2365 863 2425 id
886 2367 966 2425 varie
988 2368 1109 2426 nuntia-

145 2446 235 2508 batur
256 2481 299 2491 -
320 2451 492 2509 consentire
514 2467 583 2509 eum
598 2448 857 2517 Cordubensibus;
880 2448 953 2509 duas
968 2448 1110 2511 cobortes

146 2531 276 2609 legionis
297 2546 341 2600 v„
365 2551 439 2610 quae
462 2534 583 2593 inerant
605 2532 760 2594 Cordubae
784 2536 815 2593 in
837 2533 1004 2612 praesidio,
1028 2534 1108 2595 idem

104 2617 257 2676 efacere.
315 2615 432 2677 Cassius
460 2616 507 2676 bis
536 2615 629 2676 rebus
658 2620 800 2678 incensus
826 2625 926 2677 movet
955 2625 1052 2678 castra
1081 2626 1110 2678 et

147 2705 269 2778 postero
293 2699 340 2760 die
363 2699 520 2777 Segouiam
542 2699 579 2761 ad
601 2701 713 2761 llomen
729 2700 910 2778 Singiliense
932 2705 1025 2762 venit.
1062 2701 1109 2763 lbi

147 2781 251 2843 habita
274 2785 416 2846 contione
438 2784 569 2846 militum
591 2793 716 2864 temptat
738 2788 872 2855 auimos;
896 2803 972 2864 quos
998 2802 1111 2863 cogno·

143 2868 206 2928 scit
228 2885 289 2927 non
312 2887 382 2938 sna,
412 2870 463 2929 sed
487 2869 622 2931 Caesaris
645 2869 779 2930 absentis
802 2869 973 2930 causasibi
999 2871 1110 2932 tidissi·

149 2969 215 3011 mos
238 2970 303 3013 esse
326 2953 499 3032 nullumque
522 2953 692 3031 periculum
715 2954 939 3032 deprecaturos,
963 2953 1035 3016 ditm
1056 2973 1112 3034 per

148 3053 199 3095 eos
222 3035 341 3096 Caesari
364 3039 519 3115 provincia
541 3040 763 3099 restitueretur.

108 3132 126 3178 1
210 3118 309 3179 LVlll.
353 3119 479 3181 Interim
493 3121 623 3183 Thorius
644 3121 681 3195 ad
703 3121 871 3184 Cordubam
885 3130 1002 3184 veteres
1017 3119 1113 3202 legio·

147 3220 202 3263 nes
224 3202 356 3274 adducit,
380 3223 414 3265 ac
436 3223 475 3265 ne
498 3205 694 3268 dissensionis
717 3209 839 3268 initimn
852 3215 955 3269 natum
970 3207 1113 3269 seditiosa

147 3285 278 3347 militum
301 3306 412 3367 suaque
434 3298 541 3350 natura
572 3291 740 3361 videretur,
770 3291 860 3352 simul
888 3300 922 3352 ut
949 3293 1113 3365 contrat).

146 3370 298 3442 Cassium,
331 3376 384 3452 qui
407 3373 542 3435 Caesaris
569 3378 691 3436 nomine
718 3375 887 3436 maioribus
919 3376 1036 3438 viribus
1068 3381 1115 3439 uti

144 3452 329 3530 videbatur-,⁴
349 3475 444 3540 aeque
465 3466 620 3541 potentem
642 3468 808 3541 opponeret
835 3459 1029 3538 dignitatem,
1058 3461 1114 3525 Cn.
