2356 3870
385 193 484 251 notul.
499 194 529 252 ll.
546 194 616 253 GAP.
631 195 780 253 XVI-lut
1019 196 1060 261 39

99 363 235 458 equitum
254 357 440 421 videbantur.
477 357 620 419 Fluminis
642 368 705 420 erat
725 359 849 421 altitudo
870 362 988 421 circiter
1006 380 1058 441 pe·
1172 345 1175 349 ⁴

98 445 395 589 rumxtppvlrssrn.caesar
407 528 539 603 equitatu
550 529 712 605 praemisso
723 527 960 605 subsequebatur
968 531 1062 589 omni·
1078 535 1089 586 t

98 613 154 673 bus
166 611 277 690 copiis;
295 609 348 672 sed
358 612 433 672 ratio
445 610 579 687 ordoque
593 612 718 689 agminis
728 610 814 672 aliter
825 629 858 672 se
872 610 1009 682 babebat,
1026 630 1060 673 ac

98 696 207 773 Belgae
227 693 264 754 ad
286 693 410 756 Nervios
429 693 605 755 detulerant.
642 693 716 755 Nam
737 694 816 772 quod
837 694 874 756 ad
894 695 987 757 hostis
1008 696 1091 757 ad·2

97 777 335 860 propinquabat,
358 777 571 839 consuetudine
591 795 644 838 sua
660 778 766 839 Cacsar
786 797 839 838 sex
858 779 991 856 legiones
1007 799 1057 840 ex-

97 863 215 942 peditas
236 861 377 929 ducebat;
405 867 475 940 post
494 879 546 922 eas
569 863 660 922 totius
687 863 835 923 exercitus
860 863 1091 941 inpedimenta3

98 945 287 1012 conlocarat;
309 945 380 1006 inde
400 944 475 1005 duae
494 944 641 1023 legiones,
664 962 739 1022 quae
758 963 905 1024 proxume
926 948 1057 1007 conscri-

96 1037 167 1110 ptae
184 1035 284 1098 orant,
307 1036 403 1089 totum
424 1045 530 1106 agmen
550 1026 727 1090 claudebant
744 1029 954 1107 praesidioque
973 1032 1058 1109 iupe·
1111 1070 1113 1076 ·

97 1113 239 1174 dmentis
254 1118 348 1173 erant.
385 1111 507 1188 Equites
527 1114 623 1172 nostri
637 1131 705 1172 cum
724 1112 925 1174 funditoribus
940 1116 1058 1192 sagitta·
1073 1123 1090 1170 4

97 1198 213 1274 riisque
227 1194 339 1256 llumen
354 1197 530 1272 transgressi
545 1214 613 1256 cum
627 1194 758 1256 bostium
768 1199 901 1272 equitatu
911 1198 1058 1276 proelium

98 1282 323 1342 commiserunt
361 1277 435 1340 Cum
450 1296 483 1339 se
496 1277 539 1338 illi
553 1277 714 1340 identidem
728 1280 760 1338 in
774 1279 861 1340 silvas
875 1280 912 1341 ad
926 1299 996 1341 suos
1011 1300 1058 1341 re·
1073 1289 1090 1340 5

97 1368 236 1444 ciperent
256 1381 290 1424 ac
308 1380 414 1425 rursus
429 1380 466 1423 ex
481 1361 552 1423 silva
570 1363 603 1422 in
617 1370 735 1423 nostros
755 1365 901 1442 impetum
914 1365 1048 1424 lacerent

97 1448 197 1526 neque
211 1447 307 1507 nostrl
320 1446 456 1523 longius,
478 1462 567 1523 quam
582 1461 671 1523 quem
685 1445 722 1506 ed
736 1447 825 1507 linem
840 1445 993 1526 [porrecta
1008 1446 1056 1528 ao]

96 1533 162 1593 loca
178 1538 281 1609 aperta
294 1528 499 1610 pertinebant,
521 1529 661 1591 cedentes
674 1531 792 1607 insequi
805 1530 963 1601 auderent,
981 1532 1057 1592 inte·

96 1619 155 1676 rim
169 1614 305 1692 legiones
319 1632 388 1683 sex,
410 1629 486 1690 quae
505 1614 620 1692 primae
641 1622 796 1682 venerant,
818 1633 909 1693 opere
923 1614 1057 1675 dimenso

97 1707 195 1762 cestra
209 1699 327 1758 munire
343 1705 514 1776 coeperunt
553 1696 609 1758 Ubi
628 1699 724 1776 prima
744 1696 944 1776 inpedimenta
963 1701 1090 1760 nostrie

98 1784 250 1844 exercitus
271 1780 308 1841 ab
327 1783 378 1852 iis,
400 1782 452 1859 qui
470 1782 502 1840 in
516 1779 596 1842 silvis
615 1780 706 1842 abditi
726 1779 873 1851 latebant,
894 1783 955 1843 visa
976 1792 1054 1854 suut,

99 1867 181 1944 quod
202 1874 321 1945 tempus
339 1867 419 1926 inter
440 1883 491 1928 eos
511 1864 714 1929 committendi
737 1865 845 1945 proelii
869 1876 1056 1936 convenerat,

97 1959 130 2011 ut
143 1952 225 2011 intra
245 1950 332 2013 silvas
348 1952 442 2013 aciem
461 1951 641 2029 ordinesque
656 1952 872 2012 constituerant
892 1957 980 2027 atque
999 1952 1057 2029 ipsi

95 2055 164 2099 sese
180 2035 440 2105 confirmaverant,
456 2035 553 2097 subito
569 2034 706 2096 omnibus
721 2037 814 2114 copiis
828 2032 1058 2113 provolaverunt

93 2124 302 2201 impetumque
315 2123 348 2180 in
361 2126 480 2182 nostros
495 2122 610 2197 equites
624 2121 767 2180 lecerunt
797 2118 850 2178 His
864 2117 950 2179 facile
963 2117 1057 2196 pulsis
1072 2125 1088 2174 7

95 2224 129 2267 ac
143 2203 330 2284 proturbatis
348 2202 515 2264 incredibili
529 2202 680 2263 celeritate
701 2202 737 2262 ad
751 2201 862 2263 llumen
877 2202 1055 2262 decucurre-

93 2298 184 2358 runt,
208 2294 243 2348 ut
262 2304 358 2367 paene
378 2304 438 2347 uno
453 2293 589 2365 tempore
604 2295 634 2347 et
648 2286 684 2347 ad
699 2285 786 2346 siivas
802 2293 831 2346 et
844 2288 876 2345 in
889 2285 1012 2345 llumine
1028 2293 1057 2345 et

92 2375 153 2434 iam
168 2373 201 2432 in
215 2369 353 2432 manibus
367 2372 477 2431 nostris
496 2369 598 2430 hostes
612 2370 792 2429 viderentur.
829 2369 939 2430 Eadem
959 2374 1089 2428 autema

94 2456 252 2517 celeritate
265 2454 389 2515 adverso
404 2452 478 2514 colle
493 2453 529 2513 ad
544 2463 646 2513 nostra
661 2460 757 2514 eastra
771 2460 860 2529 atque
876 2469 941 2523 eos,
961 2453 1056 2528 quiin

93 2557 190 2619 opero
204 2540 340 2617 occupati
356 2545 454 2606 erant,
471 2537 696 2597 contenderunt.

106 2660 109 2665 ·
158 2621 224 2683 XX.
247 2620 368 2683 Caesari
381 2621 555 2682 onmiauno
570 2629 707 2697 tempore
721 2629 807 2679 eraut
821 2619 948 2696 agenda:
965 2617 1055 2678 vexil-
1074 2624 1087 2674 1

93 2707 157 2768 lum
173 2704 417 2785 proponendum,
434 2704 514 2780 quod
529 2711 593 2764 erat
606 2704 736 2780 insigne,
753 2721 822 2763 cum
836 2701 873 2763 ad
888 2721 969 2763 arma
984 2719 1055 2761 con·

94 2792 179 2852 curri
194 2795 357 2869 oporteret,
373 2790 491 2866 signum
502 2787 573 2848 tuba
588 2786 726 2854 dandum,
742 2785 779 2845 ab
795 2803 886 2863 opere
899 2784 1057 2845 revocandi

93 2874 216 2941 milites,
233 2873 283 2949 qui
296 2871 385 2952 paulo
399 2870 518 2949 longius
532 2873 647 2948 aggeris
662 2867 782 2948 petendi
799 2886 886 2928 causa
900 2885 1055 2945 processe·

93 2966 172 3026 rant,
189 2955 376 3024 accersendi,
393 2957 472 3016 acies
485 2956 672 3021 instruenda,
689 2951 797 3011 milites
812 2950 1000 3020 cohortandi,
1016 2952 1055 3012 si·

93 3058 188 3120 gnum
204 3038 343 3100 dandum.
369 3038 501 3109 Quarum
515 3056 617 3098 rerum
632 3052 769 3112 magnam
783 3043 900 3113 partem
914 3036 1057 3113 temporis
1072 3043 1088 3090 ‘t

92 3124 227 3185 brevitas
239 3130 269 3183 et
278 3121 571 3183 successusbostium
582 3119 760 3198 inpediebat.
774 3117 827 3179 His
837 3117 1057 3179 difficultatibus
1072 3127 1088 3175 3

92 3208 172 3269 dnae
186 3224 238 3268 res
253 3214 340 3267 erant
353 3204 495 3274 subsidio,
506 3206 629 3266 scientia
640 3211 729 3280 atque
739 3221 813 3263 usus
824 3202 960 3270 militum,
977 3201 1057 3278 quod

92 3288 305 3371 superioribus
319 3288 440 3369 proeliis
456 3289 623 3357 exorcitati,
646 3286 718 3363 quid
731 3287 796 3347 beri
810 3291 979 3365 oporteret,
996 3303 1057 3345 non

93 3377 195 3436 minus
216 3373 372 3435 commode
390 3374 449 3452 ipsi
467 3372 524 3434 sibi
542 3369 748 3451 praescribere
769 3385 858 3446 quam
873 3367 910 3428 ub
925 3367 990 3427 aliis
1005 3368 1056 3429 do·

94 3460 155 3521 ceri
176 3465 333 3538 poterunt,
356 3465 386 3517 et
406 3456 483 3533 quod
508 3455 546 3517 ab
566 3471 658 3536 opere
682 3451 872 3536 singulisque
892 3450 1070 3535 legionvbus
