2356 3870
449 190 664 262 oalrlonss.
986 197 1043 263 121

83 355 123 413 tis
146 372 224 411 anno
246 353 280 411 L.
297 351 422 412 Crassus
438 352 468 413 C.
484 352 662 431 Carbonem,
684 373 744 415 uno
767 359 798 415 et
818 355 957 416 vicesimo
977 354 1046 417 Cae-

85 461 133 500 sar
155 442 341 502 Dolabellam
364 473 406 482 -
434 443 471 500 iis
500 443 683 503 orationibus
710 445 835 503 insecuti
862 448 945 519 sunt,
973 464 1046 521 quas

83 531 171 589 hodie
195 548 312 606 quoque
335 549 402 588 eum
424 531 619 590 admiratione
641 532 777 607 legimus.

156 618 226 678 Veli.
238 618 303 678 Por.
317 619 395 676 Her.
408 619 493 678 Rom.
506 618 555 686 ΙΙ,
570 621 622 694 43,
638 623 665 679 3.
701 619 827 696 Reliqua
840 622 904 681 eins
927 624 994 681 aeta
1015 623 1047 682 in

83 708 170 781 urbe,
196 706 440 782 nobilissimaque
461 707 633 768 Dolabellae
646 709 793 767 aoousatio
807 711 839 768 et
859 711 954 769 maior
977 710 1046 769 eivi-

84 795 155 854 tatis
187 796 219 853 in
242 813 277 854 ea
307 795 404 869 favor,
436 814 526 871 quam
552 797 611 856 reis
637 797 783 871 praestari
806 797 895 871 solet,
918 827 960 838 —
989 816 1047 874 quo

86 884 202 943 notiora
225 885 308 955 sunt,
330 885 428 942 minus
452 886 542 959 egent
564 886 641 943 stilo.

150 971 309 1044 Emporias
322 973 357 1030 de
369 972 532 1032 Demmrstr.
546 972 621 1032 Mat
635 991 663 1046 p.
679 974 751 1032 311.
765 975 805 1032 ia.
821 971 853 1032 0.
869 971 964 1045 (eret.
979 973 1047 1032 Lat.

84 1061 161 1118 Min.
177 1061 217 1118 ed.
232 1059 331 1119 Halm.
355 1079 382 1134 p.
398 1062 471 1120 568.
487 1061 569 1134 ebir.)
613 1060 735 1120 Dicetur
757 1062 943 1120 aoousatione
961 1061 1048 1119 Dola-

84 1149 180 1207 bellae
207 1165 346 1223 magnam
369 1149 478 1206 famam
501 1149 685 1224 eloquentiae
714 1152 900 1224 oonseoutns;
927 1149 1048 1224 negabi-

84 1242 135 1295 tur
156 1236 282 1297 eandem
296 1238 448 1310 meruisse,
463 1255 529 1294 oum
551 1237 585 1311 is,
608 1256 697 1313 quem
718 1238 889 1311 accusabat,
912 1239 1047 1296 evaserit.

112 1335 114 1338 ’
151 1316 210 1403 (Cf.
230 1323 288 1383 Cio.
306 1325 393 1384 Brut.
414 1327 464 1398 92,
481 1327 556 1387 Ι307.
571 1330 639 1384 extr.
662 1323 768 1385 Aaron.
790 1327 824 1385 ior
846 1323 905 1385 Cio.
919 1326 997 1392 Dio,
1020 1344 1047 1384 v.

86 1412 167 1472 Caes.
183 1414 224 1471 ed.
240 1411 312 1471 Ood
327 1432 354 1473 o.
372 1415 464 1472 1737.
482 1430 516 1486 p.
532 1406 618 1492 993.)

157 1501 222 1560 Vol.
236 1500 320 1559 Mox.
336 1501 429 1568 VIII,
446 1503 474 1574 9,
490 1502 517 1561 3.
527 1503 567 1559 ta.
589 1501 683 1560 Divus
698 1520 816 1578 quoque
829 1501 977 1561 Iulius-
988 1501 1048 1560 vim

86 1589 242 1648 facundiae
264 1590 382 1665 proprie
409 1589 553 1663 expressit
579 1588 701 1649 dicendo
728 1591 760 1649 in
786 1590 972 1649 aoousatione
996 1588 1048 1648 Cn.

85 1677 270 1751 Dolabellae,
303 1696 390 1752 quem
416 1695 501 1736 reum
533 1677 608 1757 egit,
640 1678 808 1752 extorqueri
840 1678 898 1736 sibi
929 1694 1048 1736 oausam

87 1766 227 1839 optimam
254 1765 288 1824 L.
313 1763 417 1824 Cottae
443 1765 619 1838 patrocinio,
647 1765 794 1840 siquidem
819 1765 947 1823 maxima
977 1768 1049 1824 tuno

87 1856 244 1927 eloquentia
266 1855 301 1912 de
322 1856 352 1912 ot
374 1852 560 1928 eloquentiae
583 1856 688 1929 questa
711 1855 765 1911 est.

154 1941 226 2002 aed.
240 1940 322 2000 Noet.
335 1939 396 1999 Aa.
414 1942 502 2008 IIII,
520 1944 570 2015 16,
585 1944 613 2001 8.
651 1938 682 2000 C.
698 1938 807 2000 Caesar
818 1940 850 1997 in
864 1939 1051 2007 Dolabellam

86 2031 210 2089 aetionis
236 2029 260 2088 Ι.
286 2030 336 2088 lib.
360 2030 395 2088 I.:
445 2031 516 2096 Isti,
548 2045 670 2103 qaorum
701 2031 734 2088 ta
765 2029 884 2089 oedibus
916 2029 1050 2102 fanaque

85 2121 182 2192 posito
204 2123 230 2177 et
252 2119 354 2178 aanor
376 2122 460 2177 aaut
481 2122 509 2177 et
529 2122 643 2177 onata

86 2283 182 2319 orario
193 2283 247 2326 oua
258 2282 391 2320 rnnnnnu
402 2282 571 2319 noannoeane
582 2281 679 2319 sunan.
695 2264 738 2332 [A.
746 2261 780 2316 U.
788 2261 817 2318 C.
828 2261 1049 2332 Dcnxxxllnq

152 2375 266 2435 Sueten.
289 2376 328 2433 D.
351 2374 410 2434 Iul.
435 2377 463 2435 5.
509 2373 675 2433 Tribunatu
697 2373 839 2445 militum,
862 2372 914 2447 qui
935 2372 1049 2446 primus

86 2463 211 2523 Romam
246 2480 364 2522 reverso
399 2482 453 2538 per
489 2462 630 2537 suffragia
664 2461 767 2537 populi
802 2461 896 2518 honor
932 2459 1050 2534 obtigit,

86 2554 202 2610 autores
233 2542 434 2609 restituendae
465 2550 641 2608 tribuniciae
671 2548 842 2625 potestatis,
874 2545 957 2606 ouius
989 2548 1050 2605 vim
1089 2550 1092 2556 ‘

87 2638 170 2695 Sulla
197 2639 394 2711 deminuerat,
422 2637 589 2697 enixissime
619 2638 704 2696 iuvit.
749 2635 783 2694 L.
812 2635 903 2695 etiam
930 2633 1050 2709 Cinnae,

86 2726 186 2783 uxoris
213 2727 313 2798 fratri,
345 2728 376 2783 et
402 2727 453 2801 qui
485 2744 552 2785 oum
575 2743 609 2784 eo
631 2725 711 2784 cirili
738 2723 884 2783 discordia
905 2722 1050 2798 lepidum

88 2813 181 2871 secuti
208 2816 276 2887 post
306 2830 409 2872 neoem
435 2813 563 2872 consulis
590 2813 628 2871 ad
655 2810 820 2872 Sertorium
847 2810 1049 2884 confugerant,

86 2901 215 2960 reditum
237 2902 268 2959 in
283 2901 433 2960 civitatem
446 2901 601 2976 rogatione
614 2900 712 2959 Plotia
726 2897 864 2972 confecit,
886 2897 1050 2973 habuitque

86 2993 117 3048 et
139 2990 203 3064 ipse
226 3009 315 3064 super
337 3006 427 3048 aare
453 2989 625 3049 contionem.

154 3077 227 3138 dell.
241 3079 323 3138 Noet.
337 3075 398 3136 Att.
414 3076 513 3144 XIII,
538 3079 566 3152 3,
590 3079 618 3137 5.
663 3076 791 3151 Repperi
807 3105 847 3116 -
862 3075 894 3133 in
917 3074 1049 3134 oratione

86 3166 118 3225 C.
133 3165 277 3241 Caesaris,
300 3184 359 3242 qua
372 3165 521 3224 Plautiam
533 3165 717 3242 rogationem
732 3163 834 3236 suasit,
856 3165 1050 3224 necessitatem

86 3256 195 3314 dietam
217 3274 271 3330 pro
293 3256 514 3321 uecessitadtaa
536 3253 567 3312 id
590 3256 636 3312 est
657 3254 721 3312 iure
741 3251 905 3311 affinitatis.
950 3250 1050 3311 Verba

86 3344 159 3402 haee
183 3347 265 3402 sunt:
310 3343 456 3417 &uidem
477 3343 548 3402 aar
569 3343 667 3402 videor
684 3359 742 3415 pro
764 3344 864 3400 nostra
885 3342 1050 3400 neoaatote

85 3449 143 3491 non
166 3433 275 3507 labore,
297 3449 356 3492 aon
378 3450 479 3506 operta
502 3448 561 3490 noa
587 3430 734 3490 industrio
755 3429 889 3501 defensae.

317 3513 375 3597 (Cf.
388 3521 465 3581 Noa.
480 3519 616 3582 Marcell.
627 3537 660 3596 p.
673 3520 753 3581 354.
765 3510 831 3597 Mb
