2356 3870
335 223 447 281 COMM.
461 225 509 280 111.
532 225 608 282 CAP.
621 226 814 283 XIII-XVII.
1018 220 1059 286 75

92 393 138 451 ita
153 389 233 466 ligna
249 397 337 468 atque
353 408 459 468 aquam
474 391 601 470 Corcyra
622 391 746 451 navibus
766 394 914 453 onerariis
932 408 1056 470 suppor-

93 481 178 543 tare,
200 479 287 551 atque
310 475 398 533 etiam
414 492 473 533 uno
488 480 622 553 tempore
637 476 761 542 accidit,
783 483 816 535 ut
837 474 1084 537 difficilioribust

93 559 145 618 usi
160 556 386 636 tempestatibus
402 575 438 617 ex
452 557 595 636 pellibus,
619 559 726 636 quibus
747 567 832 619 erant
847 566 942 620 tectae
957 578 1055 628 naves,
1071 584 1085 591 ·

93 647 275 701 nocturnum
291 642 427 719 excipere
442 660 542 701 rorem
557 651 748 719 cogerentnr;
775 661 848 721 quas
864 650 960 703 tamen
978 645 1082 704 disti-5

93 724 222 784 cultates
241 726 389 803 patienter
408 732 495 803 atque
511 743 604 805 aequo
620 727 718 786 animo
733 725 871 786 ferebant
884 745 981 804 neque
997 727 1056 787 sibi

93 807 234 868 nudanda
248 808 336 868 litora
352 816 382 868 et
396 809 607 887 relinquendos
622 816 727 887 portus
741 810 958 871 existimabant.
997 810 1082 870 Sede

75 960 78 965 ,
93 910 166 953 curn
181 898 293 961 essent,
316 894 348 950 in
363 891 472 970 quibus
487 893 685 954 demonstravi
699 895 857 971 angustiis,
880 912 914 953 ac
935 912 966 953 se
981 893 1055 954 Libo

93 993 167 1036 cum
180 974 286 1036 Bibulo
302 978 513 1045 coniunxisset,
529 977 692 1057 loquuntur
703 977 790 1037 ambo
801 995 836 1037 ex
849 976 973 1039 navibus
988 995 1056 1037 eum

93 1057 145 1119 Μ’.
167 1059 261 1120 Acilio
282 1066 312 1118 et
333 1058 424 1120 Statio
444 1060 546 1120 lllurco
565 1061 685 1138 legatis,
710 1079 837 1140 quorum
858 1062 933 1121 alter
954 1062 1055 1140 oppidi

93 1144 206 1213 muris,
228 1143 303 1203 alter
316 1143 475 1221 praesidiis
490 1144 683 1205 terrestribus
697 1153 850 1224 praeerat:
881 1145 955 1205 velle
971 1164 1002 1205 se
1019 1146 1055 1205 de

94 1228 236 1287 maximis
255 1226 347 1287 rebus
367 1245 435 1288 curn
451 1228 576 1289 Caesare
590 1229 681 1307 loqui,
698 1232 724 1290 si
742 1229 800 1289 sibi
816 1229 941 1289 facultas
956 1230 1053 1289 detur.

93 1311 162 1372 Huc
176 1309 288 1370 addunt
301 1328 395 1389 panea
409 1314 455 1372 rei
471 1313 688 1374 confirmandae
704 1330 820 1383 causae,
837 1320 870 1373 ut
885 1313 921 1373 de
934 1321 1080 1391 compo-i

94 1397 207 1456 sitione
222 1397 318 1454 acturi
333 1395 513 1455 viderentur.
543 1396 666 1457 Interim
678 1396 835 1476 postulant,
852 1406 884 1458 ut
896 1399 954 1458 sint
968 1398 1054 1457 indn-

94 1481 165 1547 tiae,
182 1484 269 1556 atque
285 1477 321 1538 ab
337 1480 376 1538 iis
391 1480 559 1558 impetrant.
589 1480 725 1558 Magnum
739 1483 828 1551 enim,
845 1482 923 1559 quod
936 1482 1080 1541 adiere-8

95 1562 183 1631 bant,
200 1560 371 1631 videbatur,
393 1571 424 1623 et
438 1563 594 1625 Caesarem
610 1566 641 1625 id
655 1583 769 1626 suntme
784 1565 919 1625 sciebant
934 1583 1053 1644 cupere,

95 1654 126 1707 et
139 1647 307 1727 profectum
322 1647 433 1726 aliquid
448 1648 559 1708 Vibulli
574 1648 720 1709 mandatis
735 1648 972 1709 existimabatur.

160 1729 235 1790 XVl.
259 1730 365 1791 Caesar
385 1749 420 1790 eo
442 1738 575 1810 ternpore
595 1750 663 1793 cum
683 1733 800 1808 legione
822 1751 880 1792 nna
901 1733 1078 1812 prolectusi

96 1816 133 1878 ad
154 1814 343 1894 recipiendas
363 1815 521 1876 ulteriores
541 1818 675 1876 civitates
695 1823 725 1876 et
744 1835 808 1877 rem
829 1816 1053 1876 frumentariam

95 1898 326 1979 expediendam,
348 1917 405 1978 qua
421 1908 543 1985 anguste
559 1898 712 1969 utebatur,
735 1908 800 1960 erat
815 1901 851 1960 ad
865 1900 1053 1969 Buthrotum,

95 1984 264 2064 oppositum
280 1979 433 2063 Corcyrae.
474 1983 519 2043 Ibi
540 1987 651 2045 certior
671 1982 708 2044 ab
723 1983 818 2044 Acilio
838 1991 869 2044 et
882 1984 983 2045 Murco
997 1993 1079 2063 pert

94 2068 212 2128 litteras
236 2067 332 2126 lactus
358 2067 394 2127 de
415 2068 570 2146 postulatis
588 2067 713 2128 Libonis
733 2075 763 2128 et
782 2067 884 2129 Bibuli
905 2069 1055 2146 legionem

93 2152 253 2230 relinquit;
269 2153 333 2230 ipse
343 2150 465 2211 Oricum
477 2155 645 2213 revertitur.
697 2150 737 2213 Eo
749 2171 817 2213 cum
828 2155 966 2223 venisset,
984 2172 1050 2213 evo·
1062 2161 1079 2209 e

94 2242 202 2297 cantur
227 2234 271 2294 illi
297 2236 332 2295 ad
358 2235 545 2314 colloquium.
589 2236 693 2297 Prodit
717 2237 792 2298 Libo
817 2246 905 2317 atque
932 2243 1052 2298 excusat

93 2316 251 2388 Bibulum,
282 2319 361 2397 quod
381 2322 407 2379 is
428 2321 580 2381 iracundia
602 2339 715 2381 summa
737 2330 802 2382 erat
823 2324 1053 2400 inimicitiasque

94 2401 227 2464 babebat
241 2405 330 2462 eti-am
345 2406 476 2482 privatas
487 2423 553 2465 cnm
566 2406 690 2466 Caesare
706 2423 742 2464 ex
757 2406 907 2466 aedilitate
923 2414 953 2464 et
967 2422 1052 2484 prae·

93 2495 162 2548 tura
184 2497 355 2565 conceptas:
383 2487 421 2549 ob
444 2506 508 2548 eam
526 2507 647 2549 eausam
668 2489 845 2568 colloquium
865 2490 988 2557 vitasse,
1016 2506 1053 2548 ne

93 2589 146 2632 res
169 2573 313 2630 maximae
341 2574 405 2650 spei
430 2574 643 2652 maximaeque¹
658 2573 795 2634 utilitatis
816 2574 879 2634 eius
899 2573 1053 2634 iracundia

92 2655 322 2734 impedirentur.
367 2655 516 2716 Summam
541 2674 633 2719 suum
661 2675 784 2718 esseae
812 2658 905 2718 luisse
935 2665 1080 2737 semper4

92 2738 286 2809 voluntatem,
301 2745 335 2799 ut
349 2750 577 2819 componeretur
589 2750 676 2820 atque
688 2742 724 2802 ab
737 2743 828 2801 armis
839 2741 1052 2809 discederetur,

94 2825 148 2886 sed
168 2830 345 2903 potestatem
366 2827 431 2885 eius
450 2827 496 2885 rei
518 2825 626 2886 nullam
648 2824 773 2894 babere,
795 2832 954 2903 propterea
975 2825 1054 2904 quod

94 2909 134 2969 de
157 2909 274 2969 consilii
301 2911 445 2969 sententia
470 2928 613 2970 summam
638 2908 709 2983 belli
734 2926 895 2987 rerumque
920 2911 1054 2969 omnium

94 2992 237 3072 Pompeio
262 2995 463 3070 permiserint.
508 2993 565 3054 Sed
591 2994 746 3072 postulatis
765 2994 899 3055 Caesaris
924 2996 1079 3070 cognitist

95 3077 240 3137 missuros
256 3077 292 3136 ad
307 3077 495 3156 Pompeium,
519 3085 606 3156 atque
626 3078 710 3138 illum
724 3078 839 3155 reliqua
853 3096 909 3156 per
924 3096 954 3138 se
970 3086 1052 3138 actu-

94 3179 162 3221 rum
183 3160 373 3222 hortantibus
393 3164 477 3241 ipsis.
507 3161 623 3222 luterea
644 3169 799 3222 manerent
812 3162 960 3232 indutiae,
983 3163 1054 3223 dum

95 3244 133 3306 ab
147 3244 197 3305 illo
211 3245 306 3307 rediri
321 3253 432 3324 posset,
448 3264 522 3306 neve
537 3246 710 3307 alteralteri
725 3254 858 3307 noceret.
892 3247 956 3307 Huc
971 3247 1054 3307 addit

92 3329 240 3408 paneade
256 3348 343 3390 causa
359 3331 439 3392 etde
455 3332 549 3410 copiis
564 3331 740 3411 auxiliisque
757 3334 827 3393 suis.

158 3411 247 3474 xv11.
270 3413 389 3498 Quibus
405 3415 497 3476 rebus
516 3433 612 3494 neque
633 3421 696 3475 tum
719 3414 957 3495 respondendum
979 3415 1079 3477 Cae-1

92 3514 143 3558 sar
158 3498 343 3568 existimavit,
358 3517 456 3579 neque
466 3517 557 3572 nunc,
573 3507 607 3562 ut
618 3501 784 3566 memoriae
797 3502 981 3586 prodantur,
992 3502 1072 3560 satus
