2356 3870
333 203 410 258 CAP.
424 202 752 258 cxxxiii-cxxxvi.
989 198 1029 262 87

69 352 210 413 demissis
237 352 448 413 salutationem
476 370 559 412 more
586 352 712 413 militari
740 355 864 414 faciunt.
914 351 1066 424 Quibuso

70 439 190 498 miseris
213 455 247 497 ea
269 455 319 496 res
342 454 433 515 parvo
463 436 614 514 praesidio
642 439 708 497 luit.
758 437 891 516 Namque
918 437 1031 497 milites

70 523 204 582 veterani
227 524 271 581 ira
294 528 325 580 et
347 519 449 581 dolore
472 523 587 581 incensi
610 539 670 582 non
691 521 794 592 modo,
817 528 852 581 ut
873 529 1032 599 parcerent

71 605 166 674 hosti,
189 623 250 664 non
271 612 410 683 poterant
432 605 549 674 adduci,
573 604 626 665 sed
648 607 739 665 etiam
761 624 796 666 ex
819 624 874 665 suo
897 607 1032 666 exercitu

71 689 214 750 inlustres
247 688 394 757 urbanos,
427 707 502 767 quos
536 697 675 751 auctores
708 687 915 767 appellabant,
950 708 1031 750 conr·

71 774 175 852 plures
188 780 238 833 aut
249 774 444 834 vulnerarunt
455 781 507 834 aut
521 775 755 842 interfecerunt;
779 776 811 835 in
833 792 891 854 quo
907 791 1032 834 numero
1053 784 1068 834 7

71 860 129 918 luit
151 857 269 918 Tullius
290 858 387 918 liuius
408 860 613 936 quaestorius,
636 860 687 936 qui
709 857 772 936 pilo
796 859 938 919 traiectus
961 876 1031 918 con·

72 941 151 1002 sulto
174 960 191 1002 a
211 941 308 1002 milite
331 942 461 1012 interiit;
492 945 565 1003 item
581 941 742 1019 Pompeius
756 942 853 1003 liuius
875 941 1034 1002 brachium

71 1025 170 1104 gladio
193 1043 370 1104 percussus,
400 1027 460 1086 nisi
483 1026 621 1087 celeriter
643 1027 678 1086 ad
701 1027 859 1089 Gaesarem
887 1026 1033 1087 adcucur-

72 1112 179 1178 risset,
203 1111 382 1172 interiectus
405 1118 492 1171 esset.
537 1109 602 1182 Quo
624 1111 703 1171 iacto
727 1110 897 1187 complures
917 1110 1034 1189 equites
1053 1121 1069 1170 8

72 1194 200 1254 Romani
222 1202 436 1272 senatoresque
459 1196 615 1273 perterriti
643 1212 679 1255 ex
707 1195 822 1273 proelio
851 1212 883 1256 se
910 1212 1033 1272 recepe-

72 1286 154 1346 runt,
177 1295 214 1338 ne
237 1296 254 1338 a
276 1277 434 1347 militibus,
458 1281 509 1358 qui
525 1297 562 1339 ex
577 1285 658 1341 tanta
669 1281 796 1340 victoria
810 1280 963 1341 licentiam
975 1278 1035 1339 sibi
1058 1347 1059 1350 Ἴ

73 1362 309 1439 adsumpsissent
331 1363 516 1423 inmoderate
537 1363 683 1441 peccandi
706 1366 884 1442 inpunitatis
910 1371 1034 1442 propter

72 1449 216 1520 maximas
243 1464 293 1508 res
320 1455 419 1524 gestas
445 1464 514 1522 spe,
544 1449 604 1525 ipsi
632 1465 750 1527 quoque
778 1449 1034 1510 interficerentur.

71 1531 175 1609 ltaque
197 1532 219 1591 ii
242 1548 345 1592 omnes
367 1530 518 1608 Scipionis
538 1532 667 1600 milites,
699 1550 768 1592 cum
789 1531 877 1592 tidem
899 1532 1036 1592 Caesaris
1054 1546 1070 1595 9

74 1615 275 1692 inplorarent,
310 1617 494 1691 inspectante
529 1616 595 1692 ipso
623 1615 749 1677 Caesare
776 1624 807 1675 et
836 1634 853 1675 a
885 1615 1036 1676 militibus

74 1699 269 1777 deprecante,
307 1701 352 1758 eis
395 1700 440 1759 uti
482 1704 658 1777 parcerent,
691 1699 729 1759 ad
760 1717 854 1760 unum
886 1708 956 1760 sunt
989 1703 1035 1759 in·
1106 1740 1108 1745 ι

73 1785 204 1844 terfecti.

136 1867 287 1928 LXXXVI.
332 1867 440 1929 Caesar
475 1869 564 1927 trinis
593 1870 699 1928 castris
727 1870 841 1945 potitus
868 1869 1069 1947 occisisquet

73 1953 207 2013 hostium
228 1964 250 2011 n
272 1952 397 2013 milibus
418 1953 587 2031 fugatisque
609 1951 807 2031 conpluribus
828 1970 861 2012 se
883 1955 1036 2030 recepitn

74 2035 224 2098 militibus
252 2038 388 2109 amissis,
416 2038 522 2116 paucis
550 2039 660 2099 sauciis
690 2039 723 2097 in
752 2046 847 2098 castra
877 2045 907 2097 et
935 2039 1036 2097 statim

76 2141 111 2185 ex
133 2125 242 2185 itinere
265 2131 333 2186 ante
356 2123 499 2203 oppidum
520 2122 672 2201 Thapsum
695 2125 831 2184 constitit
847 2121 1036 2200 elephantos-

75 2227 133 2287 que
160 2208 277 2290 Lx[1v]
307 2216 428 2271 ornatos
455 2214 643 2287 armatosque
672 2205 756 2288 [oum
782 2205 920 2268 turribus
948 2223 1036 2267 orna·

75 2295 245 2372 mentisque
268 2292 363 2374 capit]
387 2300 490 2372 captos
512 2299 580 2354 ante
603 2292 746 2370 oppidum
774 2293 939 2353 instructos
966 2308 1039 2351 con·.

75 2378 186 2447 stituit,
215 2377 246 2439 id
274 2379 331 2439 hoc
361 2379 502 2446 oonsilio,
536 2379 563 2437 si
595 2384 696 2455 posset
727 2375 893 2452 Vergilius,
926 2377 1037 2454 quique

77 2480 145 2523 curn
168 2480 204 2522 eo
227 2462 461 2531 obsidebantur,
484 2463 531 2521 rei
553 2460 630 2520 male
652 2469 753 2537 gestae
776 2477 900 2520 suorum
922 2458 1036 2519 indicio

76 2564 93 2606 a
115 2547 280 2624 pertinacia
302 2546 421 2608 deduci.
465 2544 579 2607 Deinde
603 2547 668 2623 ipse
688 2543 855 2621 Vergilium
878 2541 1037 2621 appellavit
1058 2556 1073 2605 a

76 2631 270 2710 invitavitque
293 2631 330 2691 ad
352 2631 534 2691 deditionem
563 2647 707 2708 suamque
735 2627 890 2688 lenitatem
917 2636 947 2689 et
977 2626 1037 2686 cle-

75 2716 220 2774 mentiam
241 2716 494 2777 commemoravit.
539 2713 634 2785 Quem
656 2721 814 2792 postquam
830 2711 1040 2796 animadvertit

75 2814 256 2874 responsum
279 2798 338 2860 sibi
359 2817 420 2862 uon
435 2799 516 2865 dare,
540 2797 578 2857 ab
594 2797 704 2876 oppido
719 2795 869 2857 discessit.
913 2794 1038 2855 Postero
1057 2807 1074 2856 a

76 2881 126 2941 die
159 2880 258 2940 divina
291 2900 325 2942 re
356 2884 434 2945 facta
468 2883 608 2943 contione
641 2881 780 2941 advocata
810 2882 841 2939 in
876 2884 1039 2956 conspectu

76 2965 294 3043 oppidanorum
300 2967 412 3028 milites
419 2965 567 3028 collaudat
577 2971 733 3044 totumque
745 2964 912 3024 exercitum
923 2970 1038 3022 vetera·

75 3067 148 3111 num
171 3049 298 3121 donavit,
321 3053 455 3130 praemia
478 3050 643 3111 fortissimo
659 3052 766 3128 cuique
777 3065 811 3108 ac
822 3045 899 3108 bene
910 3047 1040 3107 merenti

77 3151 131 3212 pro
159 3142 301 3213 suggestu
328 3135 451 3205 tribuit,
481 3152 516 3194 ac
538 3136 639 3194 statim
659 3133 729 3193 inde
752 3133 906 3209 digressus
932 3128 1040 3190 Rebilo

75 3219 257 3296 proconsule
279 3238 348 3281 cum
371 3232 412 3278 111
435 3219 471 3279 ad
493 3218 643 3302 Thapsum
665 3215 837 3294 legionibus
859 3222 890 3276 et
911 3215 964 3276 Cn.
981 3212 1039 3273 llo·

75 3303 160 3362 mitio
188 3321 258 3364 cum
287 3303 404 3364 duabus
431 3302 591 3371 Thisdrae,
620 3301 673 3361 ubi
701 3299 860 3361 Considius
890 3306 1038 3378 praeerat,

75 3386 113 3446 ad
135 3385 334 3448 obsidendum
355 3388 487 3455 relictis,
513 3386 552 3447 ll.
574 3384 700 3447 Messala
722 3384 839 3446 Uticam
861 3391 930 3444 ante
952 3400 1038 3460 prae·

75 3472 167 3532 misso
191 3490 259 3532 cum
281 3473 429 3550 equitatu,
454 3473 518 3550 ipse
541 3470 648 3532 eodem
669 3471 729 3530 iter
751 3471 858 3530 tacere
879 3465 1057 3528 comesum.
