2356 3870
282 195 395 254 COMM.
409 199 431 254 1.
453 197 530 254 CAP.
544 198 788 255 XXV—XXVIII¹
978 194 1017 260 15

55 365 114 436 lat;
130 383 309 444 magnopere
325 382 391 425 sese
407 365 555 425 corridere
571 365 766 435 demonstrat,
788 367 814 425 si
835 367 900 426 eius
914 368 961 426 rei
975 368 1042 426 siti

56 457 189 530 potestas
203 450 288 518 lacta,
304 449 379 517 fore,
396 455 429 508 ut
444 451 547 528 aequis
562 448 787 510 condicionibus
800 448 836 508 ab
849 452 940 510 armIs
956 450 1014 510 dis·

56 534 197 604 cedatur;
214 535 300 593 cuius
313 535 358 593 rei
373 549 511 610 magnam
525 540 641 612 partem
655 533 751 594 laudis
766 540 853 613 atque
864 535 1014 595 existima·

57 620 149 680 tionis
175 617 212 680 ad
232 616 377 678 Libonem
402 623 625 696 perventuram,
653 620 678 678 si
704 618 755 678 illo
780 624 901 678 auctore
925 625 1014 699 atque

26 700 30 706 ’
58 709 165 780 agente
181 701 218 762 ab
234 703 325 762 armis
340 703 380 762 sit
396 701 571 762 discessum.
601 700 677 762 Libo
699 721 715 762 a
737 701 894 781 conloquio
909 702 1041 764 Caninio

57 788 211 864 digressus
226 786 262 846 ad
277 785 451 864 Pompeium
468 786 677 864 proficiscitur.
712 786 805 846 Paulo
823 796 889 864 post
904 805 1014 847 rennn·
1048 795 1049 799 ’

57 873 127 940 tiat,
154 869 233 950 quod
254 869 391 930 consules
411 869 524 939 absint,
550 871 616 930 sine
642 869 702 930 illis
722 888 781 930 non
801 888 889 948 posse
910 873 955 949 agi
978 872 1014 932 de

57 956 283 1034 compositione.
319 953 362 1014 lta
378 956 497 1032 saepius
512 972 577 1014 rem
592 955 702 1015 trustra
719 960 892 1032 temptatam
906 955 1041 1016 Caesare

57 1039 216 1119 aliquando
230 1034 437 1098 dimittendam
451 1037 509 1098 sibi
524 1038 636 1098 iudicat
650 1046 680 1099 et
701 1038 737 1098 de
758 1037 836 1099 bello
858 1039 1013 1117 agendum.
1128 1062 1131 1066 ·

120 1122 239 1183 XXVII.
268 1122 364 1201 Prope
379 1122 502 1182 dimidia
523 1129 606 1201 parte
622 1125 722 1201 operis
736 1141 753 1182 a
768 1122 894 1184 Caesare
909 1123 1039 1184 ellectat

57 1206 225 1286 diebusque
246 1208 328 1267 inea
346 1224 379 1266 re
401 1208 585 1286 consumptis
598 1218 686 1276 vnn,
708 1225 798 1266 naves
812 1224 828 1268 a
843 1207 1015 1268 consulibus

56 1290 243 1372 Dyrrhachio
257 1293 416 1360 remissae,
438 1309 515 1369 quae
534 1292 665 1370 priorem
687 1298 801 1369 partem
817 1293 965 1352 exercitus
979 1310 1015 1353 eo

56 1377 301 1454 deportaverant,
327 1374 519 1435 Brundisium
538 1381 739 1452 revertuntur.
773 1373 932 1456 Pompeius
951 1377 1040 1436 siren

56 1459 201 1539 operibus
211 1459 347 1520 Caesaris
357 1465 512 1538 permotus
521 1460 583 1520 sire
594 1460 692 1528 etiam,
709 1459 786 1538 quod
801 1458 839 1520 ab
854 1461 941 1520 initio
956 1460 1013 1521 lta·

55 1545 97 1606 lia
117 1543 263 1604 excedere
284 1545 493 1613 constituerat,
515 1542 642 1604 adventu
661 1545 781 1604 navium
800 1545 1015 1623 protectionem

55 1645 163 1708 parare
178 1628 294 1707 incipit,
312 1637 341 1687 et
356 1646 414 1706 quo
429 1627 548 1688 facilius
562 1629 706 1706 impetum
722 1626 858 1688 Caesaris
872 1628 1042 1696 tardarent

55 1731 95 1773 ne
122 1711 177 1776 sub
204 1713 269 1791 ipsa
293 1712 479 1790 prolectIone
500 1710 610 1770 milites
632 1710 772 1789 oppidum
798 1713 1023 1791 inrumperent,

56 1803 158 1876 portas
172 1794 310 1872 obstruit,
326 1797 406 1856 vicos
421 1794 591 1874 plateasque
606 1794 785 1862 inaedificat,
806 1795 903 1856 fossas
917 1801 1013 1855 trans·

56 1898 158 1942 versas
179 1881 236 1940 riis
254 1879 410 1958 praeducit
430 1887 518 1957 atque
539 1877 582 1938 ibi
604 1877 692 1941 sudes
712 1879 889 1957 stipitesque
911 1888 1014 1957 praea-

57 1972 142 2025 cutos
162 1964 274 2042 defigit.
308 1963 389 2024 Haec
414 1961 530 2023 levibns
549 1961 681 2024 cratibus
702 1971 842 2041 terraque
864 1963 1041 2041 inaequat,'4

57 2049 155 2109 aditus
176 2055 275 2109 autem
296 2054 383 2126 atque
410 2048 520 2108 itInera
540 2046 614 2118 duo,
640 2064 717 2125 quae
738 2052 821 2107 extra
840 2064 958 2108 murum
978 2046 1014 2106 ad

57 2139 178 2212 portum
192 2131 338 2201 terebant,
351 2133 488 2192 maximis
499 2131 603 2192 defixis
617 2129 755 2192 trabibus
766 2137 853 2210 atque
869 2132 913 2192 eis
927 2148 1013 2213 prae·

58 2218 152 2277 acutis
166 2218 327 2295 praesepii.
362 2215 416 2276 llis
430 2217 542 2294 paratis
556 2213 647 2276 rebus
661 2214 774 2275 milites
788 2214 908 2275 silentio
923 2222 1040 2275 navest

57 2300 259 2361 conscendere
273 2298 372 2369 iubet,
394 2299 552 2378 expeditos
562 2305 660 2360 autem
675 2315 712 2359 ex
729 2301 870 2367 evocatis,
894 2301 1014 2376 sagitta·

56 2386 112 2445 riis
126 2382 387 2462 funditoribusque
407 2400 492 2444 raros
512 2385 544 2443 in
558 2400 644 2443 muro
664 2381 858 2461 turribusque
873 2382 1014 2461 disponit.

56 2468 116 2530 llos
132 2475 214 2528 certo
234 2469 320 2545 signo
340 2484 480 2528 revocare
497 2467 666 2536 constituit,
690 2484 757 2526 cum
778 2483 882 2526 omnes
902 2465 1050 2526 militest

57 2570 147 2613 nares
172 2551 431 2622 conscendissent,
458 2557 545 2630 atque
569 2551 610 2610 iis
635 2549 774 2629 expedito
799 2549 864 2610 loco
884 2550 1015 2610 actuaria
1047 2584 1051 2629 3

57 2636 343 2715 navigia-relinquit.
580 2683 584 2689 .
1050 2657 1052 2660 ⁴

119 2718 249 2782 XXVIII.
279 2719 454 2781 Brundisini
474 2720 721 2800 Pompeianorum
740 2719 869 2781 milltum
894 2713 1059 2779 iniuriis'l‘

57 2811 145 2884 atque
167 2805 263 2883 ipsius
278 2804 401 2883 Pompei
420 2803 608 2865 contumeliis
628 2805 757 2883 permoti
772 2802 906 2865 Caesaris
924 2799 1015 2861 rebus
1072 2869 1073 2872 Ἴ

56 2888 204 2950 latebant.
239 2887 343 2967 ltaque
359 2889 476 2963 cognita
491 2887 614 2967 Pompei
636 2887 820 2967 proiectione
835 2892 1041 2945 concursant

56 2971 137 3033 tibus
152 2971 214 3033 illis
228 2978 317 3052 atque
333 2973 364 3032 in
380 2989 415 3031 ea
429 2989 463 3031 re
478 2972 631 3050 occupatis
644 2970 732 3048 vulgo
747 2988 784 3030 ex
798 2971 887 3030 tectis
901 2968 1015 3045 signiti-

56 3055 174 3119 cabant.
203 3055 261 3117 Per
276 3074 349 3135 quos
364 3073 397 3116 re
412 3058 530 3132 cognita
546 3055 654 3116 Caesar
668 3051 763 3114 scalas
776 3053 876 3133 parari
890 3051 1015 3113 milites·
1128 3078 1156 3112 ’κ

56 3158 115 3220 que
129 3139 240 3202 arietari
255 3139 349 3210 iubet,
367 3157 404 3199 ne
420 3157 507 3219 quam
522 3141 569 3200 rei
582 3138 730 3216 gerendae
745 3136 902 3199 lacmatem
914 3136 1014 3197 dimit·

57 3231 108 3286 tat.
131 3223 290 3303 Pompeius
304 3223 359 3284 suh
371 3230 487 3284 noctem
502 3224 586 3283 navis
600 3222 697 3284 solvit.
719 3219 776 3291 Qus
787 3227 872 3281 erant
886 3221 918 3280 in
929 3227 1042 3281 muron

55 3309 210 3370 custodiae
227 3326 315 3369 causa
330 3307 485 3377 conlocati,
502 3326 537 3367 eo
552 3308 647 3385 signo,
661 3305 740 3385 quod
756 3312 948 3373 convenerat,
966 3322 1014 3364 re·

54 3399 199 3454 vocantur
213 3395 350 3472 notisque
365 3390 528 3452 itineribus,
539 3391 577 3452 ad
596 3407 686 3451 naves
700 3389 873 3451 decurrunt.
902 3388 1041 3448 llilitest

54 3477 162 3557 posttis
175 3478 264 3538 scalis
278 3494 380 3537 muros
395 3475 568 3549 ascendunt,
589 3474 644 3539 sed
657 3475 768 3540 moniti
784 3471 1029 3539 sermonum.
