2356 3870
296 224 395 287 COllll.
412 223 474 279 l'lll.
492 224 560 280 cni.
578 224 689 280 xxxxii
701 226 778 281 -Ll.
974 228 1030 290 191

137 387 214 456 Soio,
228 387 382 448 Caesarem
395 385 578 464 singulorum
591 405 736 447 annorum
744 386 875 462 singulos
884 406 1032 450 commen·
1044 397 1075 449 1⁰

69 471 162 531 ta'rios
178 470 357 537 coniecisse:
382 468 460 546 qnod
484 487 537 546 ego
558 487 617 529 non
639 471 800 531 existimati
822 471 892 532 milri
910 490 974 532 esse
989 475 1031 534 ia·

67 553 223 622 ciendum,
251 562 410 633 propterea
433 552 511 629 quod
526 555 687 628 insequens
702 572 811 624 annus,
827 555 860 616 L.
877 555 982 625 Paulo,
1000 557 1030 617 C.

67 636 208 698 blarcello
224 635 411 705 consulibus,
433 635 528 696 nullas
550 636 638 696 habet
657 656 838 717 magnopere
854 637 963 700 Calliae
983 657 1032 700 res
1072 686 1079 699 .

67 729 176 798 gestas.
213 720 256 780 Ne
278 721 343 797 quis
363 727 462 779 tamen
483 721 648 797 ignoraret,
666 722 774 796 quibus
789 723 820 782 in
833 721 907 782 loeis
923 721 1029 783 Caesar
1041 731 1071 782 11

68 806 275 879 exercitusque
298 821 332 863 eo
354 810 487 881 tempore
507 804 645 873 luissent,
672 823 765 882 pauca
791 823 856 865 esse
877 805 1031 867 scribenda

68 886 333 964 coniungendaque
348 885 418 947 huic
434 889 645 947 commentario
660 889 757 948 statui.

130 970 324 1030 xxxxviiii.
364 971 470 1030 Caesar
490 971 520 1029 in
542 969 643 1046 Belgio
670 989 737 1030 cum
757 969 917 1040 hiemaret,
938 980 1057 1032 unumi

65 1053 139 1114 illud
154 1055 338 1131 propositum
359 1052 501 1123 habebat,
524 1056 677 1113 continere
696 1055 726 1114 lu
749 1055 874 1114 amicilia
890 1054 1029 1125 civitates,

66 1136 141 1198 nulli
157 1154 240 1216 spem
257 1145 306 1195 aut
321 1154 438 1196 causam
455 1137 525 1197 dare
547 1155 707 1197 armorum.
743 1136 821 1197 Nihil
839 1139 916 1198 enlm
931 1139 1061 1199 minusa

65 1220 195 1289 volebat,
214 1236 300 1296 quam
322 1218 377 1279 sub
392 1219 516 1280 decessu
537 1238 591 1280 suo
607 1221 815 1281 necessitatem
830 1221 886 1281 sibi
902 1221 1030 1298 aliquam

65 1305 168 1382 inponi
183 1303 252 1362 belli
269 1302 400 1380 gerendi,
417 1321 464 1372 ne,
482 1321 547 1362 cum
566 1305 727 1363 exercitum
743 1304 923 1366 deducturus
940 1312 1027 1375 esset,

64 1387 176 1448 bellum
193 1386 311 1461 aliquod
327 1386 562 1463 relinqueretur,
584 1388 663 1463 quod
684 1389 778 1448 omnis
795 1387 885 1448 Gallia
901 1388 1029 1450 libenter

65 1473 129 1532 sine
151 1471 301 1548 praesenti
320 1469 454 1547 periculo
476 1472 650 1549 susciperet.
687 1472 789 1548 ltaque
810 1471 971 1533 honorilice
988 1475 1060 1534 cit

65 1557 169 1616 vitatos
184 1552 369 1632 appellando,
385 1555 535 1633 principes
550 1555 685 1614 maximis
700 1557 840 1632 praemiis
855 1555 1027 1625 adliciendo,

63 1638 145 1699 nulla
160 1654 251 1696 onera
265 1637 445 1713 iniungendo
462 1636 607 1697 defessam
621 1644 665 1697 tot
679 1638 809 1698 adversis
823 1638 946 1717 proeliis
961 1638 1027 1699 Gal·

63 1722 133 1782 liam
149 1721 323 1785 condicione
337 1720 459 1799 parendi
475 1719 598 1781 meliore
613 1719 697 1781 laelle
711 1723 743 1782 in
757 1739 830 1800 pace
845 1722 999 1783 continuit.

126 1804 160 1865 L.
196 1805 263 1882 lpse
289 1802 421 1864 bibernis
446 1807 573 1882 peractis
599 1811 702 1865 contra
729 1804 972 1865 consuetudinem
997 1806 1057 1865 inl

62 1889 177 1950 ltaliam
184 1905 271 1964 quam
280 1889 413 1948 maximis
429 1887 585 1949 itineribus
593 1896 637 1948 est
649 1889 811 1967 proiectus,
828 1890 1028 1968 utmunicipia

62 1980 93 2034 et
108 1971 238 2033 colonias
259 1970 434 2049 appellaret,
458 1971 564 2047 quibus
580 1972 616 2032 ll.
634 1972 767 2039 Antonii,
790 1973 955 2047 quaestoris
970 1974 1026 2041 sui,
1111 2046 1116 2055 ,

62 2055 321 2116 commendaverat
341 2055 498 2114 sacerdotii
511 2057 694 2134 petitionem.
727 2054 929 2116 Contendebat
950 2057 1058 2116 cuim!

60 2140 156 2217 gratia
172 2156 238 2198 eum
254 2136 382 2197 libenter
397 2157 452 2216 pro
468 2138 585 2198 bomine
601 2137 658 2199 sibi
672 2140 921 2207 coniunctissimo,
939 2156 1027 2216 quem

60 2221 151 2302 paulo
166 2229 234 2282 ante
249 2223 445 2299 praemiserat
460 2222 495 2282 ad
515 2223 704 2301 petitionem,
721 2231 783 2282 tum
799 2224 908 2282 acriter
924 2229 1026 2283 contra

60 2307 222 2368 factionem
239 2313 268 2364 et
282 2307 444 2382 potentiam
460 2323 637 2382 paucorum,
654 2309 705 2382 qui
720 2306 757 2365 ll.
774 2307 893 2366 Antonii
907 2305 1026 2384 repulsa

61 2389 196 2451 Caesaris
217 2387 387 2448 decedentis
408 2391 531 2465 gratiam
553 2389 719 2449 convellere
740 2387 907 2466 cupiebant.
943 2388 1059 2449 lluuc³

61 2475 119 2533 etsi
142 2489 285 2548 augurem
306 2472 390 2550 prius
411 2474 535 2542 iactum,
559 2487 645 2547 quarn
668 2471 780 2532 ltaliam
802 2473 974 2547 attingeret,
996 2473 1027 2532 in

59 2557 168 2616 itincre
184 2555 325 2624 audierat,
343 2563 515 2616 tamennon
526 2558 624 2616 minus
638 2557 745 2616 iustam
760 2554 817 2615 sibl
831 2573 949 2616 eausam
960 2572 1025 2615 mu·
1041 2612 1044 2616 .

59 2640 169 2716 uicipia
185 2647 213 2698 et
228 2638 357 2698 colonias
370 2639 497 2699 adeundi
508 2640 690 2709 existimarit,
705 2647 737 2699 ut
748 2639 784 2699 ils
794 2641 902 2716 gratias
915 2647 1025 2717 ageret,

60 2721 141 2798 quod
156 2722 354 2798 frequentiam
370 2732 458 2798 atque
474 2723 603 2783 oillcium
618 2741 705 2783 suum
719 2723 846 2782 Antonio
861 2724 1025 2801 praestitis·

59 2813 137 2874 seut,
155 2805 303 2882 simulque
319 2822 351 2865 se
363 2814 393 2865 et
403 2805 548 2866 honorem
564 2807 849 2880 suumjnsequentis
861 2807 929 2865 anni
946 2814 1057 2865 com-t

60 2888 227 2958 mendaret,
249 2898 410 2967 propterea
432 2889 509 2965 quod
530 2888 692 2949 insolenter
714 2888 873 2948 adversarii
894 2889 939 2948 sul
962 2887 1024 2964 glo·

59 2975 221 3042 riarentur,
237 2971 269 3031 L.
288 2971 444 3033 Lentulum
460 2980 490 3033 et
505 2973 535 3032 C.
552 2970 724 3033 llarcellum
746 2971 882 3032 consules
898 2978 1024 3042 creatos,

59 3058 113 3132 qui
134 3074 252 3116 omnem
273 3054 419 3117 bonorem
440 3063 470 3116 et
495 3055 666 3134 dignitatem
696 3055 829 3116 Caesaris
853 3054 1024 3135 spoliarent,

60 3148 197 3218 ereptum
213 3140 277 3200 Ser.
295 3138 404 3199 Galbae
420 3138 621 3208 consulatum,
645 3157 711 3200 cum
727 3141 752 3200 is
766 3137 860 3200 multo
875 3137 943 3218 plus
958 3156 1024 3214 gra·

58 3226 98 3283 tia
115 3224 321 3301 suffragiisque
337 3222 485 3293 valuisset,
502 3224 580 3301 quod
596 3222 651 3285 sibi
666 3225 840 3284 coniunctus
856 3231 885 3283 et
900 3222 1024 3283 familia·

58 3311 147 3367 ritate
163 3315 192 3368 et
208 3306 421 3368 cousuetudine
436 3306 590 3385 legationis
607 3315 693 3369 esset.

123 3391 168 3452 LI.
199 3391 347 3470 Exceptus
364 3398 407 3452 est
424 3391 557 3453 Caesaris
572 3391 713 3453 adventus
724 3391 761 3453 ab
776 3391 913 3452 omnibus
928 3391 1024 3450 muni·

57 3477 143 3555 eipiis
160 3484 189 3536 et
197 3475 320 3537 coloniis
330 3475 495 3538 incredibili
511 3475 626 3541 bonore
638 3484 729 3557 atque
744 3495 857 3539 amore.
874 3475 962 3536 'lum
970 3473 1035 3553 pri·
