2356 3870
395 221 493 278 corni.
510 222 540 278 ll.
557 217 626 278 CAP.
642 219 757 277 vi-xi.
1018 217 1058 280 35

94 386 183 446 terim
199 383 316 463 proelio
330 386 462 461 equestri
476 386 554 444 inter
567 385 640 446 duas
652 387 729 444 acies
741 381 984 444 contendebatur.
1001 378 1058 442 Ubi

93 470 194 529 neutri
220 468 396 528 transeundi
420 469 537 529 initium
561 469 688 538 iaciunt,
719 467 895 528 secundiore
926 465 1057 541 equitum

93 551 211 628 proelio
235 552 361 621 nostris,
384 551 491 613 Caesar
516 569 586 612 suos
610 553 641 612 in
668 559 762 612 castra
788 550 915 611 reduxit.
952 548 1090 608 Hostest

91 637 233 714 protinus
261 653 296 697 ex
324 653 359 696 eo
383 633 449 696 loco
475 635 511 695 ad
537 634 647 695 flumen
671 636 803 695 Axonam
830 632 1056 699 contenderunt,

93 717 175 796 quod
192 735 259 779 esse
272 726 342 797 post
355 726 458 780 nostra
473 725 569 780 castra
584 719 818 779 demonstratum
835 727 888 778 est.
919 716 964 776 lhi
978 715 1058 779 vadis
1073 722 1089 770 4

92 803 225 882 repertis
244 810 360 880 partem
381 821 501 863 suarum
522 804 673 880 copiarum
693 801 850 862 traducere
865 802 963 861 conati
977 806 1055 864 sunt,

93 904 129 946 eo
146 884 290 954 consilio,
306 892 354 955 ut,
371 887 396 946 si
410 893 547 965 possent,
564 885 732 955 castellum,
750 887 798 945 cui
811 890 950 964 praeerat
964 882 1056 953 Quin·

93 978 143 1030 tus
153 969 290 1029 Titurius
304 967 428 1046 legatus,
446 978 652 1048 expugnarent
665 975 847 1048 pontemque
860 965 1055 1028 interscinde·

91 1059 179 1120 rent;
204 1053 229 1112 si
243 1053 342 1112 minus
356 1055 537 1130 potuissent,
554 1070 640 1130 agros
654 1052 817 1114 Remorum
832 1051 1055 1131 popularentur,
1071 1054 1088 1104 5

93 1137 148 1212 qui
161 1151 270 1212 magno
290 1134 377 1196 nobis
391 1137 459 1197 usui
479 1135 516 1196 ad
535 1135 647 1196 bellum
668 1135 832 1214 gerendum
854 1141 952 1203 orant,
976 1151 1056 1193 com-

93 1226 258 1295 meatuque
273 1225 392 1280 nostros
407 1218 610 1298 prohiberent

159 1302 195 1362 X.
215 1303 330 1363 Caesar
344 1304 455 1363 certior
469 1303 565 1363 iactus
580 1301 616 1362 ab
627 1303 743 1363 Titurio
758 1319 877 1362 omnem
893 1301 1057 1377 equitatum
1072 1304 1086 1355 l

95 1392 126 1446 et
135 1385 211 1445 levis
223 1392 391 1446 armaturae
403 1385 553 1455 Numidas,
566 1385 733 1446 funditores
745 1386 971 1463 sagittariosque
980 1400 1055 1460 pon·

94 1476 157 1529 tem
171 1467 301 1528 traducit
320 1476 409 1545 atque
431 1468 467 1529 ad
489 1486 540 1529 eos
561 1468 721 1529 contendit.
758 1471 872 1531 Acriter
892 1469 923 1527 in
940 1484 975 1527 eo
990 1465 1088 1526 looot

95 1559 262 1631 pugnatum
277 1561 331 1612 est.
355 1551 463 1612 Hostes
473 1550 621 1631 inpeditos
636 1554 731 1612 nostri
746 1554 777 1613 in
788 1551 910 1612 iiumine
926 1549 1058 1626 adgressi

96 1652 239 1712 magnum
251 1652 355 1695 eornm
369 1648 529 1695 numerum
541 1635 728 1701 occiderunt;
745 1653 800 1714 per
812 1652 915 1695 eorum
932 1649 1057 1710 corpora
1072 1637 1090 1688 3

95 1718 232 1795 reliquos
253 1717 447 1778 audacissime
468 1720 596 1779 transire
616 1726 758 1779 conantes
771 1717 960 1778 multitudine
982 1715 1055 1776 telo·

95 1820 165 1862 rum
180 1800 394 1880 reppulerunt;
418 1803 547 1879 primos,
563 1803 614 1878 qui
628 1802 822 1870 transierant,
846 1802 978 1876 equitatu
998 1801 1056 1859 cir·

96 1890 272 1945 cumventos
285 1885 510 1945 interfecerunt.
549 1885 671 1954 Hostes,
693 1884 745 1946 uhi
765 1892 794 1944 et
808 1883 845 1944 de
861 1882 1056 1962 expugnando
1070 1889 1088 1937 4

97 1967 209 2047 oppido
225 1967 305 2028 etde
319 1967 441 2028 flumine
461 1968 642 2029 transeundo
658 1986 741 2047 spem
762 1986 795 2029 se
814 1966 954 2028 fefellisse
969 1965 1055 2026 intel·

95 2050 237 2112 lexerunt
252 2066 350 2127 neque
363 2057 483 2112 nostros
497 2053 528 2111 in
542 2051 641 2112 locum
651 2053 831 2129 iniquiorem
845 2050 986 2129 progredi
1000 2067 1055 2128 pu·

95 2133 209 2212 gnandi
223 2152 311 2194 causa
324 2132 476 2204 viderunt,
499 2142 586 2211 atque
607 2137 688 2214 ipsos
708 2153 758 2196 res
776 2135 969 2200 frumentaria
985 2133 1055 2194 deii·
1135 2211 1137 2215 ι

95 2235 167 2279 cere
189 2218 301 2296 coepit,
324 2217 445 2278 consilio
467 2226 627 2279 convocato
649 2220 884 2287 constituerunt,
902 2219 1055 2294 optimum

95 2318 180 2371 esso,
197 2299 319 2361 domum
333 2318 416 2361 suam
431 2317 579 2378 quemque
592 2305 716 2371 reverti,
734 2309 776 2372 et,
794 2318 922 2379 quorum
936 2302 967 2361 in
982 2301 1055 2360 lines

92 2386 229 2465 primum
243 2383 369 2445 Romani
389 2386 552 2446 exercitum
565 2386 814 2455 introduxissent,
835 2385 871 2446 ad
887 2403 938 2445 eos
953 2383 1054 2445 deien-

94 2467 213 2529 dendos
228 2467 360 2545 undique
379 2470 589 2537 convenirent,
611 2475 645 2528 ut
663 2471 762 2548 potius
782 2471 814 2528 in
834 2470 895 2529 suis
917 2484 1006 2545 quarn
1024 2468 1056 2526 in

94 2551 203 2612 olienis
216 2550 324 2612 tinibus
338 2550 526 2612 decertarent
537 2560 567 2612 et
578 2552 746 2613 domesticis
761 2553 853 2631 copiis
865 2552 909 2612 rei
922 2552 1055 2612 irumen·

93 2635 192 2696 tariac
207 2641 372 2695 uterentur.
409 2634 453 2695 nd
469 2653 534 2696 eam
548 2638 723 2696 sententiam
739 2653 807 2696 eum
821 2635 945 2711 reliquis
960 2636 1055 2694 causis
1069 2639 1086 2690 o

94 2716 171 2778 haec
186 2733 305 2794 quoque
319 2719 396 2779 ratio
411 2736 461 2779 eos
476 2718 607 2788 deduxit,
623 2719 702 2796 quod
713 2719 885 2780 Divitiacum
900 2725 989 2795 atque
999 2719 1054 2778 Ae·

95 2801 172 2862 duos
202 2800 310 2862 tinibus
334 2801 557 2863 Bellovacorum
583 2803 822 2882 adpropinquare
845 2809 1052 2878 cognoverant.

95 2884 149 2944 llis
168 2883 360 2964 persuaderi,
381 2893 416 2946 ut
434 2885 545 2947 diutius
564 2892 755 2948 morarentur
775 2901 874 2962 neque
894 2885 956 2944 suis
971 2885 1053 2944 auxi·

94 2967 169 3029 lium
183 2967 314 3038 ferrent,
329 2985 391 3029 non
404 2975 530 3048 poterat.

159 3051 210 3112 xi.
227 3051 270 3113 lla
284 3070 319 3112 re
333 3054 502 3123 constituta,
519 3052 648 3114 secunda
662 3053 760 3131 vigilia
774 3070 881 3132 magno
896 3071 964 3113 cum
974 3055 1055 3113 stre·
1070 3056 1084 3107 1

93 3137 159 3215 pitu
174 3153 211 3197 ao
224 3134 355 3197 tumultu
369 3138 474 3199 castris
493 3139 607 3215 egressi
626 3136 708 3198 nullo
729 3145 811 3200 certo
833 3137 937 3198 ordine
956 3152 1054 3212 neque

93 3221 240 3299 imperio,
262 3237 330 3281 cum
344 3219 401 3281 sibi
415 3223 540 3299 quisque
554 3222 684 3301 primum
697 3222 812 3283 itineris
825 3219 924 3282 locum
939 3225 1056 3299 peteret

96 3311 125 3364 et
140 3304 266 3365 domum
278 3307 435 3384 pervenire
454 3311 646 3385 properaret,
667 3306 818 3374 iecerunt,
839 3315 874 3366 ut
893 3301 1055 3365 consimilis

95 3387 184 3466 trigae
198 3388 344 3467 protectio
359 3388 518 3450 videretur.
554 3388 618 3450 Hac
630 3406 665 3449 re
679 3391 778 3450 statim
793 3388 900 3450 Caesar
915 3405 971 3469 per
987 3403 1054 3465 spe·
1069 3392 1087 3439 2

96 3470 248 3534 eulatores
262 3474 377 3551 cognita
390 3473 512 3535 insidias
527 3474 647 3548 veritus,
665 3470 757 3558 quod,
774 3474 890 3559 quade
904 3491 1001 3539 causa
1011 3471 1073 3532 us·

867 3564 913 3636 3⁸
