<?xml version="1.0" encoding="UTF-8"?>
<!DOCTYPE html PUBLIC "-//W3C//DTD XHTML 1.0 Transitional//EN"
    "http://www.w3.org/TR/xhtml1/DTD/xhtml1-transitional.dtd">
<html xmlns="http://www.w3.org/1999/xhtml" xml:lang="en" lang="en">
 <head>
  <title>
</title>
<meta http-equiv="Content-Type" content="text/html;charset=utf-8" />
  <meta name='ocr-system' content='tesseract 3.04.00' />
  <meta name='ocr-capabilities' content='ocr_page ocr_carea ocr_par ocr_line ocrx_word'/>
</head>
<body>
  <div class='ocr_page' id='page_1' title='image "./commentariicuma00caesgoog_0426.png"; bbox 0 0 2356 3870; ppageno 0'>
   <div class='ocr_carea' id='block_1_1' title="bbox 325 201 1019 264">
    <p class='ocr_par' dir='ltr' id='par_1_1' title="bbox 325 201 1019 264">
     <span class='ocr_line' id='line_1_1' title="bbox 325 201 1019 264; baseline 0.012 -8"><span class='ocrx_word' id='word_1_1' title='bbox 325 202 401 258; x_wconf 84' lang='lat' dir='ltr'>UAP.</span> <span class='ocrx_word' id='word_1_2' title='bbox 415 203 756 260; x_wconf 82' lang='lat' dir='ltr'>LXXXX-LXXXXIII.</span> <span class='ocrx_word' id='word_1_3' title='bbox 980 201 1019 264; x_wconf 83' lang='lat'>91</span> 
     </span>
    </p>
   </div>
   <div class='ocr_carea' id='block_1_2' title="bbox 46 350 1138 2281">
    <p class='ocr_par' dir='ltr' id='par_1_2' title="bbox 59 350 1138 1018">
     <span class='ocr_line' id='line_1_2' title="bbox 60 350 1022 432; baseline 0.005 -22"><span class='ocrx_word' id='word_1_4' title='bbox 60 358 183 431; x_wconf 86' lang='lat' dir='ltr'>penates</span> <span class='ocrx_word' id='word_1_5' title='bbox 216 351 425 420; x_wconf 78' lang='lat' dir='ltr'>admitterent,</span> <span class='ocrx_word' id='word_1_6' title='bbox 465 350 518 412; x_wconf 93' lang='lat' dir='ltr'>ubi</span> <span class='ocrx_word' id='word_1_7' title='bbox 558 370 611 414; x_wconf 86' lang='lat' dir='ltr'>eos</span> <span class='ocrx_word' id='word_1_8' title='bbox 641 360 778 432; x_wconf 88' lang='lat' dir='ltr'>perstare</span> <span class='ocrx_word' id='word_1_9' title='bbox 811 356 843 415; x_wconf 91' lang='lat' dir='ltr'>in</span> <span class='ocrx_word' id='word_1_10' title='bbox 874 356 1022 415; x_wconf 88' lang='lat' dir='ltr'>sententia</span> 
     </span>
     <span class='ocr_line' id='line_1_3' title="bbox 60 435 1022 517; baseline 0.003 -21"><span class='ocrx_word' id='word_1_11' title='bbox 60 435 270 496; x_wconf 88' lang='lat' dir='ltr'>animadvertit</span> <span class='ocrx_word' id='word_1_12' title='bbox 292 453 347 495; x_wconf 89' lang='lat' dir='ltr'>nec</span> <span class='ocrx_word' id='word_1_13' title='bbox 370 437 461 495; x_wconf 89' lang='lat' dir='ltr'>minis</span> <span class='ocrx_word' id='word_1_14' title='bbox 483 455 539 497; x_wconf 91' lang='lat' dir='ltr'>nec</span> <span class='ocrx_word' id='word_1_15' title='bbox 566 437 710 515; x_wconf 88' lang='lat' dir='ltr'>precibus</span> <span class='ocrx_word' id='word_1_16' title='bbox 731 440 794 498; x_wconf 89' lang='lat' dir='ltr'>suis</span> <span class='ocrx_word' id='word_1_17' title='bbox 816 440 939 508; x_wconf 86' lang='lat' dir='ltr'>moveri,</span> <span class='ocrx_word' id='word_1_18' title='bbox 963 457 1022 517; x_wconf 93' lang='lat' dir='ltr'>quo</span> 
     </span>
     <span class='ocr_line' id='line_1_4' title="bbox 60 521 1138 599; baseline 0.002 -20"><span class='ocrx_word' id='word_1_19' title='bbox 60 521 156 596; x_wconf 82' lang='lat' dir='ltr'>magis</span> <span class='ocrx_word' id='word_1_20' title='bbox 178 537 209 578; x_wconf 91' lang='lat' dir='ltr'>se</span> <span class='ocrx_word' id='word_1_21' title='bbox 232 521 412 598; x_wconf 84' lang='lat' dir='ltr'>reciperent,</span> <span class='ocrx_word' id='word_1_22' title='bbox 435 522 526 580; x_wconf 92' lang='lat' dir='ltr'>tertio</span> <span class='ocrx_word' id='word_1_23' title='bbox 548 523 625 599; x_wconf 92' lang='lat' dir='ltr'>petit</span> <span class='ocrx_word' id='word_1_24' title='bbox 646 521 684 581; x_wconf 90' lang='lat' dir='ltr'>ab</span> <span class='ocrx_word' id='word_1_25' title='bbox 707 523 762 590; x_wconf 87' lang='lat' dir='ltr'>eis,</span> <span class='ocrx_word' id='word_1_26' title='bbox 784 529 818 582; x_wconf 95' lang='lat' dir='ltr'>ut</span> <span class='ocrx_word' id='word_1_27' title='bbox 840 521 899 582; x_wconf 94' lang='lat' dir='ltr'>sibi</span> <span class='ocrx_word' id='word_1_28' title='bbox 919 525 1022 583; x_wconf 88' lang='lat' dir='ltr'>couiu·</span> <span class='ocrx_word' id='word_1_29' title='bbox 1135 526 1138 530; x_wconf 77' lang='grc'><strong><em>’</em></strong></span> 
     </span>
     <span class='ocr_line' id='line_1_5' title="bbox 60 602 1021 683; baseline 0.001 -20"><span class='ocrx_word' id='word_1_30' title='bbox 60 621 112 680; x_wconf 88' lang='lat' dir='ltr'>ges</span> <span class='ocrx_word' id='word_1_31' title='bbox 145 602 317 682; x_wconf 89' lang='lat' dir='ltr'>liberosque</span> <span class='ocrx_word' id='word_1_32' title='bbox 348 603 523 674; x_wconf 88' lang='lat' dir='ltr'>redderent,</span> <span class='ocrx_word' id='word_1_33' title='bbox 559 614 594 665; x_wconf 89' lang='lat' dir='ltr'>ut</span> <span class='ocrx_word' id='word_1_34' title='bbox 626 621 729 666; x_wconf 85' lang='lat' dir='ltr'>secum</span> <span class='ocrx_word' id='word_1_35' title='bbox 761 623 813 666; x_wconf 92' lang='lat' dir='ltr'>eos</span> <span class='ocrx_word' id='word_1_36' title='bbox 844 613 1021 683; x_wconf 83' lang='lat' dir='ltr'>asportaret.</span> 
     </span>
     <span class='ocr_line' id='line_1_6' title="bbox 60 687 1060 768; baseline 0.003 -21"><span class='ocrx_word' id='word_1_37' title='bbox 60 687 221 767; x_wconf 86' lang='lat' dir='ltr'>Postquam</span> <span class='ocrx_word' id='word_1_38' title='bbox 243 687 304 747; x_wconf 91' lang='lat' dir='ltr'>sibi</span> <span class='ocrx_word' id='word_1_39' title='bbox 336 687 412 747; x_wconf 83' lang='lat' dir='ltr'>nihil</span> <span class='ocrx_word' id='word_1_40' title='bbox 445 689 567 749; x_wconf 90' lang='lat' dir='ltr'>omuino</span> <span class='ocrx_word' id='word_1_41' title='bbox 590 688 755 768; x_wconf 87' lang='lat' dir='ltr'>oppidanos</span> <span class='ocrx_word' id='word_1_42' title='bbox 782 691 919 768; x_wconf 83' lang='lat' dir='ltr'>responsi</span> <span class='ocrx_word' id='word_1_43' title='bbox 951 690 1060 750; x_wconf 82' lang='lat' dir='ltr'>red-4</span> 
     </span>
     <span class='ocr_line' id='line_1_7' title="bbox 59 771 1023 851; baseline 0.004 -20"><span class='ocrx_word' id='word_1_44' title='bbox 59 771 131 832; x_wconf 90' lang='lat' dir='ltr'>dere</span> <span class='ocrx_word' id='word_1_45' title='bbox 154 771 373 840; x_wconf 83' lang='lat' dir='ltr'>animadvertit,</span> <span class='ocrx_word' id='word_1_46' title='bbox 397 771 480 832; x_wconf 90' lang='lat' dir='ltr'>nulla</span> <span class='ocrx_word' id='word_1_47' title='bbox 501 790 536 833; x_wconf 90' lang='lat' dir='ltr'>re</span> <span class='ocrx_word' id='word_1_48' title='bbox 558 771 598 832; x_wconf 86' lang='lat' dir='ltr'>ab</span> <span class='ocrx_word' id='word_1_49' title='bbox 619 772 667 832; x_wconf 91' lang='lat' dir='ltr'>his</span> <span class='ocrx_word' id='word_1_50' title='bbox 689 775 848 851; x_wconf 87' lang='lat' dir='ltr'>impetrata</span> <span class='ocrx_word' id='word_1_51' title='bbox 875 772 913 834; x_wconf 91' lang='lat' dir='ltr'>ab</span> <span class='ocrx_word' id='word_1_52' title='bbox 936 773 1023 835; x_wconf 87' lang='lat' dir='ltr'>Zama</span> 
     </span>
     <span class='ocr_line' id='line_1_8' title="bbox 60 854 1022 936; baseline 0.004 -21"><span class='ocrx_word' id='word_1_53' title='bbox 60 854 189 916; x_wconf 83' lang='lat' dir='ltr'>discedit</span> <span class='ocrx_word' id='word_1_54' title='bbox 212 863 300 935; x_wconf 87' lang='lat' dir='ltr'>atque</span> <span class='ocrx_word' id='word_1_55' title='bbox 322 854 358 915; x_wconf 91' lang='lat' dir='ltr'>ad</span> <span class='ocrx_word' id='word_1_56' title='bbox 380 855 480 916; x_wconf 91' lang='lat' dir='ltr'>villam</span> <span class='ocrx_word' id='word_1_57' title='bbox 503 873 587 917; x_wconf 88' lang='lat' dir='ltr'>suam</span> <span class='ocrx_word' id='word_1_58' title='bbox 610 874 678 916; x_wconf 91' lang='lat' dir='ltr'>cum</span> <span class='ocrx_word' id='word_1_59' title='bbox 699 856 739 918; x_wconf 88' lang='grc' dir='ltr'>Μ.</span> <span class='ocrx_word' id='word_1_60' title='bbox 761 857 880 918; x_wconf 85' lang='lat' dir='ltr'>Petreio</span> <span class='ocrx_word' id='word_1_61' title='bbox 902 860 1022 936; x_wconf 90' lang='lat' dir='ltr'>paucis·</span> 
     </span>
     <span class='ocr_line' id='line_1_9' title="bbox 61 939 498 1018; baseline -0.005 -18"><span class='ocrx_word' id='word_1_62' title='bbox 61 958 118 1018; x_wconf 85' lang='lat' dir='ltr'>qne</span> <span class='ocrx_word' id='word_1_63' title='bbox 141 939 294 1018; x_wconf 90' lang='lat' dir='ltr'>equitibus</span> <span class='ocrx_word' id='word_1_64' title='bbox 316 956 347 998; x_wconf 90' lang='lat' dir='ltr'>se</span> <span class='ocrx_word' id='word_1_65' title='bbox 371 940 498 1000; x_wconf 83' lang='lat' dir='ltr'>confert.</span> 
     </span>
    </p>

    <p class='ocr_par' dir='ltr' id='par_1_3' title="bbox 46 1022 1063 2194">
     <span class='ocr_line' id='line_1_10' title="bbox 124 1022 1056 1102; baseline 0.001 -19"><span class='ocrx_word' id='word_1_66' title='bbox 124 1023 292 1083; x_wconf 86' lang='lat' dir='ltr'>LXXXXII.</span> <span class='ocrx_word' id='word_1_67' title='bbox 337 1022 494 1084; x_wconf 90' lang='lat' dir='ltr'>Zamenses</span> <span class='ocrx_word' id='word_1_68' title='bbox 515 1025 638 1084; x_wconf 87' lang='lat' dir='ltr'>interim</span> <span class='ocrx_word' id='word_1_69' title='bbox 666 1023 780 1102; x_wconf 77' lang='lat' dir='ltr'>legatos</span> <span class='ocrx_word' id='word_1_70' title='bbox 802 1025 839 1085; x_wconf 93' lang='lat' dir='ltr'>de</span> <span class='ocrx_word' id='word_1_71' title='bbox 861 1024 909 1085; x_wconf 89' lang='lat' dir='ltr'>his</span> <span class='ocrx_word' id='word_1_72' title='bbox 930 1025 1023 1086; x_wconf 92' lang='lat' dir='ltr'>rebus</span> <span class='ocrx_word' id='word_1_73' title='bbox 1045 1035 1056 1084; x_wconf 89' lang='lat'>1</span> 
     </span>
     <span class='ocr_line' id='line_1_11' title="bbox 62 1106 1023 1187; baseline 0.004 -21"><span class='ocrx_word' id='word_1_74' title='bbox 62 1107 99 1166; x_wconf 89' lang='lat' dir='ltr'>ad</span> <span class='ocrx_word' id='word_1_75' title='bbox 122 1109 278 1169; x_wconf 80' lang='lat' dir='ltr'>Caesarem</span> <span class='ocrx_word' id='word_1_76' title='bbox 292 1106 409 1168; x_wconf 89' lang='lat' dir='ltr'>Uticam</span> <span class='ocrx_word' id='word_1_77' title='bbox 424 1109 549 1168; x_wconf 91' lang='lat' dir='ltr'>mittunt</span> <span class='ocrx_word' id='word_1_78' title='bbox 564 1115 729 1187; x_wconf 85' lang='lat' dir='ltr'>petuntque</span> <span class='ocrx_word' id='word_1_79' title='bbox 745 1108 782 1168; x_wconf 91' lang='lat' dir='ltr'>ab</span> <span class='ocrx_word' id='word_1_80' title='bbox 798 1128 845 1178; x_wconf 92' lang='lat' dir='ltr'>eo,</span> <span class='ocrx_word' id='word_1_81' title='bbox 868 1112 923 1178; x_wconf 89' lang='lat' dir='ltr'>uti,</span> <span class='ocrx_word' id='word_1_82' title='bbox 941 1114 1023 1170; x_wconf 85' lang='lat' dir='ltr'>aute·</span> 
     </span>
     <span class='ocr_line' id='line_1_12' title="bbox 62 1190 1024 1272; baseline 0.001 -21"><span class='ocrx_word' id='word_1_83' title='bbox 62 1211 150 1272; x_wconf 91' lang='lat' dir='ltr'>quam</span> <span class='ocrx_word' id='word_1_84' title='bbox 172 1209 224 1252; x_wconf 84' lang='lat' dir='ltr'>rex</span> <span class='ocrx_word' id='word_1_85' title='bbox 252 1208 374 1252; x_wconf 91' lang='lat' dir='ltr'>manum</span> <span class='ocrx_word' id='word_1_86' title='bbox 399 1190 556 1269; x_wconf 83' lang='lat' dir='ltr'>colligeret</span> <span class='ocrx_word' id='word_1_87' title='bbox 583 1209 707 1272; x_wconf 89' lang='lat' dir='ltr'>seseque</span> <span class='ocrx_word' id='word_1_88' title='bbox 736 1201 938 1271; x_wconf 77' lang='lat' dir='ltr'>oppugnaret,</span> <span class='ocrx_word' id='word_1_89' title='bbox 967 1192 1024 1252; x_wconf 92' lang='lat' dir='ltr'>sibi</span> 
     </span>
     <span class='ocr_line' id='line_1_13' title="bbox 62 1275 1024 1356; baseline 0.001 -21"><span class='ocrx_word' id='word_1_90' title='bbox 62 1275 205 1336; x_wconf 84' lang='lat' dir='ltr'>auxilium</span> <span class='ocrx_word' id='word_1_91' title='bbox 227 1275 375 1336; x_wconf 90' lang='lat' dir='ltr'>mitteret:</span> <span class='ocrx_word' id='word_1_92' title='bbox 405 1293 437 1335; x_wconf 90' lang='lat' dir='ltr'>se</span> <span class='ocrx_word' id='word_1_93' title='bbox 459 1283 560 1336; x_wconf 90' lang='lat' dir='ltr'>tamen</span> <span class='ocrx_word' id='word_1_94' title='bbox 583 1282 702 1354; x_wconf 91' lang='lat' dir='ltr'>paratos</span> <span class='ocrx_word' id='word_1_95' title='bbox 730 1295 795 1337; x_wconf 89' lang='lat' dir='ltr'>esse</span> <span class='ocrx_word' id='word_1_96' title='bbox 823 1275 899 1346; x_wconf 89' lang='lat' dir='ltr'>sibi,</span> <span class='ocrx_word' id='word_1_97' title='bbox 927 1276 1024 1356; x_wconf 90' lang='lat' dir='ltr'>quoad</span> 
     </span>
     <span class='ocr_line' id='line_1_14' title="bbox 64 1359 1060 1439; baseline 0.001 -22"><span class='ocrx_word' id='word_1_98' title='bbox 64 1361 122 1420; x_wconf 82' lang='lat' dir='ltr'>rita</span> <span class='ocrx_word' id='word_1_99' title='bbox 145 1366 326 1437; x_wconf 86' lang='lat' dir='ltr'>suppeteret,</span> <span class='ocrx_word' id='word_1_100' title='bbox 350 1359 490 1437; x_wconf 93' lang='lat' dir='ltr'>oppidum</span> <span class='ocrx_word' id='word_1_101' title='bbox 514 1377 605 1439; x_wconf 91' lang='lat' dir='ltr'>seque</span> <span class='ocrx_word' id='word_1_102' title='bbox 633 1362 660 1419; x_wconf 92' lang='lat' dir='ltr'>ei</span> <span class='ocrx_word' id='word_1_103' title='bbox 687 1378 851 1420; x_wconf 89' lang='lat' dir='ltr'>reservare.</span> <span class='ocrx_word' id='word_1_104' title='bbox 895 1359 1023 1438; x_wconf 82' lang='lat' dir='ltr'>Legatos</span> <span class='ocrx_word' id='word_1_105' title='bbox 1044 1369 1060 1418; x_wconf 77' lang='lat'>2</span> 
     </span>
     <span class='ocr_line' id='line_1_15' title="bbox 62 1442 1025 1506; baseline 0.002 -3"><span class='ocrx_word' id='word_1_106' title='bbox 62 1442 246 1504; x_wconf 90' lang='lat' dir='ltr'>collaudatos</span> <span class='ocrx_word' id='word_1_107' title='bbox 269 1442 377 1502; x_wconf 86' lang='lat' dir='ltr'>Caesar</span> <span class='ocrx_word' id='word_1_108' title='bbox 407 1443 527 1504; x_wconf 93' lang='lat' dir='ltr'>domum</span> <span class='ocrx_word' id='word_1_109' title='bbox 555 1442 641 1503; x_wconf 90' lang='lat' dir='ltr'>iubet</span> <span class='ocrx_word' id='word_1_110' title='bbox 668 1445 847 1506; x_wconf 89' lang='lat' dir='ltr'>antecedere</span> <span class='ocrx_word' id='word_1_111' title='bbox 875 1463 910 1505; x_wconf 88' lang='lat' dir='ltr'>ac</span> <span class='ocrx_word' id='word_1_112' title='bbox 937 1462 1025 1506; x_wconf 84' lang='lat' dir='ltr'>suum</span> 
     </span>
     <span class='ocr_line' id='line_1_16' title="bbox 63 1527 1024 1605; baseline 0 -17"><span class='ocrx_word' id='word_1_113' title='bbox 63 1527 223 1588; x_wconf 86' lang='lat' dir='ltr'>adventum</span> <span class='ocrx_word' id='word_1_114' title='bbox 246 1529 468 1604; x_wconf 83' lang='lat' dir='ltr'>praenuntiare.</span> <span class='ocrx_word' id='word_1_115' title='bbox 512 1527 580 1604; x_wconf 92' lang='lat' dir='ltr'>lpse</span> <span class='ocrx_word' id='word_1_116' title='bbox 604 1535 725 1605; x_wconf 90' lang='lat' dir='ltr'>postero</span> <span class='ocrx_word' id='word_1_117' title='bbox 748 1527 796 1588; x_wconf 88' lang='lat' dir='ltr'>die</span> <span class='ocrx_word' id='word_1_118' title='bbox 817 1527 902 1589; x_wconf 91' lang='lat' dir='ltr'>Utica</span> <span class='ocrx_word' id='word_1_119' title='bbox 924 1545 1024 1605; x_wconf 85' lang='lat' dir='ltr'>egres·</span> 
     </span>
     <span class='ocr_line' id='line_1_17' title="bbox 63 1611 1062 1689; baseline -0.004 -17"><span class='ocrx_word' id='word_1_120' title='bbox 63 1631 115 1672; x_wconf 87' lang='lat' dir='ltr'>sus</span> <span class='ocrx_word' id='word_1_121' title='bbox 144 1629 212 1670; x_wconf 89' lang='lat' dir='ltr'>cum</span> <span class='ocrx_word' id='word_1_122' title='bbox 242 1611 374 1689; x_wconf 88' lang='lat' dir='ltr'>equitatu</span> <span class='ocrx_word' id='word_1_123' title='bbox 401 1613 434 1670; x_wconf 93' lang='lat' dir='ltr'>in</span> <span class='ocrx_word' id='word_1_124' title='bbox 462 1628 588 1687; x_wconf 82' lang='lat' dir='ltr'>regnum</span> <span class='ocrx_word' id='word_1_125' title='bbox 615 1613 661 1670; x_wconf 92' lang='lat' dir='ltr'>ire</span> <span class='ocrx_word' id='word_1_126' title='bbox 689 1611 855 1672; x_wconf 88' lang='lat' dir='ltr'>contendit.</span> <span class='ocrx_word' id='word_1_127' title='bbox 898 1611 1062 1673; x_wconf 75' lang='lat' dir='ltr'>luterime</span> 
     </span>
     <span class='ocr_line' id='line_1_18' title="bbox 64 1693 1024 1772; baseline -0.001 -16"><span class='ocrx_word' id='word_1_128' title='bbox 64 1698 96 1756; x_wconf 91' lang='lat' dir='ltr'>in</span> <span class='ocrx_word' id='word_1_129' title='bbox 118 1695 227 1756; x_wconf 91' lang='lat' dir='ltr'>itinere</span> <span class='ocrx_word' id='word_1_130' title='bbox 249 1711 286 1753; x_wconf 86' lang='lat' dir='ltr'>ex</span> <span class='ocrx_word' id='word_1_131' title='bbox 308 1695 402 1771; x_wconf 86' lang='lat' dir='ltr'>regiis</span> <span class='ocrx_word' id='word_1_132' title='bbox 424 1695 519 1772; x_wconf 90' lang='lat' dir='ltr'>copiis</span> <span class='ocrx_word' id='word_1_133' title='bbox 542 1693 634 1754; x_wconf 92' lang='lat' dir='ltr'>duces</span> <span class='ocrx_word' id='word_1_134' title='bbox 662 1694 831 1772; x_wconf 88' lang='lat' dir='ltr'>complures</span> <span class='ocrx_word' id='word_1_135' title='bbox 860 1695 895 1753; x_wconf 87' lang='lat' dir='ltr'>ad</span> <span class='ocrx_word' id='word_1_136' title='bbox 919 1695 1024 1756; x_wconf 87' lang='lat' dir='ltr'>Caesa·</span> 
     </span>
     <span class='ocr_line' id='line_1_19' title="bbox 64 1776 1063 1858; baseline -0.006 -18"><span class='ocrx_word' id='word_1_137' title='bbox 64 1798 128 1840; x_wconf 93' lang='lat' dir='ltr'>rem</span> <span class='ocrx_word' id='word_1_138' title='bbox 152 1781 276 1839; x_wconf 91' lang='lat' dir='ltr'>veniunt</span> <span class='ocrx_word' id='word_1_139' title='bbox 298 1785 451 1858; x_wconf 89' lang='lat' dir='ltr'>orantque,</span> <span class='ocrx_word' id='word_1_140' title='bbox 476 1784 509 1837; x_wconf 93' lang='lat' dir='ltr'>ut</span> <span class='ocrx_word' id='word_1_141' title='bbox 531 1776 590 1837; x_wconf 91' lang='lat' dir='ltr'>sibi</span> <span class='ocrx_word' id='word_1_142' title='bbox 621 1780 765 1854; x_wconf 82' lang='lat' dir='ltr'>ignoscat.</span> <span class='ocrx_word' id='word_1_143' title='bbox 810 1776 926 1849; x_wconf 83' lang='lat' dir='ltr'>Quibus</span> <span class='ocrx_word' id='word_1_144' title='bbox 954 1797 1023 1858; x_wconf 91' lang='lat' dir='ltr'>sup·</span> <span class='ocrx_word' id='word_1_145' title='bbox 1046 1787 1063 1834; x_wconf 86' lang='lat'><strong>4</strong></span> 
     </span>
     <span class='ocr_line' id='line_1_20' title="bbox 65 1861 1026 1944; baseline 0 -21"><span class='ocrx_word' id='word_1_146' title='bbox 65 1862 197 1944; x_wconf 89' lang='lat' dir='ltr'>plicibus</span> <span class='ocrx_word' id='word_1_147' title='bbox 218 1864 304 1922; x_wconf 89' lang='lat' dir='ltr'>venia</span> <span class='ocrx_word' id='word_1_148' title='bbox 327 1862 394 1922; x_wconf 89' lang='lat' dir='ltr'>data</span> <span class='ocrx_word' id='word_1_149' title='bbox 417 1862 534 1922; x_wconf 89' lang='lat' dir='ltr'>Zamam</span> <span class='ocrx_word' id='word_1_150' title='bbox 556 1863 702 1940; x_wconf 88' lang='lat' dir='ltr'>pervenit.</span> <span class='ocrx_word' id='word_1_151' title='bbox 746 1861 877 1922; x_wconf 83' lang='lat' dir='ltr'>Rumore</span> <span class='ocrx_word' id='word_1_152' title='bbox 903 1861 1026 1923; x_wconf 90' lang='lat' dir='ltr'>interim</span> 
     </span>
     <span class='ocr_line' id='line_1_21' title="bbox 46 1945 1026 2027; baseline -0.002 -19"><span class='ocrx_word' id='word_1_153' title='bbox 46 1948 179 2027; x_wconf 78' lang='lat' dir='ltr'>¹perlato</span> <span class='ocrx_word' id='word_1_154' title='bbox 216 1946 253 2006; x_wconf 90' lang='lat' dir='ltr'>de</span> <span class='ocrx_word' id='word_1_155' title='bbox 289 1948 354 2007; x_wconf 91' lang='lat' dir='ltr'>eius</span> <span class='ocrx_word' id='word_1_156' title='bbox 396 1947 520 2006; x_wconf 90' lang='lat' dir='ltr'>lenitate</span> <span class='ocrx_word' id='word_1_157' title='bbox 557 1945 774 2024; x_wconf 88' lang='lat' dir='ltr'>clementiaque</span> <span class='ocrx_word' id='word_1_158' title='bbox 811 1946 1026 2024; x_wconf 86' lang='lat' dir='ltr'>propemodum</span> 
     </span>
     <span class='ocr_line' id='line_1_22' title="bbox 66 2029 1028 2110; baseline -0.001 -18"><span class='ocrx_word' id='word_1_159' title='bbox 66 2050 169 2092; x_wconf 90' lang='lat' dir='ltr'>omnes</span> <span class='ocrx_word' id='word_1_160' title='bbox 197 2032 283 2108; x_wconf 82' lang='lat' dir='ltr'>regni</span> <span class='ocrx_word' id='word_1_161' title='bbox 311 2031 427 2110; x_wconf 88' lang='lat' dir='ltr'>equites</span> <span class='ocrx_word' id='word_1_162' title='bbox 455 2029 571 2089; x_wconf 88' lang='lat' dir='ltr'>Zamam</span> <span class='ocrx_word' id='word_1_163' title='bbox 600 2032 777 2108; x_wconf 88' lang='lat' dir='ltr'>perveniunt</span> <span class='ocrx_word' id='word_1_164' title='bbox 805 2029 841 2091; x_wconf 87' lang='lat' dir='ltr'>ad</span> <span class='ocrx_word' id='word_1_165' title='bbox 870 2030 1028 2091; x_wconf 83' lang='lat' dir='ltr'>Caesarem</span> 
     </span>
     <span class='ocr_line' id='line_1_23' title="bbox 66 2113 789 2194; baseline -0.008 -16"><span class='ocrx_word' id='word_1_166' title='bbox 66 2117 105 2178; x_wconf 94' lang='lat' dir='ltr'>ab</span> <span class='ocrx_word' id='word_1_167' title='bbox 128 2134 221 2194; x_wconf 89' lang='lat' dir='ltr'>eoque</span> <span class='ocrx_word' id='word_1_168' title='bbox 244 2121 314 2175; x_wconf 88' lang='lat' dir='ltr'>sunt</span> <span class='ocrx_word' id='word_1_169' title='bbox 335 2124 418 2175; x_wconf 91' lang='lat' dir='ltr'>metu</span> <span class='ocrx_word' id='word_1_170' title='bbox 439 2113 634 2192; x_wconf 88' lang='lat' dir='ltr'>periculoque</span> <span class='ocrx_word' id='word_1_171' title='bbox 656 2114 789 2175; x_wconf 83' lang='lat' dir='ltr'>liberati.</span> 
     </span>
    </p>

    <p class='ocr_par' dir='ltr' id='par_1_4' title="bbox 64 2195 1062 2281">
     <span class='ocr_line' id='line_1_24' title="bbox 64 2195 1062 2281; baseline -0.005 -19"><span class='ocrx_word' id='word_1_172' title='bbox 64 2234 67 2247; x_wconf 83' lang='lat'>.</span> <span class='ocrx_word' id='word_1_173' title='bbox 129 2195 310 2262; x_wconf 83' lang='lat' dir='ltr'>LXXllell.</span> <span class='ocrx_word' id='word_1_174' title='bbox 353 2197 430 2261; x_wconf 87' lang='lat' dir='ltr'>Dum</span> <span class='ocrx_word' id='word_1_175' title='bbox 452 2198 526 2259; x_wconf 87' lang='lat' dir='ltr'>haec</span> <span class='ocrx_word' id='word_1_176' title='bbox 547 2197 708 2281; x_wconf 84' lang='lat' dir='ltr'>utrobique</span> <span class='ocrx_word' id='word_1_177' title='bbox 735 2206 891 2280; x_wconf 80' lang='lat' dir='ltr'>geruntur,</span> <span class='ocrx_word' id='word_1_178' title='bbox 922 2200 1062 2262; x_wconf 84' lang='lat' dir='ltr'>Consi-1</span> 
     </span>
    </p>
   </div>
   <div class='ocr_carea' id='block_1_3' title="bbox 68 2286 1122 3043">
    <p class='ocr_par' dir='ltr' id='par_1_5' title="bbox 68 2286 1122 3043">
     <span class='ocr_line' id='line_1_25' title="bbox 68 2286 1029 2369; baseline -0.003 -18"><span class='ocrx_word' id='word_1_179' title='bbox 68 2290 149 2359; x_wconf 93' lang='lat' dir='ltr'>dius,</span> <span class='ocrx_word' id='word_1_180' title='bbox 173 2291 225 2369; x_wconf 91' lang='lat' dir='ltr'>qui</span> <span class='ocrx_word' id='word_1_181' title='bbox 247 2289 391 2351; x_wconf 85' lang='lat' dir='ltr'>Thisdrae</span> <span class='ocrx_word' id='word_1_182' title='bbox 415 2310 484 2352; x_wconf 91' lang='lat' dir='ltr'>cum</span> <span class='ocrx_word' id='word_1_183' title='bbox 505 2286 618 2352; x_wconf 86' lang='lat' dir='ltr'>iamilia</span> <span class='ocrx_word' id='word_1_184' title='bbox 641 2304 709 2359; x_wconf 88' lang='lat' dir='ltr'>sua,</span> <span class='ocrx_word' id='word_1_185' title='bbox 738 2287 915 2367; x_wconf 83' lang='lat' dir='ltr'>gladiatoria</span> <span class='ocrx_word' id='word_1_186' title='bbox 937 2303 1029 2348; x_wconf 88' lang='lat' dir='ltr'>manu</span> 
     </span>
     <span class='ocr_line' id='line_1_26' title="bbox 68 2372 1028 2454; baseline -0.004 -17"><span class='ocrx_word' id='word_1_187' title='bbox 68 2375 262 2453; x_wconf 85' lang='lat' dir='ltr'>Gaetulisque</span> <span class='ocrx_word' id='word_1_188' title='bbox 284 2382 431 2452; x_wconf 87' lang='lat' dir='ltr'>praeerat,</span> <span class='ocrx_word' id='word_1_189' title='bbox 454 2378 574 2454; x_wconf 83' lang='lat' dir='ltr'>cognita</span> <span class='ocrx_word' id='word_1_190' title='bbox 596 2375 687 2437; x_wconf 89' lang='lat' dir='ltr'>caede</span> <span class='ocrx_word' id='word_1_191' title='bbox 710 2391 834 2434; x_wconf 85' lang='lat' dir='ltr'>suorum</span> <span class='ocrx_word' id='word_1_192' title='bbox 844 2372 1028 2451; x_wconf 87' lang='lat' dir='ltr'>Domitiique</span> 
     </span>
     <span class='ocr_line' id='line_1_27' title="bbox 69 2457 1028 2538; baseline -0.003 -19"><span class='ocrx_word' id='word_1_193' title='bbox 69 2465 99 2519; x_wconf 88' lang='lat' dir='ltr'>et</span> <span class='ocrx_word' id='word_1_194' title='bbox 120 2459 273 2535; x_wconf 84' lang='lat' dir='ltr'>legionum</span> <span class='ocrx_word' id='word_1_195' title='bbox 300 2458 429 2521; x_wconf 90' lang='lat' dir='ltr'>adventu</span> <span class='ocrx_word' id='word_1_196' title='bbox 460 2462 643 2538; x_wconf 88' lang='lat' dir='ltr'>perterritus</span> <span class='ocrx_word' id='word_1_197' title='bbox 665 2458 821 2536; x_wconf 85' lang='lat' dir='ltr'>desperata</span> <span class='ocrx_word' id='word_1_198' title='bbox 851 2457 947 2518; x_wconf 84' lang='lat' dir='ltr'>salute</span> <span class='ocrx_word' id='word_1_199' title='bbox 976 2475 1028 2535; x_wconf 88' lang='lat' dir='ltr'>op·</span> 
     </span>
     <span class='ocr_line' id='line_1_28' title="bbox 68 2540 1122 2622; baseline 0 -20"><span class='ocrx_word' id='word_1_200' title='bbox 68 2543 172 2622; x_wconf 91' lang='lat' dir='ltr'>pidum</span> <span class='ocrx_word' id='word_1_201' title='bbox 189 2542 302 2602; x_wconf 90' lang='lat' dir='ltr'>deserit</span> <span class='ocrx_word' id='word_1_202' title='bbox 323 2561 414 2622; x_wconf 90' lang='lat' dir='ltr'>seque</span> <span class='ocrx_word' id='word_1_203' title='bbox 430 2543 506 2604; x_wconf 89' lang='lat' dir='ltr'>clam</span> <span class='ocrx_word' id='word_1_204' title='bbox 523 2562 590 2605; x_wconf 89' lang='lat' dir='ltr'>cum</span> <span class='ocrx_word' id='word_1_205' title='bbox 613 2544 717 2622; x_wconf 91' lang='lat' dir='ltr'>paucis</span> <span class='ocrx_word' id='word_1_206' title='bbox 739 2540 879 2603; x_wconf 87' lang='lat' dir='ltr'>barbaris</span> <span class='ocrx_word' id='word_1_207' title='bbox 901 2542 1029 2621; x_wconf 86' lang='lat' dir='ltr'>pecunia</span> <span class='ocrx_word' id='word_1_208' title='bbox 1111 2572 1122 2591; x_wconf 90' lang='lat'><strong>·</strong></span> 
     </span>
     <span class='ocr_line' id='line_1_29' title="bbox 68 2624 1028 2707; baseline -0.001 -21"><span class='ocrx_word' id='word_1_209' title='bbox 68 2635 194 2687; x_wconf 90' lang='lat' dir='ltr'>onustus</span> <span class='ocrx_word' id='word_1_210' title='bbox 221 2624 362 2687; x_wconf 87' lang='lat' dir='ltr'>subducit</span> <span class='ocrx_word' id='word_1_211' title='bbox 390 2636 477 2707; x_wconf 92' lang='lat' dir='ltr'>atque</span> <span class='ocrx_word' id='word_1_212' title='bbox 513 2629 545 2688; x_wconf 89' lang='lat' dir='ltr'>in</span> <span class='ocrx_word' id='word_1_213' title='bbox 574 2645 700 2705; x_wconf 83' lang='lat' dir='ltr'>regnum</span> <span class='ocrx_word' id='word_1_214' title='bbox 729 2629 835 2704; x_wconf 80' lang='lat' dir='ltr'>lugere</span> <span class='ocrx_word' id='word_1_215' title='bbox 864 2627 1028 2688; x_wconf 88' lang='lat' dir='ltr'>contendit.</span> 
     </span>
     <span class='ocr_line' id='line_1_30' title="bbox 68 2710 1065 2790; baseline -0.001 -21"><span class='ocrx_word' id='word_1_216' title='bbox 68 2710 164 2781; x_wconf 85' lang='lat' dir='ltr'>Quem</span> <span class='ocrx_word' id='word_1_217' title='bbox 185 2710 313 2779; x_wconf 87' lang='lat' dir='ltr'>Gaetuli,</span> <span class='ocrx_word' id='word_1_218' title='bbox 337 2714 383 2772; x_wconf 88' lang='lat' dir='ltr'>sui</span> <span class='ocrx_word' id='word_1_219' title='bbox 407 2714 541 2781; x_wconf 91' lang='lat' dir='ltr'>comites,</span> <span class='ocrx_word' id='word_1_220' title='bbox 570 2714 603 2772; x_wconf 94' lang='lat' dir='ltr'>in</span> <span class='ocrx_word' id='word_1_221' title='bbox 630 2713 745 2772; x_wconf 90' lang='lat' dir='ltr'>itinere</span> <span class='ocrx_word' id='word_1_222' title='bbox 769 2711 896 2789; x_wconf 90' lang='lat' dir='ltr'>praedae</span> <span class='ocrx_word' id='word_1_223' title='bbox 925 2711 1028 2790; x_wconf 91' lang='lat' dir='ltr'>cupidi</span> <span class='ocrx_word' id='word_1_224' title='bbox 1049 2720 1065 2768; x_wconf 77' lang='lat' dir='ltr'>e</span> 
     </span>
     <span class='ocr_line' id='line_1_31' title="bbox 69 2792 1029 2874; baseline 0.001 -20"><span class='ocrx_word' id='word_1_225' title='bbox 69 2792 232 2864; x_wconf 87' lang='lat' dir='ltr'>concidunt</span> <span class='ocrx_word' id='word_1_226' title='bbox 255 2812 354 2873; x_wconf 90' lang='lat' dir='ltr'>seque,</span> <span class='ocrx_word' id='word_1_227' title='bbox 378 2798 410 2856; x_wconf 92' lang='lat' dir='ltr'>in</span> <span class='ocrx_word' id='word_1_228' title='bbox 432 2813 636 2874; x_wconf 88' lang='lat' dir='ltr'>quascumque</span> <span class='ocrx_word' id='word_1_229' title='bbox 663 2802 790 2874; x_wconf 89' lang='lat' dir='ltr'>potuere</span> <span class='ocrx_word' id='word_1_230' title='bbox 818 2797 929 2872; x_wconf 88' lang='lat' dir='ltr'>partis,</span> <span class='ocrx_word' id='word_1_231' title='bbox 958 2813 1029 2855; x_wconf 88' lang='lat' dir='ltr'>con·</span> 
     </span>
     <span class='ocr_line' id='line_1_32' title="bbox 68 2877 1066 2958; baseline -0.001 -21"><span class='ocrx_word' id='word_1_232' title='bbox 68 2878 180 2937; x_wconf 88' lang='lat' dir='ltr'>lerunt.</span> <span class='ocrx_word' id='word_1_233' title='bbox 225 2877 256 2937; x_wconf 81' lang='lat' dir='ltr'>(l.</span> <span class='ocrx_word' id='word_1_234' title='bbox 280 2879 401 2941; x_wconf 90' lang='lat' dir='ltr'>interim</span> <span class='ocrx_word' id='word_1_235' title='bbox 423 2879 587 2956; x_wconf 85' lang='lat' dir='ltr'>Vergilius,</span> <span class='ocrx_word' id='word_1_236' title='bbox 610 2886 766 2958; x_wconf 85' lang='lat' dir='ltr'>postquam</span> <span class='ocrx_word' id='word_1_237' title='bbox 788 2886 870 2939; x_wconf 89' lang='lat' dir='ltr'>terra</span> <span class='ocrx_word' id='word_1_238' title='bbox 892 2880 1066 2958; x_wconf 73' lang='lat' dir='ltr'>mariquea</span> 
     </span>
     <span class='ocr_line' id='line_1_33' title="bbox 69 2961 1030 3043; baseline 0 -21"><span class='ocrx_word' id='word_1_239' title='bbox 69 2961 189 3022; x_wconf 88' lang='lat' dir='ltr'>clausus</span> <span class='ocrx_word' id='word_1_240' title='bbox 211 2978 243 3022; x_wconf 89' lang='lat' dir='ltr'>se</span> <span class='ocrx_word' id='word_1_241' title='bbox 266 2961 341 3023; x_wconf 92' lang='lat' dir='ltr'>nibil</span> <span class='ocrx_word' id='word_1_242' title='bbox 364 2964 511 3042; x_wconf 81' lang='lat' dir='ltr'>prolicere</span> <span class='ocrx_word' id='word_1_243' title='bbox 534 2962 685 3024; x_wconf 84' lang='lat' dir='ltr'>intellexit</span> <span class='ocrx_word' id='word_1_244' title='bbox 702 2981 831 3043; x_wconf 89' lang='lat' dir='ltr'>suosque</span> <span class='ocrx_word' id='word_1_245' title='bbox 854 2963 1030 3026; x_wconf 85' lang='lat' dir='ltr'>interlectos</span> 
     </span>
    </p>
   </div>
   <div class='ocr_carea' id='block_1_4' title="bbox 68 3045 1050 3551">
    <p class='ocr_par' dir='ltr' id='par_1_6' title="bbox 68 3045 1050 3551">
     <span class='ocr_line' id='line_1_34' title="bbox 69 3045 1031 3126; baseline 0.001 -21"><span class='ocrx_word' id='word_1_246' title='bbox 69 3051 120 3111; x_wconf 83' lang='lat' dir='ltr'>aut</span> <span class='ocrx_word' id='word_1_247' title='bbox 152 3045 285 3122; x_wconf 81' lang='lat' dir='ltr'>fugatos,</span> <span class='ocrx_word' id='word_1_248' title='bbox 318 3046 357 3108; x_wconf 88' lang='lat' dir='ltr'>ll.</span> <span class='ocrx_word' id='word_1_249' title='bbox 391 3047 533 3108; x_wconf 87' lang='lat' dir='ltr'>Catonem</span> <span class='ocrx_word' id='word_1_250' title='bbox 564 3047 668 3109; x_wconf 87' lang='lat' dir='ltr'>Uticae</span> <span class='ocrx_word' id='word_1_251' title='bbox 701 3045 761 3107; x_wconf 91' lang='lat' dir='ltr'>sibi</span> <span class='ocrx_word' id='word_1_252' title='bbox 792 3049 891 3126; x_wconf 93' lang='lat' dir='ltr'>ipsum</span> <span class='ocrx_word' id='word_1_253' title='bbox 923 3064 1031 3107; x_wconf 87' lang='lat' dir='ltr'>manus</span> 
     </span>
     <span class='ocr_line' id='line_1_35' title="bbox 69 3125 1029 3212; baseline 0.002 -24"><span class='ocrx_word' id='word_1_254' title='bbox 69 3128 216 3198; x_wconf 87' lang='lat' dir='ltr'>attulisse,</span> <span class='ocrx_word' id='word_1_255' title='bbox 243 3125 345 3207; x_wconf 78' lang='lat' dir='ltr'>&#39;regem</span> <span class='ocrx_word' id='word_1_256' title='bbox 372 3149 477 3209; x_wconf 84' lang='lat' dir='ltr'>vagum</span> <span class='ocrx_word' id='word_1_257' title='bbox 505 3134 664 3212; x_wconf 82' lang='lat' dir='ltr'>aeuisque</span> <span class='ocrx_word' id='word_1_258' title='bbox 693 3132 845 3193; x_wconf 88' lang='lat' dir='ltr'>desertum</span> <span class='ocrx_word' id='word_1_259' title='bbox 873 3130 910 3191; x_wconf 90' lang='lat' dir='ltr'>ab</span> <span class='ocrx_word' id='word_1_260' title='bbox 933 3133 1029 3191; x_wconf 91' lang='lat' dir='ltr'>omni·</span> 
     </span>
     <span class='ocr_line' id='line_1_36' title="bbox 69 3211 1030 3297; baseline 0.004 -25"><span class='ocrx_word' id='word_1_261' title='bbox 69 3211 127 3273; x_wconf 90' lang='lat' dir='ltr'>bus</span> <span class='ocrx_word' id='word_1_262' title='bbox 149 3216 313 3293; x_wconf 88' lang='lat' dir='ltr'>aspernari,</span> <span class='ocrx_word' id='word_1_263' title='bbox 337 3214 500 3277; x_wconf 85' lang='lat' dir='ltr'>Saburram</span> <span class='ocrx_word' id='word_1_264' title='bbox 522 3219 646 3297; x_wconf 90' lang='lat' dir='ltr'>eiusque</span> <span class='ocrx_word' id='word_1_265' title='bbox 669 3217 770 3294; x_wconf 91' lang='lat' dir='ltr'>copias</span> <span class='ocrx_word' id='word_1_266' title='bbox 791 3215 829 3276; x_wconf 89' lang='lat' dir='ltr'>ab</span> <span class='ocrx_word' id='word_1_267' title='bbox 852 3216 942 3276; x_wconf 87' lang='lat' dir='ltr'>Sittio</span> <span class='ocrx_word' id='word_1_268' title='bbox 964 3234 1030 3276; x_wconf 93' lang='lat' dir='ltr'>esse</span> 
     </span>
     <span class='ocr_line' id='line_1_37' title="bbox 69 3297 1030 3378; baseline 0.003 -22"><span class='ocrx_word' id='word_1_269' title='bbox 69 3297 191 3368; x_wconf 90' lang='lat' dir='ltr'>deletas,</span> <span class='ocrx_word' id='word_1_270' title='bbox 214 3297 319 3359; x_wconf 89' lang='lat' dir='ltr'>Uticae</span> <span class='ocrx_word' id='word_1_271' title='bbox 341 3299 497 3360; x_wconf 86' lang='lat' dir='ltr'>Caesarem</span> <span class='ocrx_word' id='word_1_272' title='bbox 520 3303 585 3362; x_wconf 89' lang='lat' dir='ltr'>sine</span> <span class='ocrx_word' id='word_1_273' title='bbox 601 3318 686 3361; x_wconf 88' lang='lat' dir='ltr'>mora</span> <span class='ocrx_word' id='word_1_274' title='bbox 700 3307 866 3378; x_wconf 89' lang='lat' dir='ltr'>receptum,</span> <span class='ocrx_word' id='word_1_275' title='bbox 888 3300 925 3360; x_wconf 92' lang='lat' dir='ltr'>de</span> <span class='ocrx_word' id='word_1_276' title='bbox 948 3306 1030 3360; x_wconf 91' lang='lat' dir='ltr'>tanto</span> 
     </span>
     <span class='ocr_line' id='line_1_38' title="bbox 69 3382 1029 3464; baseline 0.001 -22"><span class='ocrx_word' id='word_1_277' title='bbox 69 3383 204 3442; x_wconf 83' lang='lat' dir='ltr'>exercitu</span> <span class='ocrx_word' id='word_1_278' title='bbox 242 3382 387 3461; x_wconf 87' lang='lat' dir='ltr'>reliquias</span> <span class='ocrx_word' id='word_1_279' title='bbox 423 3401 489 3445; x_wconf 89' lang='lat' dir='ltr'>esse</span> <span class='ocrx_word' id='word_1_280' title='bbox 522 3385 636 3454; x_wconf 88' lang='lat' dir='ltr'>nullas,</span> <span class='ocrx_word' id='word_1_281' title='bbox 673 3382 779 3464; x_wconf 85' lang='lat' dir='ltr'>[quae]</span> <span class='ocrx_word' id='word_1_282' title='bbox 815 3384 875 3446; x_wconf 90' lang='lat' dir='ltr'>sibi</span> <span class='ocrx_word' id='word_1_283' title='bbox 910 3384 1029 3462; x_wconf 88' lang='lat' dir='ltr'>suisque</span> 
     </span>
     <span class='ocr_line' id='line_1_39' title="bbox 68 3463 1050 3551; baseline 0 -24"><span class='ocrx_word' id='word_1_284' title='bbox 68 3463 175 3527; x_wconf 84' lang='lat' dir='ltr'>liberis</span> <span class='ocrx_word' id='word_1_285' title='bbox 211 3466 389 3528; x_wconf 74' lang='lat' dir='ltr'>a=Caninio</span> <span class='ocrx_word' id='word_1_286' title='bbox 425 3470 621 3548; x_wconf 87' lang='lat' dir='ltr'>proconsule,</span> <span class='ocrx_word' id='word_1_287' title='bbox 665 3471 719 3551; x_wconf 90' lang='lat' dir='ltr'>qui</span> <span class='ocrx_word' id='word_1_288' title='bbox 755 3487 831 3531; x_wconf 76' lang='lat' dir='ltr'>erim</span> <span class='ocrx_word' id='word_1_289' title='bbox 869 3466 1050 3539; x_wconf 61' lang='lat' dir='ltr'>obsidebat.</span> 
     </span>
    </p>
   </div>
   <div class='ocr_carea' id='block_1_5' title="bbox 0 0 1194 3870">
    <p class='ocr_par' dir='ltr' id='par_1_7' title="bbox 0 0 1194 3870">
     <span class='ocr_line' id='line_1_40' title="bbox 0 0 1194 3870; baseline 0 0"><span class='ocrx_word' id='word_1_290' title='bbox 0 0 1194 3870; x_wconf 95' lang='lat' dir='ltr'> </span> 
     </span>
    </p>
   </div>
  </div>
 </body>
</html>
