2356 3870
143 223 188 289 30
389 225 536 283 BELLUM
556 224 859 283 ALEXANDRINUM.

145 377 225 446 Silo,
254 378 349 437 cliens
377 376 411 437 L.
438 376 551 446 Racili,
581 375 733 447 libellum,
762 378 847 454 quasi
875 375 990 455 aliquid
1013 373 1051 437 ab
1076 394 1115 437 eo

146 461 327 540 postularet,
351 467 385 520 ut
406 459 494 520 miles
516 461 545 519 ei
568 460 707 529 tradidit,
737 459 846 521 deinde
868 467 937 538 post
958 459 1113 521 Racilium

148 578 188 588 —
221 562 290 604 narn
323 546 350 604 is
379 543 457 604 lotus
480 545 562 605 Cassi
585 543 705 621 tegebat
726 577 777 614 —,
812 546 898 624 quasi
930 562 1113 622 responsum

147 636 281 707 peteret,
310 628 450 689 celeriter
473 627 541 689 dato
563 627 630 688 loco
653 646 721 688 cum
744 646 777 688 se
806 629 1004 697 insinuasset,
1035 629 1111 688 sini-

147 720 208 773 stra
242 714 368 792 corripit
401 730 538 773 eversum
574 711 737 791 dextraque
774 710 821 773 bis
858 713 930 773 ierit
966 713 1113 790 pugione.

110 797 283 858 3Clamore
320 796 436 858 sublato
473 797 506 857 lit
542 812 560 855 a
595 797 762 856 coniuratis
789 797 919 874 impetus
948 797 1114 857 universis.

147 880 297 941 Munatius
328 880 454 942 Flaccus
484 881 654 960 proximum
690 878 789 958 gladio
820 881 924 940 traicit
955 879 1110 949 lictorenu

110 965 204 1025 4hoc
233 966 394 1026 interiecto
423 964 457 1035 0.
488 965 622 1025 Cassium
649 963 781 1041 legatum
809 963 955 1024 vulnerat.
1006 962 1053 1024 lbi
1076 965 1113 1024 Τ.

146 1048 252 1109 Vasius
273 1056 303 1111 et
324 1048 357 1108 L.
379 1048 518 1125 Mergilio
540 1048 632 1108 simili
654 1047 835 1108 confidentia
857 1047 1013 1116 Flaccum,
1043 1065 1110 1108 mu·

147 1134 278 1210 nicipern
301 1150 403 1200 suum,
434 1132 589 1192 adiuvant:
618 1139 706 1193 erant
733 1133 815 1192 enim
842 1149 946 1192 omnes
966 1131 1111 1191 ltalicen·

148 1234 205 1277 ses.
249 1215 292 1276 lu
316 1219 413 1293 ipsum
436 1215 604 1292 Longinum
626 1216 659 1278 L.
682 1215 819 1277 Licinius
841 1215 975 1295 Squillus
998 1215 1114 1276 involat

148 1302 356 1378 iacentemque
378 1298 495 1359 levibus
517 1302 631 1360 sauciat
652 1299 759 1377 plagis.

112 1393 126 1439 1
211 1383 286 1444 Llll.
331 1383 529 1443 Concurritur
552 1382 589 1443 ad
611 1384 746 1445 Cassium
768 1382 1005 1462 defendendum:
1030 1402 1110 1445 sem·

147 1485 202 1546 per
225 1469 305 1527 enim
326 1466 460 1527 Berones
482 1466 711 1546 compluresque
734 1473 872 1527 evocatos
893 1486 962 1528 cum
977 1466 1046 1527 telis
1061 1485 1113 1527 se·

111 1564 127 1612 2
148 1569 217 1612 cum
239 1549 352 1611 habere
368 1557 536 1611 consuerat.
581 1552 605 1611 Α
620 1549 731 1630 quibus
746 1553 841 1612 ceteri
853 1550 1113 1622 intercluduntur,

148 1637 200 1715 qui
222 1635 258 1694 ad
282 1635 402 1695 caedem
424 1635 592 1695 faciendam
615 1634 892 1715 subsequebantur3
915 1653 974 1714 quo
997 1637 1029 1695 in
1052 1654 1110 1696 nu·

75 1738 78 1744 ·
148 1737 232 1779 mero
254 1719 311 1779 luit
334 1719 514 1798 Calpurnius
536 1717 692 1779 Salvianus
719 1727 750 1781 et
775 1718 919 1780 Manilius·
949 1718 1112 1780 Tusculus.

111 1816 128 1865 3
147 1803 297 1864 Minucius
319 1805 399 1863 inter
422 1819 505 1872 saxa,
529 1821 605 1881 quae
629 1802 769 1864 iacebant
789 1805 822 1864 in
844 1804 963 1871 itinero,
987 1805 1113 1880 lugiens

148 1889 329 1966 opprimitur
351 1895 381 1948 et
402 1887 497 1947 relato
518 1887 640 1948 domum
663 1887 763 1948 Cassio
786 1887 823 1947 ad
845 1905 914 1947 eum
936 1886 1109 1948 deducitur.

147 1970 1112 2049 Raciliusinproximamsedomumlamiliarissuicoulert,dum

108 2067 128 2115 4
149 2062 265 2116 certum
288 2061 494 2131 cognosceret,
517 2055 712 2116 conlectosnc
728 2055 848 2116 Cassius
870 2062 958 2115 esset.
1003 2054 1036 2115 L.
1053 2055 1113 2116 La·

148 2140 282 2215 terensis*
301 2156 370 2198 cum
393 2138 424 2198 id
445 2156 506 2198 non
528 2137 689 2208 dubitaret,
712 2138 846 2199 adcurrit
858 2138 954 2198 laetus
967 2139 998 2198 in
1010 2146 1111 2199 castra

148 2220 356 2301 militibusque
379 2220 547 2282 vernaculis
575 2229 605 2282 et
637 2222 787 2284 secundae
820 2223 964 2300 legionis,
997 2221 1114 2302 quibus

149 2305 219 2366 odio
241 2305 357 2366 sciebat
377 2308 540 2384 praecipue
563 2306 698 2367 Cassium
720 2325 795 2377 esse,
818 2306 1003 2384 gratulatum
1027 2306 1111 2367 tolli·

148 2398 198 2451 tur
236 2408 257 2467 a
288 2389 480 2451 multitudine
517 2392 549 2450 in
585 2390 733 2459 tribunal,
770 2398 893 2470 praetor
929 2391 1113 2469 appellatur.

111 2481 128 2530 5
148 2473 242 2536 Nemo
265 2476 347 2535 enirn
370 2478 467 2536 autin
482 2476 636 2553 provincia
659 2481 759 2543 natus,
783 2482 816 2534 ut
837 2473 1016 2536 vernaculae
1031 2474 1110 2552 legi-

149 2561 216 2619 onis
243 2559 345 2628 mileS,
378 2564 431 2618 aut
461 2557 660 2619 diuturnitate
692 2560 752 2620 iam
780 2560 877 2619 lactus
904 2559 1114 2637 provincialis

148 2660 207 2720 quo
230 2643 262 2702 in
284 2659 410 2703 numero
433 2650 498 2703 erat
520 2641 650 2703 secunda
666 2641 755 2720 legio,
779 2660 838 2703 non
856 2645 1022 2704 cumomni
1038 2661 1112 2721 pro·

148 2728 247 2788 vincia
277 2734 471 2789 consenserat
497 2728 529 2787 in
557 2727 625 2787 odio
648 2726 744 2788 Cassi:
774 2745 845 2788 rrum
866 2728 1002 2805 legiones
1023 2739 1113 2787 xxx.

149 2819 179 2872 et
193 2823 265 2870 xxi.
282 2813 386 2890 paucis
408 2810 563 2873 mensibus
585 2812 617 2871 in
639 2810 723 2871 ltalia
746 2813 876 2890 scriptas
892 2810 1001 2872 Caesar
1016 2811 1113 2872 adtri-

149 2897 256 2957 buerat
278 2896 429 2973 Longino,
459 2899 563 2974 quinta
585 2895 664 2972 legio
687 2913 784 2973 nuper
807 2901 872 2955 erat
893 2894 938 2955 ibi
961 2896 1112 2956 conlecta.

110 2997 127 3044 1
212 2979 301 3041 Lllll.
344 2980 468 3041 Interim
489 2981 647 3040 nuntiatur
661 2979 825 3049 Laterensi,
850 2981 949 3040 vivere
964 2979 1112 3040 Cassium.

148 3064 213 3135 Quo
241 3065 348 3124 nuntio
376 3064 478 3124 dolore
506 3066 602 3141 magis
629 3071 785 3143 permotus
806 3082 896 3142 quam
919 3064 1017 3124 animo
1040 3081 1112 3142 per·

148 3146 286 3208 turbatus
318 3148 416 3209 reiicit
444 3166 476 3208 se
504 3147 646 3210 celeriter
673 3147 762 3209 etad
785 3147 920 3209 Cassium
952 3146 1114 3210 visendum

110 3232 360 3309 oprosrciseitur.
410 3231 453 3293 lie
481 3234 602 3310 cognita
624 3244 708 3292 xxx.
731 3230 811 3309 legio
833 3235 917 3310 sigua
940 3230 1114 3294 Cordubam

150 3316 242 3375 inlert
265 3315 301 3375 ad
330 3314 475 3377 anaxilium
504 3315 662 3378 ferendum
695 3318 870 3394 imperatori
906 3333 971 3378 suo.
1026 3315 1112 3378 raon

108 3400 205 3463 ahoc
228 3399 308 3460 idem
331 3412 403 3462 xxi.
448 3400 649 3481 Subsequitur
671 3400 725 3462 has
740 3413 772 3461 v.
818 3400 892 3462 Cum
915 3401 991 3462 duae
1014 3399 1113 3481 legio·

137 3501 197 3545 nes
216 3483 358 3567 reliquae
381 3492 483 3551 essent
505 3487 539 3550 in
561 3487 680 3556 castris,
701 3483 975 3555 secundanireriti,
999 3502 1038 3546 ne
1053 3485 1113 3548 soli
