2356 3870
381 237 460 296 CAP.
474 237 691 298 LXIII—LVII,
979 189 1035 297 ‘ii'

55 391 169 466 recipit
191 390 222 446 in
246 395 351 447 castra.
397 385 513 457 Quibus
534 386 626 446 rebus
642 389 771 464 cognitis
785 387 935 447 Labienus
950 393 1056 463 pro-3

55 490 177 550 gressus
199 490 215 530 a
238 474 300 531 suis
323 472 429 530 castris
450 470 534 531 milia
556 489 698 548 passuum
720 484 771 531 vn
794 489 848 550 per
871 474 975 547 iugum
991 478 1022 532 et

57 557 181 624 collem,
204 572 259 633 per
281 571 370 633 quem
393 554 502 614 Caesar
524 554 622 632 pridie
651 557 711 615 iter
739 558 869 623 lecerat,
898 554 943 615 ibi
971 574 1020 615 ca-

56 649 119 701 stra
141 639 268 699 duarum
290 639 443 716 legionum
464 639 537 698 iacit
566 645 655 717 atque
683 641 748 717 ipse
778 639 888 699 cotidie
919 641 1020 698 existi·

56 741 152 793 mans,
176 722 332 783 Caesarem
355 722 459 782 eadem
482 739 571 799 saepe
593 722 798 782 frumentandi
819 725 915 799 gratia
937 740 1020 782 com-

57 816 236 876 meaturum,
261 825 330 866 oum
352 822 461 882 magno
485 807 619 884 equitatu
640 805 757 885 levique
779 813 930 866 armatura
947 808 1020 866 insi·

57 892 194 952 diaturus
216 891 292 951 locis
311 889 432 950 idoneis
454 889 594 949 considit.

121 973 219 1034 LXVI.
264 975 373 1035 Caesar
396 976 519 1034 interim
542 973 578 1032 de
601 973 722 1034 insidiis
743 973 871 1034 Labieni
893 991 929 1033 ex
951 992 1020 1052 per·
1043 972 1071 1031 1'

60 1061 143 1138 iugis
165 1060 279 1119 certior
301 1060 397 1119 tactus
419 1075 530 1137 paucos
552 1056 617 1119 dies
639 1056 684 1117 ibi
706 1065 921 1126 commoratus,
951 1057 1022 1118 dum

57 1143 161 1204 hostes
184 1141 339 1202 cotidiano
361 1144 498 1215 instituto
521 1158 609 1220 saepe
633 1141 713 1203 idem
739 1139 878 1202 iaciendo
899 1144 930 1201 in
951 1157 1022 1218 neg-

60 1226 222 1302 legentiam
263 1226 502 1293 adducerentur,
531 1226 632 1286 subito
654 1243 741 1285 mane
764 1229 906 1304 imperat,
935 1232 1023 1303 porta

58 1311 224 1371 decumana
246 1310 382 1386 legiones
397 1328 428 1369 se
446 1307 543 1388 [v]111
564 1319 719 1371 veteranas
741 1328 810 1371 cnm
831 1317 916 1388 parte
939 1312 1022 1388 equi·

58 1402 140 1454 tatus
162 1396 258 1472 sequi,
282 1402 370 1472 atque
393 1393 545 1472 equitibus
564 1395 738 1473 praemissis
753 1412 850 1472 neque
867 1397 1023 1472 opinantes

58 1477 250 1538 insidiatores
273 1476 404 1537 subito
395 1496 428 1537 m
451 1477 636 1539 convallibus
658 1478 785 1538 latentes
799 1495 839 1538 ex
853 1478 912 1538 levi
927 1496 1022 1538 arma-

58 1571 126 1621 tura
149 1561 282 1621 concidit
303 1563 430 1622 circiter
450 1574 486 1629 n,
508 1564 664 1641 reliquos'
656 1580 688 1622 m
703 1563 804 1661 lugam
818 1564 1023 1660 turpissimam

58 1647 200 1706 coniecit.
268 1645 393 1705 iuterim
429 1644 579 1705 Labienus
612 1663 682 1706 cum
712 1649 853 1707 universo
888 1647 972 1725 equit
959 1653 1059 1706 tatur

59 1729 253 1807 fugientibus
276 1732 338 1789 suis
360 1731 513 1807 suppetias
535 1730 681 1790 occurrit
725 1729 818 1790 Cuius
840 1731 899 1790 vim
920 1729 1023 1788 multi·
1042 1739 1059 1786 3

58 1813 175 1873 tudinis
208 1832 276 1873 cum
309 1815 425 1891 equites
455 1815 545 1892 pauci
577 1813 749 1874 Caesariani
781 1813 841 1873 iam
873 1815 1023 1873 sustinere

60 1915 122 1957 non
145 1906 276 1976 possent,
300 1897 409 1957 Caesar
432 1900 595 1959 instructas
617 1897 751 1972 legiones
772 1897 905 1957 hostium
927 1899 1024 1972 copiis

60 1983 200 2042 ostendit.
252 1981 317 2052 Quo
348 1983 428 2042 iacto
457 1983 622 2060 perterrito
647 1980 779 2040 Labieno
807 1998 840 2040 ac
870 1979 1023 2040 retardato

60 2084 131 2126 suos
154 2067 272 2143 equites
294 2068 411 2163 recepit
433 2065 610 2126 incolumes
655 2065 778 2126 Postero
801 2063 850 2124 die
871 2062 945 2125 luba
962 2064 1022 2124 Nn·
1042 2074 1058 2122 4

61 2150 158 2209 midas
181 2168 246 2219 eos,
276 2152 327 2228 qui
350 2149 417 2210 loco
439 2151 549 2210 amisso
571 2150 642 2227 fuga
664 2167 696 2211 se
718 2156 896 2250 receperant
919 2150 952 2208 in
974 2167 1023 2208 ca·

63 2242 139 2302 stra,
163 2236 194 2293 in
217 2251 308 2295 cruce
330 2251 434 2294 omnes
456 2234 581 2294 suffixit.

123 2317 233 2378 LXVll
278 2317 454 2378 Gaesar't
408 2325 454 2377 mt
455 2320 547 2385 erim,
577 2320 719 2397 quoniam
746 2318 848 2396 inopia
877 2319 1057 2378 frumentii

59 2401 270 2479 premebatur,
305 2405 407 2480 copias
440 2419 545 2462 omnes
578 2404 611 2460 in
640 2408 738 2462 castra
766 2403 907 2463 conducit
934 2409 1022 2479 atque

61 2486 211 2562 praesidio
233 2485 329 2563 Lepti,
353 2485 515 2563 Ruspinae,
538 2484 651 2545 Aoillae
673 2485 791 2554 relicto,
815 2485 915 2562 Cispio
930 2485 1022 2563 Aqui·

59 2569 166 2648 lacque
189 2570 283 2630 classe
304 2569 423 2636 tradita,
447 2577 480 2630 nt
502 2568 579 2630 alter
600 2568 812 2638 Adrumetum,
841 2568 916 2628 alter
944 2567 1022 2629 'lha-

59 2671 148 2732 psum
165 2656 242 2714 mari
255 2651 439 2723 obsiderent,
455 2656 519 2731 ipse
533 2656 640 2714 castris
656 2654 787 2716 incensis
802 2661 908 2732 quarta
924 2655 1022 2714 noctis

59 2737 162 2812 vigilia
196 2740 259 2796 acie
293 2741 439 2797 instructa
472 2737 696 2815 impedimentis
724 2740 756 2798 in
784 2739 907 2797 sinistra
936 2745 1021 2813 parte

58 2819 229 2880 conlocatis
251 2837 286 2879 ex
309 2839 344 2880 eo
367 2821 433 2881 loco
456 2821 659 2899 proficiscitur
681 2827 711 2881 et
732 2819 920 2899 pervenitad
935 2821 1021 2898 oppi-

57 2903 132 2962 dum
154 2904 267 2979 Aggar,
296 2903 377 2980 quod
403 2923 419 2963 a
442 2903 576 2965 Gaetulis
598 2921 687 2983 saepe
709 2910 796 2964 antea
818 2911 1021 2982 oppugnatum

59 3004 238 3064 summaque
261 2988 290 3044 vi
312 3004 366 3064 per
388 2989 469 3066 ipsos
492 2988 657 3066 oppidanos
679 2996 743 3047 erat
766 2987 930 3048 defensum.
975 2986 1058 3048 lbitr

60 3074 94 3130 in
116 3089 221 3148 campo
244 3073 351 3131 castris
372 3073 441 3131 unis
462 3074 569 3149 positis
591 3074 655 3150 ipse
675 3073 890 3133 frumentatum
905 3073 1021 3132 circum

59 3153 148 3215 villas
175 3173 244 3216 cum
271 3163 357 3234 parte
390 3157 540 3217 exercitus
572 3157 726 3235 proiectus
757 3173 866 3231 magno
899 3157 1020 3217 invento

60 3237 162 3308 ordei,
185 3239 261 3307 olei,
284 3242 361 3309 vini,
379 3241 434 3300 ¹fici
457 3258 602 3309 numero,
625 3258 721 3319 pauco
744 3242 850 3310 tritici,
862 3246 949 3319 atque
972 3257 1019 3300 re·

58 3330 162 3383 creato
179 3326 313 3385 exercitu
335 3324 446 3386 redit
437 3341 470 3387 m
492 3333 600 3387 castra.
645 3323 746 3402 Scipio
762 3325 883 3384 interim
898 3326 1056 3423 cognitos

60 3406 197 3468 Caesaris
240 3408 375 3470 discessu
418 3427 487 3470 cum
520 3410 670 3471 universis
703 3410 800 3509 copiis
832 3425 887 3493 per
917 3411 1023 3484 iugum

59 3490 219 3552 Caesarem
241 3492 384 3574 subsequi
415 3496 515 3574 coepit
542 3501 653 3577 atquc
661 3492 700 3556 ab
722 3495 794 3606 eius
815 3494 931 3554 caurus
949 3489 1047 3547 muta
