2356 3870
163 199 207 266 60
483 206 532 261 ΒΕ
552 203 667 261 Bruto
690 204 800 260 OIVILI

164 367 331 448 offenditis.
378 364 440 445 oar·
459 367 496 431 de
515 366 592 431 meis
619 367 656 430 im
674 384 728 431 oos
747 367 866 430 meritis
879 365 1127 447 praecautum

164 471 230 515 aori
247 469 332 530 sam,
354 470 435 531 quoe
453 455 528 514 sarit
546 449 648 514 adhoc
668 454 697 513 ct
715 470 785 514 mea
804 450 961 514 ootmmtatc
981 455 1010 514 ct
1023 455 1127 516 cestra

165 535 371 615 eapcctatiomc
386 534 519 614 teriora·
539 535 594 598 sed
607 537 712 598 tamem
724 535 776 598 sai
791 533 907 598 laboris
921 533 1035 599 milites
1047 554 1126 599 scra·

159 637 220 700 per
240 622 348 682 coemto
363 618 434 682 beiti
446 618 596 700 praemia
610 619 802 698 petiveram,
824 618 880 698 pai
895 617 999 698 amatis
1018 619 1061 682 stt
1072 617 1126 698 fa·

165 705 269 779 amus,
299 721 339 766 ree
362 721 415 766 cos
442 703 566 782 paidom
586 700 753 765 dubitatis:
781 701 976 782 diiipemtiam
1001 703 1127 782 paidom

165 789 307 848 nostram
320 790 385 864 aot,
401 805 492 866 omem
506 786 550 850 ad
561 786 657 868 daem
671 785 774 849 aditae
786 804 836 849 res
844 786 1009 866 processit,
1023 785 1126 864 forto-

117 879 148 928 11
163 888 241 932 ream
260 889 316 934 cm
328 869 551 952 praeteream?
577 867 633 932 Aa
646 870 788 950 pacmitct
806 887 875 946 cos,
903 869 985 950 qaod
1002 869 1126 949 sairam

166 957 259 1032 atace
277 954 461 1017 iacetamcm
475 953 642 1016 mmmmm
655 952 746 1016 rada
767 953 895 1016 ommim
908 971 989 1016 macc
1009 952 1126 1017 deside·

166 1040 242 1100 rata
257 1034 479 1100 traduxerim?
500 1036 583 1116 qaod
596 1035 724 1099 amem
738 1035 873 1100 hostiam
885 1037 989 1116 primo
1008 1038 1127 1118 impeto

166 1120 334 1184 adremims
341 1118 602 1200 proflipaoerim?
623 1120 707 1200 qaod
720 1119 767 1183 bis
775 1140 836 1200 per
850 1119 979 1184 biduom
993 1121 1128 1201 equestri

160 1203 281 1285 prociio
299 1201 535 1285 superaverim?
556 1203 640 1283 qaod
658 1222 696 1267 em
710 1208 807 1284 porta
826 1205 959 1284 mamam
978 1205 1126 1271 adversa-

165 1288 288 1350 moram
302 1302 335 1344 oc
346 1305 441 1350 maces
455 1291 601 1350 oneratas
614 1286 799 1351 abduxerim
813 1287 988 1367 cocae-iilos
1002 1307 1126 1370 cortpo-

167 1369 266 1448 Ierim,
280 1375 316 1434 at
325 1389 423 1450 menae
431 1371 569 1451 pedestri
581 1371 693 1434 itimere
703 1390 801 1451 aeque
810 1371 946 1434 aaoibm
956 1376 1127 1438 commeatu

117 1463 149 1513 12
163 1453 271 1517 marari
286 1453 433 1535 possiet?
453 1452 528 1518 Hac
546 1473 600 1518 cos
611 1454 743 1535 tartara
758 1459 850 1535 atomo
870 1454 920 1518 Itis
934 1455 1064 1520 caedas
1078 1475 1126 1520 re·

160 1538 307 1619 predictis
322 1536 546 1620 Oorfimiercscm
559 1538 777 1620 ipmomimiam,
793 1537 912 1602 Italiac
924 1537 1045 1620 sapam,
1061 1538 1127 1604 Hi·

165 1622 355 1701 spamiarmm
375 1622 573 1700 deditionem,
597 1621 705 1702 Africi
725 1622 795 1687 cetto
808 1621 1011 1703 praeiudicia
1023 1625 1126 1705 seomi-

118 1715 149 1764 13
164 1706 265 1769 mirri!
285 1703 442 1786 Eomidem
456 1725 504 1769 me
516 1705 663 1770 Caesaris
676 1707 805 1770 mititem
819 1706 882 1770 dici
894 1705 996 1784 colai,
1010 1726 1064 1771 cos
1078 1727 1128 1772 me

165 1789 744 1955 tadmtttdmttctt
762 1788 1127 1940 mmm

751 1922 759 1951 9

168 1957 333 2033 restituite,
355 1975 395 2020 rie
414 1957 459 2020 ad
478 1956 697 2021 coatamctiam
716 1957 863 2021 torrorem
885 1958 1003 2022 dedisse
1021 1960 1127 2024 videa·

166 2059 256 2102 mmo.

141 2134 156 2191 t
230 2124 362 2185 XXXIII.
393 2125 455 2194 Qua
476 2128 609 2187 oratione
630 2129 757 2206 permoti
777 2128 888 2188 milites
908 2127 1016 2188 crebro
1036 2131 1128 2190 etiarn

167 2209 315 2268 dicentem
331 2209 575 2288 interpellabant,
596 2218 629 2270 ut
642 2228 748 2288 magno
763 2229 831 2272 cum
846 2213 947 2272 dolore
967 2212 1127 2274 infidelita·

165 2293 206 2352 tis
224 2295 425 2371 suspicionem
451 2298 599 2354 sustinere
620 2295 804 2364 viderentur,
831 2296 1035 2357 diScedentem
1055 2315 1128 2357 vero

166 2394 203 2435 en
218 2379 355 2437 contione
370 2379 501 2439 unIversi
516 2377 721 2444 cohortantur.
744 2397 850 2456 magno
865 2383 904 2440 sit
918 2382 1032 2449 animo,
1054 2398 1126 2442 nec·

165 2459 217 2519 nbi
244 2460 361 2521 dubitet
385 2463 531 2540 proelium
553 2465 739 2523 committere
765 2471 796 2525 et
817 2481 899 2524 suam
919 2464 1009 2524 fidem
1030 2466 1127 2526 virtu·

139 2550 286 2623 ttemque
302 2547 443 2624 experiri.
469 2546 533 2615 Quo
548 2547 625 2606 Iacto
640 2553 817 2608 commutata
834 2549 962 2608 omniurn
978 2556 1008 2608 et
1022 2548 1127 2609 volun·

164 2635 225 2686 tate
246 2636 276 2687 et
297 2631 436 2707 opinione
458 2648 606 2691 consensu
621 2648 736 2691 summo
756 2634 910 2692 constituit
925 2632 1029 2702 Curio,
1057 2651 1127 2694 cum

164 2713 294 2790 primum
310 2715 350 2772 sit
364 2713 431 2786 data
445 2721 588 2792 potestne,
603 2716 719 2794 proelio
734 2733 797 2776 rem
813 2717 1008 2783 committere,
1024 2726 1125 2795 poste·

165 2814 258 2875 reque
274 2796 322 2856 die
337 2798 498 2875 productos
512 2798 616 2859 eodem
630 2799 704 2869 Ioco,
721 2818 780 2878 quo
795 2798 1002 2878 superioribus
1018 2799 1127 2861 diebus

138 2884 354 2949 tconstimrat,
382 2884 413 2942 in
439 2884 502 2942 acie
529 2882 662 2943 collocat.
706 2883 749 2943 Ne
768 2878 862 2942 Varus
886 2883 1005 2961 quidem
1025 2883 1127 2945 AttIus

165 2963 280 3024 dubitat
305 2967 406 3042 copias
426 2966 608 3044 producere,
636 2969 698 3027 sive
725 2965 903 3027 sollicitandi
924 2965 1036 3028 milites
1062 2970 1127 3028 sire

164 3065 258 3146 aequo
279 3048 345 3107 loco
360 3049 519 3110 dimicandi
536 3051 623 3111 detur
638 3053 769 3119 ectasin,
792 3069 829 3110 ne
850 3050 1020 3112 fucultatem
1037 3069 1126 3131 prae·

138 3137 372 3275 ttermXIIXtIIII.
408 3216 481 3277 Erat
500 3218 586 3278 vailis
605 3219 683 3277 inter
698 3218 770 3279 duas
790 3220 884 3289 acies,
908 3225 1051 3298 utsupra
1073 3221 1125 3280 de·

162 3305 357 3359 monstratum
382 3309 442 3370 est,
473 3318 531 3361 non
557 3303 600 3380 ita
625 3318 745 3378 magna,
777 3309 806 3361 at
831 3302 947 3363 difficili
973 3311 1004 3363 et
1030 3304 1124 3366 arduo

163 3398 296 3442 ascensu.
327 3383 409 3444 Hanc
424 3392 549 3463 uterque
564 3387 590 3445 si
612 3384 850 3447 adversariorum
865 3390 968 3465 copiae
992 3390 1123 3449 transire

162 3474 357 3539 conarentur,
374 3466 562 3551 expectabat,
578 3488 637 3549 quo
652 3473 793 3551 aequiore
809 3471 874 3532 Ioco
883 3471 1030 3551 proelium
1043 3488 1125 3534 conr·
