2356 3870
375 220 487 276 COMM.
502 220 523 274 l.
546 216 622 275 cin.
636 219 770 274 L-LVl.
1011 215 1052 279 27

91 388 319 467 longinquiores
341 389 477 448 civitates
492 385 676 457 dimittebat;
697 389 761 466 ipse
782 392 969 465 praesentem
988 388 1053 446 ino·
1105 420 1107 431 ·

92 475 184 552 piam,
202 472 312 550 quibus
326 479 446 550 poterat
460 472 611 541 subsidiis,
628 470 789 532 tutabatur.

156 555 232 616 LIll.
263 556 342 616 llaec
358 557 496 617 Afranius
510 556 704 634 Petreiusque
721 562 750 616 et
765 574 868 616 eorum
882 557 969 615 amici
989 557 1079 634 ple-1

92 642 179 700 niora
192 641 280 700 etiam
291 647 378 719 atque
392 639 530 700 uberiora
541 639 664 699 Romam
680 640 715 699 ad
732 658 802 700 suos
813 639 1052 719 perscribebant.

92 724 185 785 llulta
201 742 304 784 rumor
321 723 501 800 adtingebat,
524 733 556 783 ut
575 741 670 801 poene
691 721 802 783 bellum
823 725 989 785 conlectum
1009 727 1053 784 vi-

73 823 77 831 ·
93 809 226 868 deretur.
263 806 378 877 Quibus
391 809 503 868 litteris
518 809 690 885 nuntiisque
706 807 829 888 Romam
843 806 974 886 perlatis,
992 817 1078 869 man

92 894 144 970 gni
169 892 290 951 domum
312 909 475 952 concursus
495 891 531 951 ad
547 891 700 951 Afranium
722 908 907 970 magnaeque
925 893 1053 968 gratula-

92 977 192 1036 tiones
207 974 331 1045 fiebant;
347 976 432 1035 multi
448 993 484 1035 ex
496 974 578 1035 ltalia
594 975 630 1035 ad
639 975 691 1038 Cu.
699 974 871 1054 Pompeium
882 977 1052 1053 proficisce-

92 1059 220 1127 bantur,
237 1058 298 1128 alii,
315 1066 347 1119 ut
361 1061 513 1138 principes
527 1057 614 1121 talem
628 1061 766 1119 nuntium
782 1058 923 1127 attulisse,
940 1059 999 1129 alii,
1015 1077 1052 1119 ne

92 1149 232 1205 eventum
255 1141 324 1203 belli
347 1151 516 1222 expectasse
539 1150 588 1203 aut
615 1161 651 1203 ex
672 1142 810 1203 omnibus
831 1145 984 1205 novissimi
1004 1161 1052 1202 re·

92 1229 175 1288 nisse
192 1227 374 1287 viderentur.

156 1309 245 1370 Lllll.
277 1311 348 1371 Cum
371 1313 401 1371 in
422 1312 469 1372 his
494 1312 638 1388 angustiis
659 1329 709 1372 res
735 1318 814 1372 esset
841 1319 928 1391 atque
949 1320 1078 1373 omnest

92 1395 157 1455 viae
180 1393 216 1453 ab
238 1394 408 1455 Afranianis
435 1395 580 1456 militibus
608 1395 816 1475 equitibusque
844 1394 1053 1456 obsiderentur

92 1497 150 1539 nec
165 1483 272 1556 pontes
285 1479 390 1557 perfici
411 1485 546 1557 possent,
568 1481 694 1559 imperat
717 1479 863 1540 militibus
878 1480 999 1550 Caesar,
1021 1488 1054 1540 ut

93 1580 186 1623 naves
200 1562 319 1632 faciant,
337 1565 422 1623 euius
436 1565 557 1641 generis
572 1581 639 1623 cum
655 1563 861 1641 superioribus
883 1567 967 1625 annis
983 1582 1053 1624 usus

93 1647 268 1707 Britanniae
291 1647 441 1707 docuerat.
481 1648 605 1707 Carinae
631 1665 665 1707 ac
690 1649 786 1724 prima
811 1651 969 1707 statumina
993 1648 1078 1706 levie

93 1731 220 1790 materia
235 1729 360 1801 fiebant;
382 1731 530 1809 reliquum
544 1748 652 1810 corpus
672 1731 792 1790 navium
808 1730 967 1791 viminibus
982 1749 1052 1791 eon·

93 1821 208 1874 textum
230 1815 321 1873 coriis
342 1815 541 1892 integebatur.
579 1814 637 1874 llas
657 1815 804 1892 perlectas
824 1816 917 1874 carris
942 1816 1079 1876 lunense

93 1897 217 1959 devehit
231 1905 320 1957 noctu
334 1899 415 1959 milia
430 1917 568 1976 passuum
583 1917 599 1958 a
616 1901 722 1959 castris
733 1911 809 1958 xx11
824 1899 990 1978 militesque
1005 1898 1053 1959 his

95 1979 221 2042 navibus
235 1981 345 2041 llumen
366 1989 546 2061 transportat
562 1984 821 2061 continentemque
841 1984 925 2061 ripae
947 1982 1053 2044 collem

94 2066 255 2144 improviso
271 2074 403 2143 occupat.
434 2066 519 2126 Hunc
534 2067 687 2136 celeriter,
708 2071 880 2146 priusquam
896 2066 933 2126 ab
949 2067 1080 2127 adver-4

94 2150 186 2211 sariis
201 2151 362 2218 sentiatur,
385 2152 558 2210 communit.
588 2151 652 2211 Huc
666 2152 813 2228 legionem
828 2158 930 2228 postea
944 2153 1052 2212 transi·

96 2237 241 2311 citatque
257 2251 294 2293 ex
313 2240 439 2313 utraque
459 2241 544 2312 parte
564 2243 685 2312 pontem
706 2237 851 2303 instituit,
873 2234 964 2295 biduo
984 2254 1052 2314 per·

94 2319 169 2378 ficit.
199 2317 241 2376 lta
257 2326 438 2378 commeatus
453 2325 491 2386 et,
507 2319 559 2397 qui
574 2319 715 2378 lrumenti
730 2337 819 2379 causa
833 2326 1079 2398 processeranto

95 2407 160 2462 tuto
177 2400 214 2460 ad
234 2418 266 2461 se
281 2404 390 2479 recipit
405 2409 435 2461 et
455 2419 519 2461 rem
534 2402 757 2463 frumentariam
774 2403 913 2481 expedire
936 2404 1052 2480 incipit.

160 2483 218 2544 LV.
248 2483 359 2545 Eodem
374 2485 422 2545 die
439 2487 570 2564 equitum
586 2502 721 2562 magnam
736 2493 851 2564 partem
866 2485 976 2546 llumen
991 2493 1078 2546 tra-1

96 2571 179 2629 iecit.
209 2567 265 2638 Qui
288 2571 471 2648 inopinantis
485 2567 676 2648 pabulatores
691 2576 721 2629 et
742 2572 807 2630 sine
822 2569 881 2629 ullo
897 2569 1055 2648 dissipatos

95 2655 203 2714 timore
230 2652 363 2729 adgressi
390 2671 528 2730 magnum
553 2671 710 2714 numerum
740 2656 940 2714 iumentorum
966 2662 1053 2734 atque

96 2737 251 2797 bominum
280 2738 474 2816 intercipiunt
507 2736 739 2817 cohortibusque
768 2741 891 2798 cetratis
920 2737 1054 2799 subsidio

96 2822 198 2882 missis
217 2822 348 2880 scienter
369 2823 400 2880 in
424 2821 497 2881 duas
518 2829 619 2899 partes
639 2840 704 2882 sese
724 2821 920 2892 distribuunt,
947 2823 997 2881 alii
1022 2829 1055 2880 ut

96 2904 227 2986 praedae
242 2905 392 2982 praesidio
408 2905 480 2973 sint,
497 2905 546 2964 alii
564 2913 597 2965 ut
611 2905 799 2967 venientibus
812 2908 953 2966 resIstant
967 2913 1053 2985 atque

97 3007 150 3049 eos
164 2988 339 3067 propellant,
360 3007 507 3069 unamque
523 2989 684 3060 cohortem,
705 3009 779 3069 quae
794 2997 906 3051 temere
922 2997 989 3051 ante
1004 2998 1079 3050 cet

97 3080 178 3134 teras
198 3080 281 3133 extra
302 3075 394 3133 aciem
416 3081 623 3152 procurreret,
645 3075 789 3135 seclusam
805 3073 841 3134 ab
856 3075 981 3154 reliquis
996 3076 1054 3134 cir·
1110 3079 1112 3084 '

98 3158 292 3216 cumveniunt
313 3163 400 3236 atque
420 3158 604 3219 interficiunt
623 3159 844 3238 incolumesque
867 3176 933 3220 cum
949 3176 1054 3236 magna

98 3238 210 3319 praeda
225 3240 329 3300 eodem
343 3247 431 3319 ponte
446 3243 478 3302 in
494 3249 591 3303 cestra
605 3251 804 3303 revertuntur.

161 3322 234 3384 LVI.
269 3323 344 3384 llum
366 3324 439 3385 baec
460 3325 497 3386 ad
516 3325 642 3386 Ilerdam
666 3335 826 3403 geruntur,
854 3324 1079 3389 Massiliensesi

96 3409 145 3468 usi
167 3408 201 3467 L.
217 3407 338 3468 Domitii
364 3408 488 3470 consilio
511 3411 593 3470 navis
618 3409 720 3486 longas
745 3411 907 3490 expediunt
930 3429 1054 3472 numero

98 3503 185 3570 nvn,
202 3509 325 3617 quarprm
341 3501 425 3554 erant
437 3506 478 3554 xi
492 3500 596 3558 tectae.
630 3493 725 3560 blulta
736 3495 800 3560 buc
814 3497 938 3560 minora
948 3496 1104 3571 nauigium
