2356 3870
378 214 476 271 corui.
492 214 533 271 lll.
548 213 619 269 cap.
634 213 783 270 xil-xi.
1018 218 1058 279 55

99 379 268 445 bariorum,
290 380 340 439 cul
360 379 405 438 rei
418 396 525 457 perum
540 377 695 456 diligenter
711 377 747 438 ab
766 377 804 438 iis
819 385 882 438 erat
896 378 1058 457 provisum,

98 480 168 542 spes
174 462 308 523 Venetici
323 460 402 531 belli,
419 469 450 522 et
465 461 543 539 quod
558 462 622 522 iere
636 460 763 523 libenter
774 460 909 522 homines
923 461 964 531 id,
981 461 1059 538 quod

98 545 211 614 volunt,
229 544 363 606 credunt
387 545 439 606 llis
453 546 545 607 rebus
559 544 678 606 adducti
692 563 752 606 non
766 547 850 624 prius
865 544 1060 606 Viridovicem
1075 553 1092 600 7

98 629 293 706 reliquosque
307 629 399 689 duces
414 647 449 689 ex
465 628 590 690 concilio
609 628 773 697 dimittunt,
797 645 885 705 quam
905 629 941 690 ab
961 628 1007 688 his
1023 631 1060 688 sit

99 728 287 781 concessum,
304 729 385 772 arma
399 715 443 773 uti
458 714 575 791 capiant
589 717 619 771 et
633 712 669 772 ad
681 718 777 773 eastra
792 713 979 773 contendant
997 713 1061 783 Qua
1074 719 1091 768 8

98 813 135 856 re
150 810 292 856 concessa
306 795 389 866 laeti,
406 802 439 857 ut
455 796 605 875 explorata
618 796 755 864 victoria,
777 799 934 857 sarmentis
948 795 1058 873 virgul-

99 881 200 956 tisque
216 877 362 949 collectis,
379 879 486 956 quibus
501 881 595 940 fossas
609 878 811 940 Romanorum
826 878 1007 959 compleant,
1024 879 1059 939 ad
1120 918 1121 921 =

100 969 201 1023 castra
214 971 352 1040 pergunt,

164 1045 279 1106 XVIIII.
303 1045 399 1108 Locus
420 1055 484 1108 erat
504 1056 669 1107 castrorum
691 1047 787 1108 editus
808 1055 838 1108 et
862 1046 1003 1126 paulatim
1024 1044 1090 1106 abl

54 1134 57 1138 ’
98 1131 161 1189 imo
177 1127 297 1189 adclivis
312 1131 431 1190 circiter
445 1147 550 1209 passus
565 1129 654 1191 mille.
684 1130 748 1191 Huc
762 1147 869 1209 magno
884 1147 974 1190 cursu
989 1146 1059 1189 con-

99 1211 277 1282 tenderunt,
299 1219 335 1273 ut
347 1228 436 1290 quam
450 1215 605 1274 minimum
620 1215 706 1292 spatii
720 1213 756 1274 ad
771 1231 803 1274 se
819 1213 997 1293 colligendos
1012 1230 1059 1272 ar·

99 1292 286 1372 mandesque
299 1295 440 1357 Romanis
460 1297 591 1366 daretur,
613 1299 830 1374 exanimatique
848 1303 1058 1376 pervenerunt.

101 1379 231 1439 Sabinus
250 1396 321 1440 suos
335 1378 470 1441 hortatus
485 1381 673 1459 cupientibus
692 1383 809 1458 signum
825 1380 882 1440 dat.
919 1379 1093 1459 Inpeditis2

99 1461 239 1522 hostibus
252 1472 376 1541 propter
391 1481 439 1532 ea,
457 1481 532 1539 quae
546 1464 696 1532 ferebant,
712 1480 818 1533 onera,
835 1464 932 1524 subito
947 1463 1061 1524 duabus

98 1547 198 1624 porus
213 1548 401 1625 eruptionem
421 1548 486 1607 lieri
505 1547 595 1608 iubet.
633 1549 755 1608 Factum
776 1556 820 1608 est
841 1549 1093 1627 opportunitates

99 1629 173 1698 loci,
195 1627 324 1690 hostIum
338 1632 494 1691 inscientia
513 1648 548 1691 ac
568 1630 791 1708 defetigatione,
814 1633 921 1690 virtute
935 1629 1061 1689 militum

98 1721 132 1772 et
146 1713 337 1791 superiorum
351 1730 518 1792 pugnarum
535 1715 758 1780 exercitatione,
782 1723 814 1772 ut
834 1732 872 1772 ne
886 1730 980 1774 unum
995 1714 1058 1789 qui-

100 1796 169 1856 dem
191 1803 363 1856 nostrorum
383 1798 527 1875 impetum
546 1798 661 1857 ferrent
681 1797 831 1856 aestatim
858 1803 939 1873 terga
963 1804 1060 1856 verte·

100 1887 179 1940 rent.
218 1879 299 1949 Quos
317 1879 465 1958 inpeditos
484 1883 608 1958 integris
628 1878 740 1939 viribus
754 1878 861 1939 milites
882 1881 976 1939 nostri
991 1897 1060 1939 con·
1077 1889 1093 1936 4

100 1964 198 2024 secuti
221 1980 362 2040 magnum
387 1981 545 2024 numerum
574 1981 677 2023 eorum
707 1962 894 2029 occiderunt;
931 1961 1061 2038 reliquos
1100 2002 1104 2012 ·

97 2048 219 2122 equites
234 2047 395 2106 consectati
410 2064 535 2125 paucos,
552 2048 603 2123 qui
618 2063 654 2106 ex
669 2047 738 2123 luga
753 2052 913 2114 evaserant,
930 2045 1059 2122 relique·

97 2137 183 2190 runt.
222 2127 270 2189 Sic
291 2147 350 2189 uno
365 2136 500 2207 tempore
516 2136 545 2189 et
560 2129 596 2189 de
612 2128 706 2189 navali
725 2147 825 2207 pugna
840 2129 966 2190 Sabinus
981 2139 1011 2189 et
1025 2129 1092 2189 deb

96 2211 205 2272 Sabini
214 2213 337 2272 victoria
348 2211 454 2274 Caesar
466 2219 511 2273 est
521 2215 630 2273 certior
640 2213 743 2282 Iactus,
757 2215 947 2290 civitatesque
958 2231 1061 2273 ornnes

96 2313 134 2358 se
149 2297 249 2355 statim
262 2295 378 2356 Titurio
393 2296 580 2357 dediderunt.
602 2296 676 2356 Nam
691 2304 724 2356 ut
739 2297 775 2357 ad
784 2295 861 2357 bella
875 2296 1062 2375 suscipienda
1076 2303 1093 2354 e

96 2378 256 2440 Gallorum
271 2377 368 2439 alacer
383 2397 416 2439 ac
427 2387 583 2459 promptus
596 2387 642 2440 est
655 2381 780 2449 animus,
793 2381 835 2441 sic
845 2379 942 2440 mollis
956 2399 991 2440 ac
1005 2381 1059 2439 mi·

95 2465 183 2524 nime
198 2463 339 2523 reslatens
349 2463 386 2522 ad
398 2463 578 2524 calamitates
588 2462 781 2542 perferendas
791 2480 875 2523 mens
889 2481 993 2523 eorum
1005 2471 1058 2523 est.

164 2543 227 2606 XX.
251 2545 361 2606 Eodem
387 2547 452 2607 iere
477 2555 613 2626 tempore
632 2546 753 2607 Publius
774 2547 912 2616 Crassus,
939 2548 1089 2607 cumini

97 2629 287 2706 Aquitaniam
302 2631 499 2708 pervenisset,
521 2648 597 2708 quae
613 2629 727 2709 [pars],
749 2638 784 2691 ut
797 2637 865 2690 ante
879 2630 990 2691 dictum
1006 2637 1059 2698 est,

96 2722 132 2774 et
145 2715 304 2791 regionum
313 2713 466 2774 latitudine
482 2721 512 2773 et
525 2713 712 2774 multitudine
722 2713 875 2774 bominum
890 2717 976 2775 tertia
990 2732 1061 2792 pars

95 2795 214 2858 Galbae
229 2803 274 2856 est
289 2797 496 2866 existimanda,
519 2815 587 2858 cum
600 2796 802 2875 intellegeret,
822 2799 903 2858 iniis
918 2797 990 2857 locis
1006 2796 1062 2856 sibi

95 2879 215 2940 bellum
228 2880 407 2955 gerendum,
429 2881 480 2941 ubi
499 2883 601 2960 paucis
620 2889 688 2940 ante
707 2883 792 2941 annis
806 2880 914 2941 Lucius
929 2880 1061 2941 Valerius

64 3034 72 3042 ,
96 2965 304 3025 Praeconinus
317 2963 432 3042 legatus
443 2967 575 3025 exercitu
586 2964 672 3043 pulso
686 2964 861 3024 interiectus
874 2970 960 3032 esset,
974 2971 1062 3042 atque

96 3047 181 3107 unde
197 3045 306 3108 Lucius
320 3047 435 3109 llallius
448 3047 609 3126 proconsul
621 3047 841 3126 impedimentis
862 3049 976 3109 amissis
990 3066 1059 3128 pro·

94 3131 241 3208 fugisset,
262 3148 322 3191 non
337 3130 518 3192 mediocrem
533 3132 589 3192 sibi
609 3130 790 3208 diligentiam
806 3131 1000 3192 adhibendam
1015 3134 1060 3192 in·

95 3212 269 3291 tellegebat.
306 3215 409 3292 ltaque
428 3234 462 3276 re
482 3217 674 3276 frumentaria
693 3217 826 3294 provisa,
848 3215 963 3277 auxiliis
979 3217 1090 3293 equi-a

93 3303 225 3374 tatuque
241 3306 415 3377 conparato,
436 3299 536 3359 multis
548 3302 711 3378 'praeterea
725 3300 795 3360 viris
813 3298 940 3360 fortibus
955 3299 1061 3360 Tolosa

93 3389 130 3444 et
144 3380 300 3452 Narbone,
322 3399 398 3459 quae
419 3393 489 3442 sunt
509 3384 640 3444 civitates
655 3380 765 3444 Galliae
785 3385 953 3462 prouinciae
973 3384 1059 3444 finiti-

93 3483 166 3527 mae
182 3463 230 3526 bis
245 3466 421 3542 regionibus,
433 3468 606 3530 nominatim
622 3468 753 3532 evocatis
766 3469 802 3532 in
812 3468 989 3533 sontiatum
999 3469 1082 3529 bnis
