2356 3870
320 210 418 269 eorm.
434 211 452 267 1.
469 209 757 268 cmxxx-xxm
974 214 1015 277 1⁷
1070 174 1081 201 '

63 393 127 437 esse
144 391 181 434 ex
197 376 278 435 omni
293 375 406 435 civitate
421 370 599 441 Aeduorum,
615 373 666 449 qui
680 370 786 433 adduci
800 390 859 434 non
873 375 1012 452 potuerit,

62 465 94 520 ut
106 461 225 519 iuraret
238 464 289 518 aut
302 456 411 517 liberos
426 472 497 516 suos
512 455 629 516 obsides
644 456 735 516 daret
767 455 812 517 Oh
828 475 892 517 eam
906 475 970 517 rem
984 464 1047 518 see

61 561 98 602 ex
114 542 232 602 civitate
246 541 412 618 profugisse
427 544 457 598 et
467 538 590 599 Romam
605 538 641 600 ad
655 548 790 601 senatum
804 543 919 601 venisse
933 543 1014 602 auxi·

62 624 135 686 lium
149 623 340 702 postulatum,
357 619 436 700 quod
447 620 528 682 solus
539 639 636 698 neque
647 623 836 684 iureiurando
851 640 948 700 neque
963 624 1014 685 oh·

62 706 176 769 sidihus
197 713 359 766 teneretur.
398 704 457 765 Sed
475 706 561 783 peius
580 705 740 766 victoribus
761 707 904 783 Sequanis
926 724 1014 783 quam
1024 714 1057 765 10

62 789 171 852 Aeduis
191 791 276 849 victis
296 788 453 857 accidisse,
479 795 637 866 propterea
663 789 741 865 quod
760 792 935 859 Ariovistus,
962 809 1015 851 rex

63 873 295 939 Germanorum,
320 874 353 931 in
379 888 482 930 eorum
507 870 615 931 finibus
640 871 822 932 consedisset
841 875 1016 950 tertiamque

62 962 178 1034 partem
193 956 257 1030 agri
271 954 408 1030 Sequani,
425 954 476 1029 qui
490 962 569 1013 esset
583 955 712 1031 optimus
726 956 816 1014 totius
831 954 950 1023 Galliae,
967 974 1016 1016 oc·

63 1039 232 1115 cuparisset
252 1045 282 1096 et
301 1054 381 1096 nunc
401 1035 437 1094 de
452 1035 543 1096 altera
557 1043 641 1114 parte
663 1038 747 1097 tertia
762 1037 913 1113 Sequanos
929 1038 1015 1099 dece·

63 1120 135 1179 dere
149 1118 276 1186 iuberet,
292 1125 451 1196 propterea
465 1118 544 1194 quod
558 1121 659 1197 paucis
673 1119 824 1180 mensibus
839 1129 906 1180 ante
920 1121 1016 1182 Haru-

63 1202 134 1262 dum
148 1200 230 1260 milia
243 1200 396 1260 hominum
418 1219 512 1260 xxrm
533 1200 568 1260 ad
591 1217 659 1260 eum
674 1203 835 1270 venissent,
853 1203 959 1280 quihus
972 1203 1017 1264 lo·

63 1303 115 1344 cus
132 1301 168 1343 ac
181 1283 268 1343 sedes
282 1293 468 1360 pararentur.
500 1283 647 1342 Futurum
663 1301 727 1344 esse
741 1287 844 1363 paucis
859 1288 957 1355 annis,
973 1288 1056 1346 utili

63 1384 168 1426 omnes
188 1383 226 1425 ex
247 1365 357 1425 Galliae
376 1364 484 1424 linibus
508 1364 692 1442 pellerentur
712 1373 799 1443 atque
821 1384 923 1428 omnes
943 1368 1016 1428 Ger·

63 1450 146 1510 mani
159 1447 297 1531 Rhenum
311 1449 485 1507 transirent:
508 1464 606 1524 neque
628 1451 706 1508 enim
726 1449 937 1510 conferendum
953 1469 1018 1512 esse
1108 1502 1115 1511 .

64 1531 211 1593 Gallicum
225 1549 292 1590 cum
304 1531 519 1591 Germanorum
533 1547 613 1606 agro,
629 1547 727 1606 neque
740 1531 816 1592 hano
831 1534 1018 1594 consuetudi·

63 1632 133 1675 nem
147 1616 243 1674 victus
258 1631 325 1676 cum
339 1612 389 1672 illa
404 1612 638 1690 comparandam.
671 1615 849 1674 Ariovistum
863 1623 971 1684 autem,
986 1624 1020 1677 ut
1028 1623 1061 1675 12

63 1695 159 1757 semel
175 1695 327 1755 Gallorum
342 1696 441 1772 copias
454 1693 567 1771 proelio
582 1696 699 1763 vicerit,
722 1696 800 1771 quod
815 1697 961 1775 proelium
975 1699 1017 1758 la·

63 1787 146 1840 ctum
158 1781 197 1838 sit
208 1778 244 1837 ad
254 1776 491 1853 Magetohrigam,
508 1776 636 1855 superbe
651 1787 681 1836 et
692 1777 852 1838 crudeliter
861 1781 1017 1858 imperare,

64 1860 185 1923 obsides
210 1859 384 1920 nobilissimi
409 1861 552 1935 cuiusque
577 1859 688 1920 liberos
712 1877 837 1938 poscere
863 1865 948 1921 etin
969 1881 1020 1924 cos

60 1944 162 2002 omnia
177 1940 313 2019 exempla
329 1943 540 2021 cruciatusque
556 1943 655 2012 edere,
671 1945 698 2003 si
710 1962 769 2022 qua
779 1961 830 2002 res
844 1959 904 2003 non
917 1942 954 2001 ad
968 1960 1024 2002 nu·

59 2034 123 2087 tum
139 2032 192 2086 aut
207 2025 244 2084 ad
259 2025 442 2085 voluntatem
454 2027 519 2086 eius
534 2027 614 2086 facta
628 2029 677 2087 sit.
700 2027 859 2087 Hominem
875 2044 941 2086 esse
956 2024 1067 2085 har-1³

60 2109 180 2178 harum,
197 2108 386 2178 iracundum,
401 2112 614 2170 temerarium:
638 2128 699 2171 non
714 2128 801 2189 posse
818 2113 883 2170 eius
898 2113 1025 2188 imperia

60 2193 177 2255 diutius
198 2193 358 2252 sustinere.
396 2191 461 2253 Nisi
483 2193 556 2272 quid
578 2196 610 2253 in
626 2194 751 2255 Caesare
773 2193 942 2273 populoque
965 2193 1024 2253 Ro·
1036 2203 1066 2251 14

59 2295 149 2339 mano
173 2277 213 2336 sit
235 2276 354 2345 auxilii,
377 2276 517 2337 omnibus
541 2276 633 2337 Gallis
654 2277 735 2339 idem
756 2295 821 2338 esse
843 2276 1024 2346 faciendum,

60 2361 141 2441 quod
159 2359 289 2420 Helvetii
303 2362 447 2429 iecerint,
463 2367 497 2420 ut
512 2360 599 2421 domo
615 2364 778 2438 emigrent,
802 2361 884 2422 aliud
900 2361 1024 2421 domici·

59 2448 155 2514 lium,
177 2445 251 2504 alias
267 2443 368 2512 sedes,
383 2451 514 2504 remotas
529 2462 546 2504 a
561 2446 726 2516 Germanis,
743 2453 844 2524 petant
858 2446 1024 2505 fortunam·

59 2548 129 2611 que,
146 2544 353 2607 quaecumque
365 2527 490 2598 accidat,
506 2531 710 2607 experiantur.
732 2529 813 2588 Haec
827 2530 854 2589 si
870 2531 1066 2589 enuntiatam

59 2614 212 2676 Ariovisto
227 2613 297 2679 sint,
314 2629 375 2671 non
391 2610 543 2680 dubitare,
560 2615 632 2690 quin
648 2613 683 2672 de
700 2610 840 2672 omnibus
856 2611 1023 2680 obsidibus,

59 2707 112 2782 qui
127 2701 209 2782 apud
224 2719 291 2762 cum
306 2703 374 2768 sint,
390 2701 595 2777 gravissimum
609 2700 786 2777 supplicium
801 2708 905 2760 sumat
944 2701 1058 2760 Cae-10

60 2804 162 2848 sarem
175 2783 223 2845 vel
234 2786 407 2845 auctoritate
419 2802 472 2844 sua
483 2791 571 2859 atque
582 2784 728 2842 exercitus
742 2781 789 2841 vel
802 2785 915 2842 recenti
926 2784 1016 2840 victo·

61 2874 106 2932 ria
118 2868 169 2928 vel
183 2870 304 2928 nomine
321 2865 425 2945 populi
437 2866 562 2926 Romani
582 2865 734 2925 deterrere
748 2881 850 2942 posse,
871 2881 909 2924 ne
924 2865 1017 2924 maior

61 2950 223 3014 multitudo
238 2950 454 3010 Germanorum
472 2947 609 3008 Rhenum
627 2947 813 3016 traducatur,
836 2946 1017 3024 Galliamque

62 3053 184 3097 omnem
200 3032 237 3093 ab
251 3033 388 3095 Ariovisti
401 3033 509 3092 iniuria
522 3048 610 3110 posse
625 3031 793 3090 defendere.

124 3116 244 3178 XXXII.
268 3115 330 3176 Hac
343 3117 476 3176 oratione
491 3113 527 3174 ab
543 3115 681 3174 Diri‘tiaco
696 3112 808 3180 hahita,
831 3131 947 3183 omnes,
970 3114 1020 3188 qui
1035 3118 1048 3170 1

62 3202 198 3269 aderant,
215 3216 320 3276 magno
331 3197 403 3259 lletu
414 3197 553 3259 auxilium
564 3215 580 3256 a
592 3197 715 3257 Caesare
730 3203 832 3275 petere
846 3202 1016 3275 coeperunt.

65 3283 278 3345 Animadvertit
292 3281 408 3352 Caesam
424 3298 499 3341 unos
515 3297 551 3339 ex
566 3279 702 3339 omnihus
716 3279 868 3355 Sequanos
882 3279 956 3340 nihil
971 3296 1018 3338 ea·
1034 3286 1051 3333 2

65 3386 132 3427 rum
147 3383 252 3426 rerum
266 3367 373 3434 lacere,
390 3381 463 3442 quas
478 3363 569 3424 ceteri
582 3363 723 3431 lacerent,
742 3361 794 3422 sed
809 3364 908 3422 tristes
923 3362 1019 3437 capite

66 3451 197 3511 demisso
211 3456 322 3509 terram
335 3449 454 3509 intueri.
491 3446 562 3507 llius
575 3445 620 3506 rei
636 3461 709 3524 quae
725 3463 815 3509 cansa
829 3453 920 3518 esset,
932 3445 1026 3506 niua-

107 3564 134 3604 ο.
146 3559 207 3598 run.
220 3561 326 3598 euers.
844 3538 867 3602 2
