2356 3870
163 169 207 234 16
409 173 556 229 BELLUM
570 172 874 230 ALEXANDRINUM.

162 322 280 393 Pharo,
314 321 447 399 pedestri
469 320 589 382 Pelusio
611 321 692 383 velut
716 321 858 383 claustris
877 323 994 384 munita
1023 323 1125 383 existi·

161 415 263 468 matur
282 439 335 475 -,
358 412 482 483 repente
503 407 620 483 magnis
641 405 860 467 circumdatum
886 408 992 485 copiis,
1024 406 1126 467 multi·

165 491 238 569 plici
253 490 404 568 praesidio
418 478 898 568 pertinacitflpropugnantibus,
920 498 952 551 et
971 492 1131 577 copiarum
1143 558 1146 564 ¹

165 573 388 651 magnitudine,
411 589 485 652 quas
506 574 640 651 integras
661 573 827 635 vulneratis
842 573 1027 652 defessisque
1043 571 1126 649 subi·

166 656 283 724 ciebat,
305 665 336 717 et
357 660 579 734 perseverantia
603 659 830 735 constantiaque
845 657 1047 736 oppugnandi,
1068 675 1127 737 quo

167 741 215 801 die
238 747 283 801 est
306 740 479 817 adgressus,
511 742 543 801 in
566 758 650 809 suam
671 740 791 817 redegit
810 748 990 818 potestatem
1012 742 1125 819 praesi-

124 834 146 882 u
167 825 308 903 iliumque
330 824 375 883 ibi
395 842 484 885 suum
505 824 673 885 collocavit.
718 824 791 885 lude
812 842 846 884 re
869 823 947 885 bene
961 834 1045 903 gesta
1059 824 1128 889 aie·

166 908 328 970 xandream
351 907 388 968 ad
411 908 567 970 Caesarem
590 907 760 978 contendit,
789 925 952 988 omnesque
973 927 1025 970 eas
1046 910 1128 987 regi·

166 1011 256 1061 ones,
290 1009 344 1070 per
378 1010 452 1069 quas
479 995 538 1053 iter
565 990 712 1062 iaciebat,
750 994 927 1053 auctoritate
963 1011 1013 1062 ea,
1050 1011 1129 1072 quae

165 1076 342 1154 plerumque
365 1075 450 1136 adest
475 1078 599 1146 victori,
632 1083 754 1154 pacarat
786 1083 874 1154 atque
900 1078 934 1136 in
963 1078 1129 1139 amicitiam

167 1159 301 1221 Caesaris
322 1158 490 1236 redegerat.

128 1248 145 1294 1
230 1241 344 1302 xxvii.
387 1242 484 1304 Locus
503 1252 548 1305 est
568 1245 633 1305 ier'e
656 1246 814 1321 regionum
836 1242 958 1305 illarum
972 1243 1130 1305 nobilissi-

166 1345 232 1387 mus
255 1344 315 1387 non
338 1329 379 1385 ite
402 1326 489 1402 longe
511 1325 549 1386 ab
571 1327 771 1394 Alexandrea,
795 1329 845 1404 qui
869 1329 1043 1387 nominetur
1059 1327 1130 1388 Del·

166 1417 211 1478 ta;
240 1409 319 1488 quod
346 1426 456 1469 nomen
483 1426 500 1467 a
528 1409 726 1470 similitudine
755 1409 873 1469 litterae
896 1411 1028 1487 accepit:
1059 1427 1131 1471 nam

166 1509 237 1572 pars
265 1491 412 1571 quaedam
442 1492 575 1552 lluminis
604 1492 663 1552 Nili
694 1492 825 1552 derivata
858 1489 954 1571 [inter
976 1490 1024 1572 se]
1054 1494 1131 1555 duo·

168 1574 224 1636 bus
240 1575 405 1636 itineribus
420 1575 562 1654 paulatim
577 1576 710 1637 medium
732 1579 812 1636 inter
834 1594 867 1636 se
889 1578 1018 1656 spatium
1033 1577 1130 1657 reliu-

167 1679 262 1740 quens
278 1660 480 1721 diversissimo
502 1660 539 1721 ad
560 1660 633 1721 litus
654 1658 811 1719 intervallo
825 1662 903 1720 mari
924 1662 1129 1738 coniungitur.

126 1744 222 1804 aCui
249 1745 316 1805 loco
344 1762 412 1805 cum
440 1743 679 1823 adpropinquare
706 1743 899 1805 Mithridaten
927 1761 981 1804 rex
1018 1762 1130 1823 cogno·

167 1830 258 1888 visset
281 1834 312 1888 et
331 1827 549 1888 transeundum
570 1830 599 1888 ei
621 1827 732 1888 llumeu
754 1829 855 1897 sciret,
878 1845 1001 1905 magnas
1022 1827 1129 1890 adver·

167 1929 220 1972 sus
242 1930 311 1972 eum
341 1913 442 1989 copias
469 1912 565 1980 misit,
594 1909 704 1989 quibus
732 1911 779 1971 vel
807 1913 945 1989 superari
972 1911 1131 1992 delerique

167 1994 360 2056 Mithridaten
393 1995 440 2055 vel
472 1996 538 2054 sine
571 1993 662 2054 dubio
698 1997 824 2054 retineri
856 2011 943 2072 posse
976 1995 1129 2058 credebat.

126 2076 424 2149 eduemadmodum
460 2085 561 2138 autem
594 2075 717 2155 optabat
743 2096 811 2138 eum
838 2081 933 2149 vinci,
971 2080 1016 2140 sic
1057 2082 1130 2140 satis

126 2160 313 2230 thabebat,
336 2159 535 2222 interclusum
557 2178 574 2221 a
596 2160 723 2222 Caesare
752 2180 769 2222 a
796 2179 829 2222 se
857 2164 995 2225 retineri.
1046 2163 1129 2236 Quae

168 2247 284 2322 primae
314 2246 418 2323 copiae
444 2243 557 2305 llumen
584 2263 601 2304 a
627 2243 714 2305 Delta
741 2248 871 2306 transire
906 2253 937 2306 et
961 2245 1129 2309 Mithridati

168 2345 331 2390 occurrere
353 2335 533 2408 potuerunt,
562 2327 713 2406 proelium
741 2331 957 2390 commiserunt
983 2331 1130 2393 festinan·

167 2418 213 2474 tes
249 2413 426 2491 praeripere
463 2410 718 2490 subsequentibus
753 2415 898 2475 victoriae
941 2415 1129 2477 societatem.

127 2496 302 2567 tonorum
338 2499 484 2574 impetum
512 2495 701 2557 Mithridates
727 2513 835 2574 magna
864 2515 932 2557 cum
969 2498 1130 2577 prudentia

167 2581 393 2658 constantiaque
415 2577 575 2658 [virtutum
590 2587 621 2640 et
633 2580 903 2642 Alexandrinorum
920 2581 1128 2663 inprudentia]

167 2663 387 2724 consuetudine
409 2670 512 2724 nostra
535 2666 641 2723 castris
662 2663 779 2725 vallatis
793 2666 950 2736 sustinuit;
973 2682 1042 2726 cum
1059 2684 1130 2727 vero

164 2747 288 2808 incaute
316 2753 405 2824 atque
433 2746 600 2807 insolenter
629 2747 792 2809 succedere
820 2766 872 2808 eos
907 2748 1129 2810 munitionibus

163 2829 299 2900 rideret,
333 2832 493 2908 eruptione
526 2830 658 2909 undique
692 2831 769 2892 iacta
800 2848 942 2909 maguum
968 2851 1128 2894 numerum

128 2927 272 2976 deorum
301 2916 467 2976 interiecit.
517 2914 603 2986 Quod
630 2916 691 2975 nisi
718 2915 854 2976 locorum
882 2918 988 2976 notitia
1015 2916 1129 2995 reliqui

168 3016 202 3057 se
222 2999 369 3060 texissent
392 3001 561 3078 partimque
585 3000 617 3058 in
639 3016 738 3067 naves,
762 2997 873 3076 quibus
895 2999 1006 3060 llumen
1029 3009 1129 3062 trans·

129 3082 280 3152 tierent,
314 3085 518 3160 recepissent,
553 3081 688 3143 funditus
722 3081 814 3144 deleti
842 3090 953 3144 essent.
1009 3083 1069 3155 Qui
1096 3090 1130 3145 ut

162 3165 289 3244 ,paulum
300 3164 338 3225 ab
363 3165 417 3226 illo
439 3168 549 3227 timore
571 3184 604 3228 se
627 3173 821 3235 recrearunt,
844 3165 981 3227 adiuncti
996 3165 1053 3237 hia,
1075 3169 1130 3247 qui

166 3247 440 3326 subsequebantur,
455 3267 562 3310 rursus
570 3267 744 3329 oppugnare
750 3248 944 3311 Mithridaten
952 3258 1128 3329 coeperunt

128 3346 144 3393 1
229 3331 357 3392 xxvut.
400 3324 531 3395 Mittitur
568 3353 584 3392 a
619 3333 793 3395 Mithridate
834 3336 961 3396 nuntius
997 3334 1128 3405 Caesari,

163 3415 220 3494 qui
242 3433 306 3476 rem
328 3423 444 3494 gestam
465 3419 627 3494 perterret.
679 3417 840 3493 Cognoscit
868 3436 905 3478 ex
932 3420 995 3479 suis
1023 3419 1130 3481 eadem
