2356 3870
149 213 190 276 56
472 213 631 270 3111111113
648 212 786 270 GALLICO

119 377 312 438 texercitum
336 376 507 437 introduxit.
553 375 642 438 Cuius
667 376 793 437 adventu
819 377 935 453 cognito
957 376 1103 438 sontiates

148 461 261 536 magnis
281 461 373 539 copiis
394 461 501 520 coactis
523 461 729 537 equitatuque,
757 477 815 536 quo
840 460 1001 537 plurimum
1026 460 1102 521 vale·

148 541 232 611 bant,
253 545 284 603 in
304 545 411 603 itinere
426 561 530 621 agmen
551 551 686 604 nostrum
705 543 802 603 adorti
818 546 948 621 primum
965 552 1104 620 equestre

117 632 132 681 4
147 625 292 703 proelium
309 628 534 696 commiserunt,
556 626 676 696 deinde,
699 628 830 703 equitatu
845 645 899 687 suo
915 627 1000 706 pulso
1016 634 1103 704 alque

147 709 371 783 insequentibus
391 712 516 779 nostris,
544 709 641 770 subito
662 709 816 788 pedestres
838 711 952 789 copias,
979 712 1103 787 quasin

148 791 279 852 convalle
298 793 330 854 13
349 793 464 855 insidiis
484 793 722 863 conlocarerant,
751 793 955 854 ostenderunt.
992 794 1029 856 Hi
1049 812 1102 854 33-

147 883 225 934 31133
240 875 379 938 disiectcs
394 876 489 938 adorti
504 876 650 956 proelium
664 884 854 937 renovarunt.

118 963 128 1012 1
208 957 283 1018 XXI.
308 961 472 1038 Pugnatum
494 968 539 1020 est
559 960 609 1020 diu
624 966 713 1036 atque
734 962 850 1030 acriter,
873 978 941 1020 cum
956 959 1103 1019 Sentiates

146 1043 350 1119 superioribus
365 1045 494 1103 vlotoriis
508 1044 623 1104 1131113
638 1061 692 1103 sua
706 1044 813 1103 virtute
828 1045 918 1103 totius
932 1043 1103 1119 aquitaniae

146 1122 269 1188 salut-cm
281 1127 408 1204 positam
418 1133 564 1204 putarent,
581 1127 675 1186 nostri
690 1132 797 1194 autem,
812 1127 882 1203 quid
897 1128 960 1186 sine
974 1127 1102 1203 impera·

146 1216 212 1267 tore
228 1214 257 1268 et
272 1211 335 1268 sine
350 1208 472 1285 reliquis
488 1209 652 1286 legionibus
664 1208 886 1270 adulescentulo
897 1209 972 1269 duce
985 1209 1103 1270 efficere

145 1297 276 1368 possent,
288 1294 418 1371 perspici
429 1298 586 1370 cuperent:
599 1291 718 1352 tandem
730 1293 856 1353 confecti
866 1291 1038 1354 vulneribus
1049 1290 1102 1350 bo-

113 1380 130 1427 a
145 1380 205 1434 stes
216 1382 299 1451 terga
311 1382 437 1435 1311313.
456 1375 589 1445 Quorum
600 1393 706 1453 magno
717 1393 842 1436 numero
853 1377 1010 1436 interiecto
1017 1375 1103 1437 Cras·

146 1474 197 1517 sus
213 1475 248 1516 ex
262 1459 369 1518 itinere
381 1458 521 1536 oppidum
533 1458 698 1518 Sentiatum
714 1475 886 1537 oppugnare
901 1460 1007 1538 coepit
1032 1458 1103 1529 Qui·

113 1544 129 1596 1
143 1537 199 1599 bus
213 1541 330 1601 13111131
344 1540 562 1610 resistentibus,
578 1543 678 1601 vineas
692 1549 851 1619 turresque
867 1544 934 1620 egit.
972 1541 1018 1602 Illi
1032 1540 1103 1600 alias

146 1626 301 1702 eruptione
316 1631 471 1702 temptata,
494 1623 564 1684 alias
580 1623 724 1685 cuniculis
740 1625 776 1684 ad
791 1642 930 1702 aggerem
943 1625 1103 1700 vineasque

146 1708 227 1776 actis,
244 1708 328 1767 cuius
342 1710 388 1766 131
402 1713 471 1767 3331
485 1706 573 1784 longe
587 1709 759 1786 peritissimi
772 1708 923 1785 Aquitani,
943 1716 1103 1786 propterea

146 1789 226 1865 quod
240 1789 340 1850 multis
354 1789 427 1850 locis
441 1791 518 1870 apud
535 1809 586 1850 eos
600 1792 731 1852 33131133
746 1799 941 1867 secturaeque
956 1797 1035 1859 sunt,
1051 1789 1103 1850 ubi

145 1872 294 1950 diligentia
315 1884 485 1933 nostrorum
501 1873 572 1932 nibli
594 1872 640 1933 1113
654 1873 744 1934 rebus
764 1874 868 1952 profici
882 1891 970 1952 posse
984 1872 1101 1933 intelle·

144 1963 268 2025 xerunt,
284 1954 396 2032 legatos
412 1957 447 2015 ad
464 1957 602 2017 Crassum
616 1958 750 2025 mittunt,
772 1974 864 2033 seque
877 1959 907 2017 in
924 1956 1101 2016 deditionem

144 2046 178 2098 ut
194 2040 331 2116 repriat,
348 2047 461 2117 petunt.
501 2039 561 2108 Qua
583 2057 617 2098 re
631 2041 786 2117 impetrata
802 2058 882 2100 arma
897 2039 1015 2100 tradere
1029 2041 1102 2100 iussi

144 2122 263 2181 iaciunt.

114 2210 126 2260 1
205 2203 292 2264 XXII.
317 2206 412 2281 Atque
426 2207 457 2265 in
473 2224 506 2265 ea
521 2223 555 2266 re
570 2207 701 2267 omnium
717 2215 889 2267 nostrorum
903 2208 1024 2267 intentis
1039 2207 1101 2265 anl-

30 2331 32 2336 .
143 2289 208 2356 3113,
226 2287 280 2346 3113
296 2305 332 2347 cx
346 2295 431 2367 parte
446 2289 546 2367 oppidi
556 2289 748 2358 Adiatunnus,
765 2291 815 2367 qui
827 2307 971 2349 summam
985 2289 1101 2366 imperii

143 2368 271 2440 tenebat,
288 2389 354 2432 cum
366 2390 408 2433 nc
420 2371 541 2441 devotis,
557 2390 632 2449 quos
644 2373 687 2432 illi
698 2372 845 2433 soldurios
857 2372 1013 2450 appellant,
1027 2388 1101 2448 quo·

111 2463 208 2514 arum
224 2453 297 2514 baec
313 2461 357 2516 est
372 2454 521 2525 condicio,
537 2458 582 2515 uti
597 2455 733 2516 omnibus
747 2458 778 2515 in
793 2457 851 2515 vita
866 2455 1028 2516 commodis
1043 2472 1100 2515 una

144 2555 210 2596 cum
225 2539 261 2597 iis
276 2538 422 2607 fruantur,
440 2555 566 2615 quorum
583 2540 775 2599 se.amicitiae
792 2536 974 2607 dediderint,
990 2540 1016 2598 si
1031 2537 1101 2615 quid

142 2619 189 2680 1113
204 2638 259 2699 per
272 2623 330 2680 va
343 2621 463 2690 accidat,
480 2628 531 2682 aut
546 2621 673 2682 eundem
688 2640 788 2682 casum
800 2639 857 2682 una
872 2622 971 2681 lerant
981 2627 1031 2681 aut
1046 2621 1101 2682 sibi

112 2710 127 2760 3
141 2710 266 2763 mortem
284 2707 482 2772 consciscant;
504 2721 602 2780 neque
616 2703 711 2765 adhuc
727 2703 881 2765 bominum
895 2706 1038 2764 memoria
1052 2722 1100 2764 re·

142 2792 246 2864 pertus
261 2794 306 2847 est
321 2789 486 2864 quisquam,
503 2789 554 2865 qui
569 2805 604 2847 eo
619 2789 791 2858 Interfecto,
809 2789 893 2849 cuius
908 2805 941 2848 33
955 2788 1100 2848 amicitiae

110 2878 127 2928 t
142 2869 320 2941 devovisset,
341 2872 417 2931 mori
431 2877 598 2930 recusaret:
623 2888 689 2931 cum
710 2871 756 2932 1113
769 2871 953 2933 Adiatunnus
969 2873 1099 2949 eruptio-

142 2970 210 3012 nem
224 2954 323 3014 lacere
338 2960 475 3024 conatus,
498 2953 626 3015 clamore
641 2954 678 3015 ab
694 2973 727 3015 ea
742 2961 826 3034 parte
841 2955 1013 3014 munitionis
1029 2953 1098 3014 sub·

141 3034 214 3103 lato,
237 3054 305 3095 omn
325 3037 360 3097 ad
383 3055 464 3097 arma
484 3037 593 3098 milites
614 3041 835 3099 concurrissent
849 3037 1099 3114 vehementerque

140 3117 182 3178 lbi
192 3125 355 3196 pugnatum
367 3128 453 3188 esset,
469 3119 608 3199 repulsus
619 3123 649 3181 in
664 3122 804 3200 oppidum
820 3128 928 3189 tamen,
941 3121 985 3180 uti
997 3120 1098 3180 eadem

142 3200 297 3262 deditionis
313 3202 485 3263 condicione
500 3211 643 3274 uteretur,
660 3204 698 3265 ab
712 3204 817 3265 Crasso
832 3204 1007 3283 impetrarit

19 3320 22 3333 ,
110 3291 122 3341 1
202 3283 304 3345 XXIII.
327 3287 424 3347 Armis
445 3284 655 3364 obsidibusque
676 3290 806 3367 acceptis
828 3288 951 3349 Crassus
970 3288 1002 3346 iu
1024 3287 1098 3347 fines

109 3367 291 3428 1113331133]
307 3375 336 3429 31
350 3370 538 3430 Tarusatium
552 3372 702 3450 proiectus
719 3380 772 3433 est.
802 3371 878 3431 'Ium
893 3387 964 3430 vero
979 3369 1098 3431 barme

140 3454 292 3522 33333311,
316 3448 394 3530 quod
410 3453 551 3531 oppidum
567 3461 596 3514 31
610 3461 715 3515 natura
729 3455 786 3516 loci
802 3461 831 3514 et
844 3471 933 3514 manu
949 3455 1096 3514 munitum
