2356 3870
150 217 210 284 106
469 221 517 277 DE
539 220 653 276 BELLO
677 220 786 277 civim

147 408 242 470 paene
264 386 400 449 omnihus
416 388 511 465 copiis
526 389 651 449 amissis.
689 387 768 448 Haec
788 388 897 448 itinera
915 387 1022 450 infesta
1037 387 1110 450 red·

148 474 277 542 diderat,
299 473 373 532 haec
388 472 524 532 civitates
538 471 694 532 nonnullas
716 470 753 531 ab
769 472 833 532 eins
847 471 976 533 amicitia
991 481 1107 534 averto

120 557 209 618 obat.
238 555 353 626 Quibus
367 555 477 616 accidit
491 554 593 625 rebus,
609 563 641 616 ut
656 555 793 634 pluribus
808 556 924 616 dimissi
944 556 1108 619 itineribus

148 641 305 703 aCaesare
321 639 357 701 ad
372 639 533 700 Domitium
555 648 586 699 et
606 658 622 701 a
639 639 770 700 Domitio
791 640 828 700 ad
849 641 1006 702 Caesarem
1025 641 1109 703 nulla

121 728 265 786 tratione
285 726 343 785 iter
358 725 504 784 conficere
524 731 655 803 possent.
691 723 750 785 Sed
770 724 962 802 Allobroges,
982 724 1110 787 Raucilli

147 819 235 889 atque
251 809 306 886 Egi
326 807 501 877 familiares,
522 827 597 886 quos
618 809 784 887 perfugisse
807 808 843 869 ad
858 809 1034 887 Pompeium
1056 810 1109 870 de·

146 893 383 962 monstravimus,
400 894 563 970 conspicati
579 895 611 952 in
632 894 744 952 itinere
759 892 961 972 exploratores
976 893 1108 962 Domitii,

147 996 200 1038 seu
220 979 348 1056 pristina
368 994 420 1036 sua
435 976 662 1045 consuetudine,
685 976 764 1053 quod
786 995 845 1038 una
866 979 898 1036 in
913 976 1008 1037 Gallia
1029 976 1110 1038 bella

147 1068 310 1138 gesserant,
331 1078 385 1120 seu
404 1059 498 1136 gloria
521 1059 605 1129 elati,
627 1068 743 1130 cuncta,
764 1066 797 1120 ut
817 1068 902 1120 erant
922 1067 996 1130 acta,
1017 1079 1109 1140 expo·

148 1153 273 1206 suerunt
295 1151 325 1204 et
339 1143 475 1204 Caesaris
490 1144 715 1222 profectionem,
736 1144 895 1206 adventum
909 1144 1033 1223 Pompei
1055 1146 1108 1206 do·

121 1236 285 1290 uenerunt.
315 1229 338 1288 Α
354 1226 463 1307 quibus
478 1227 625 1288 Domitius
640 1229 751 1289 certior
771 1229 868 1289 lactus
882 1227 929 1288 vix
943 1240 999 1288 1111
1020 1229 1109 1290 hora·

147 1331 214 1374 rum
230 1314 325 1391 spatio
341 1311 520 1372 antecedens
534 1312 663 1373 hostium
685 1311 830 1373 beneficio
851 1312 1018 1391 periculum
1033 1315 1109 1374 vita·

146 1400 189 1456 vit
213 1395 299 1456 etad
320 1396 492 1472 Aeginium,
514 1395 593 1473 quod
614 1405 658 1456 est
679 1394 829 1457 obiectum
847 1394 1107 1478 [oppositumque]

147 1480 327 1549 Thessaliae,
343 1479 462 1540 Caesari
477 1479 606 1546 venienti
621 1483 761 1541 occurrit.

122 1574 137 1623 1
211 1563 327 1625 LXXX.
363 1563 526 1624 Coniuncto
547 1566 681 1625 exercitu
702 1565 811 1626 Caesar
831 1564 981 1644 Gomphos
1001 1584 1108 1644 perre-

145 1651 203 1719 nit,
220 1648 298 1728 quod
314 1655 360 1708 est
374 1647 515 1726 oppidum
531 1650 659 1726 primum
675 1648 848 1710 Thessaliae
864 1648 1055 1710 venientibus
1070 1649 1108 1711 ab

146 1733 254 1812 Epiro;
275 1749 351 1810 quae
372 1749 444 1808 gens
464 1734 567 1811 paucis
589 1739 657 1792 ante
677 1731 831 1792 mensibus
850 1732 928 1793 ultro
949 1733 986 1794 ad
1002 1733 1108 1794 Caesa·

146 1836 211 1877 rem
225 1817 337 1894 legatos
352 1818 489 1885 miserat,
514 1824 547 1876 ut
561 1818 623 1876 suis
637 1815 776 1876 omnibus
796 1815 987 1878 facultatibus
1008 1826 1107 1879 utere·

119 1909 205 1969 ntur,
221 1899 462 1979 praesidiumque
479 1897 516 1959 ab
531 1918 566 1960 co
582 1900 711 1960 militum
725 1902 864 1980 petierat.
901 1900 964 1961 Sed.
979 1919 1015 1962 eo
1030 1902 1108 1984 lama

147 1988 205 2044 iam
221 1991 440 2063 praecurrerat,
461 2000 549 2062 quam
564 2000 654 2060 supra
670 1984 834 2053 docuimus,
851 1984 888 2044 de
903 1985 1017 2062 proelio
1030 1985 1107 2064 llyr-

119 2068 311 2136 8rhachino,
325 2066 403 2145 quod
424 2066 525 2127 multis
545 2074 668 2128 auxerat
688 2067 832 2146 partibus.
868 2067 971 2147 ltaque
992 2069 1107 2131 Andro·

148 2152 278 2219 sthenes,
293 2158 414 2229 praetor
429 2149 608 2221 Thessaliae,
631 2168 697 2212 cum
714 2171 745 2212 se
761 2154 904 2213 victoriae
919 2153 1041 2233 Pompei
1058 2172 1106 2214 co·

148 2237 251 2295 mitem
267 2252 332 2294 esse
348 2234 449 2294 mallet
462 2252 551 2312 quam
567 2237 681 2296 socium
695 2236 833 2298 Caesaris
850 2239 880 2297 in
896 2236 988 2298 rebus
1003 2237 1106 2299 adver·

148 2321 198 2389 sis,
215 2336 334 2378 omnem
349 2337 385 2378 ex
400 2319 480 2395 agris
494 2319 713 2381 multitudinem
725 2337 877 2381 servorum
893 2337 927 2381 ac
941 2321 1107 2382 liberorum

147 2405 179 2463 in
201 2402 342 2483 oppidum
364 2406 443 2479 cogit
461 2412 620 2483 portasque
641 2404 809 2483 praecludit
830 2412 859 2465 et
880 2405 916 2464 ad
935 2404 1107 2484 Scipionem

147 2487 379 2566 Pompeiumque
394 2489 515 2547 nuntios
530 2490 632 2557 mittit,
648 2497 681 2548 ut
697 2487 757 2549 sibi
771 2488 906 2549 subsidio
920 2491 1056 2550 veniant:
1075 2507 1106 2550 se

146 2571 296 2631 confidere
317 2570 533 2632 munitionibus
553 2572 670 2652 oppidi,
692 2575 718 2632 si
739 2572 877 2633 celeriter
898 2580 1106 2645 succurratur;

118 2653 338 2732 clonginquam
359 2657 609 2732 oppugnationem
630 2658 778 2716 sustinere
798 2675 858 2717 non
872 2674 969 2735 posse.
1006 2656 1107 2737 Scipio

146 2738 277 2798 discessu
295 2741 480 2799 exercituum
491 2737 528 2799 ab
540 2739 725 2818 Dyrrhachio
736 2743 855 2818 cognito
867 2741 997 2802 Larisam
1013 2741 1106 2818 legio·

145 2840 198 2883 nes
218 2821 396 2893 adduxerat;
423 2822 582 2901 Pompeius
601 2824 732 2885 nondum
752 2824 924 2886 Thessaliae
945 2825 1107 2905 adpropin-

119 2906 266 2985 tquahat.
307 2904 415 2966 Caesar
442 2909 548 2968 castris
568 2910 693 2968 munitis
718 2909 812 2969 scalas
835 2909 1044 2989 musculosque
1069 2911 1107 2971 ad

145 2993 335 3068 repentinam
354 2994 603 3069 oppugnationem
627 2992 694 3052 fieri
715 2999 746 3051 et
765 3000 862 3054 crates
887 2996 987 3073 parari
1009 2996 1105 3056 iussit.

121 3071 263 3142 sonibus
278 3072 369 3133 rebus
384 3075 497 3134 ellectis
512 3076 684 3136 cohortatus
699 3076 810 3137 milites
826 3077 941 3147 docuit,
963 3072 1120 3157 quantum,

146 3174 231 3216 usum
254 3155 379 3217 haberet
401 3158 437 3218 ad
458 3158 669 3220 sublevandam
691 3162 823 3222 omnium
844 3178 948 3221 rerum
974 3165 1106 3242 inopiam

146 3241 236 3317 potiri
250 3241 358 3320 oppido
373 3241 460 3321 pleno
475 3249 563 3323 atque
578 3244 728 3324 opulento,
750 3245 839 3306 simul
858 3246 986 3324 reliquis
1003 3248 1106 3308 civita·

146 3321 227 3383 tihns
242 3323 331 3384 huius
346 3325 431 3387 urbis
446 3328 580 3408 exemplo
595 3329 708 3389 inferre
724 3338 873 3390 terrorem
885 3336 916 3390 et
929 3330 961 3390 id
975 3331 1041 3391 fieri
1057 3347 1104 3391 ce·

120 3405 261 3477 tleriter,
277 3410 450 3488 priusquam
466 3411 574 3473 auxilia
588 3421 810 3474 concurrerent.
840 3413 942 3493 ltaque
958 3431 1032 3474 usus
1046 3416 1107 3475 sin·

131 3491 238 3567 eulari
250 3491 383 3557 militum
398 3494 500 3558 studio
510 3496 626 3569 codem,
641 3506 845 3578 quouenorat,
857 3497 907 3558 die
921 3505 989 3576 post
1002 3497 1107 3564 horam
