2356 3870
164 224 228 288 122
488 225 537 283 bs
557 225 673 282 BELLO
696 225 806 281 CIVILI

82 380 96 414 '
137 395 374 464 sversabantur,
395 395 455 473 ipsi
476 410 532 472 pro
553 411 606 453 suo
626 391 762 471 periculo
782 389 992 451 defendebant.
1024 391 1064 451 in
1079 409 1129 452 re·

164 499 235 559 gum
255 481 367 551 amicos
387 477 424 538 ad
445 483 571 538 mortem
593 476 769 554 deposcere,
796 475 828 535 hi
848 473 925 535 bona
945 474 1130 554 locupletum

165 566 314 643 diripere,
337 562 481 641 stipendii
496 561 625 638 augendi
641 577 730 620 causa
744 561 825 637 regis
840 559 960 620 domum
976 558 1127 630 obsidere,

163 665 257 725 regno
277 645 442 725 expellere,
464 644 538 705 alios
557 660 712 704 accersere
732 651 832 703 vetere
853 643 979 723 quodam
1000 642 1129 704 Alexan-

165 733 245 792 drini
274 732 426 790 exercitus
454 730 591 789 instituto
615 735 804 788 consuerant.
847 726 942 788 Erant
970 734 1129 805 praeterea

138 818 299 895 eequitnm
314 814 395 875 milia
410 812 477 873 duo.
504 811 746 872 inveteraverant
760 811 791 870 bi
807 828 910 871 omnes
922 810 1129 890 compluribus

164 899 359 961 Alexandriae
375 897 473 966 bellis,
488 895 690 957 Ptolemaeum
710 902 825 973 patrem
847 898 879 954 in
896 911 1022 972 regnum
1037 895 1128 956 redu·

164 991 279 1053 xerant,
300 980 401 1042 Bibuli
416 979 494 1041 tilios
514 979 588 1041 duos
602 979 830 1048 interfecerant,
851 978 929 1039 bella
948 996 1015 1039 cum
1031 979 1128 1058 Aegy·

165 1069 238 1146 ptiis
252 1072 416 1143 gesserant.
446 1064 532 1125 Hunc
547 1081 633 1124 usum
647 1065 694 1123 rei
709 1063 848 1123 militaris
863 1062 1021 1124 habebant

141 1160 155 1208 1
230 1148 305 1212 ux1.
340 1149 394 1210 His
414 1150 510 1226 copiis
530 1147 625 1208 tideus
641 1146 771 1207 Achillas
790 1145 1028 1226 paucitatemque
1048 1147 1129 1208 mili·

163 1242 227 1295 tum
248 1233 383 1295 Caesaris
403 1230 573 1311 despiciens
592 1229 757 1310 occupabat
778 1230 986 1291 Alexandriam
1005 1240 1129 1310 praeter

163 1337 230 1380 eam
240 1317 346 1396 oppidi
366 1321 492 1395 partem,
513 1332 601 1395 quam
618 1314 725 1376 Caesar
745 1332 813 1374 eum
827 1315 975 1375 militibus
995 1314 1127 1386 tenebat,

163 1405 260 1483 primo
281 1402 394 1480 impetu
409 1399 529 1460 domum
544 1402 610 1459 eius
629 1401 803 1478 inrumpere
824 1407 963 1469 conatus;
985 1399 1038 1460 sed
1054 1399 1128 1460 Cae·

164 1504 213 1547 sar
228 1486 381 1564 dispositis
395 1501 451 1562 per
465 1485 530 1543 vias
544 1481 719 1543 cohortibus
732 1485 882 1562 impetum¹
893 1483 957 1544 eius
973 1485 1127 1544 sustinuit

137 1570 337 1649 ellodemque
359 1575 494 1646 tempore
515 1575 677 1646 pugnatum
699 1575 743 1628 est
764 1566 801 1628 ad
821 1575 956 1646 portum,
983 1585 1017 1627 ac
1038 1567 1128 1646 longe

137 1663 153 1712 3
166 1656 323 1715 maximam
339 1671 374 1712 ea
389 1669 439 1711 res
453 1652 551 1712 attulit
566 1650 795 1712 dimicationem.
834 1650 927 1711 Simul
943 1653 1024 1712 enim
1040 1651 1128 1714 didu-

163 1741 221 1799 ctis
231 1739 327 1816 oopiis
336 1734 475 1815 pluribus
484 1738 541 1795 viis
556 1733 755 1814 pugnabatur,
769 1743 799 1796 et
813 1736 919 1812 magna
934 1735 1128 1797 multitudine

162 1824 247 1884 navis
267 1820 372 1898 longas
393 1838 539 1899 occupare
559 1819 660 1879 hostes
676 1817 876 1891 conabantur;
898 1837 1024 1899 quarum
1040 1827 1129 1882 erant

163 1920 185 1966 L
208 1905 318 1967 auxilio
338 1906 447 1965 missae
469 1902 506 1964 ad
526 1902 698 1981 Pompeium
720 1901 893 1983 proelioque
919 1898 951 1964 in'
973 1902 1129 1966 Thessalia

163 1992 242 2051 iacto
258 1989 376 2049 domum
392 1988 555 2056 redierant,
577 1987 645 2052 illae
661 1988 800 2047 triremes
816 2005 919 2048 omnes
934 1994 964 2047 et
979 1989 1127 2067 quinque·

162 2090 263 2134 remes
274 2079 359 2150 aptae
371 2074 594 2149 instructaeque
606 2069 745 2131 omnibus
761 2069 900 2131 rebusad
916 2072 1126 2148 navigandum,

162 2163 284 2236 praeter
298 2155 352 2215 has
366 2167 460 2224 xxn,
482 2173 558 2233 quae
579 2154 719 2234 praesidii
740 2173 828 2215 causa
843 2155 1039 2216 Alexandriae
1060 2170 1127 2217 esse

136 2247 358 2308 tconsuerant,
388 2246 554 2298 constratae
584 2256 701 2309 omnes;
732 2257 804 2316 quas
835 2241 860 2299 si
890 2242 1126 2318 occupavissent,

163 2324 257 2384 classe
273 2323 393 2383 Caesari
409 2329 510 2400 crepta
526 2330 645 2401 portum
661 2340 695 2382 ac
709 2340 791 2382 mare
812 2331 906 2383 totum
928 2325 958 2384 in
974 2342 1027 2385 sua
1043 2333 1126 2403 pote·

163 2416 239 2468 state
255 2405 415 2475 haberent,
437 2415 603 2467 commeatu
619 2406 797 2485 auxiliisque
812 2406 969 2467 Caesarem
983 2407 1127 2486 probibe-

136 2500 242 2554 trent.
282 2490 384 2570 ltaque
410 2497 492 2550 tanta
515 2499 561 2550 est
585 2492 775 2550 contentione
800 2498 912 2562 actum,
943 2500 1053 2570 quanta
1078 2495 1127 2571 agi

163 2577 281 2646 debuit,
306 2593 372 2634 cum
393 2574 438 2634 illi
454 2573 581 2634 celerem
596 2577 628 2634 in
643 2591 677 2633 ea
699 2592 732 2633 re
753 2575 923 2644 victoriam,
946 2575 978 2635 hi
1000 2576 1127 2638 salutem

136 2669 152 2718 c
164 2679 247 2721 suam
258 2660 424 2720 consistere
436 2658 583 2718 viderent.
607 2656 665 2718 Sed
675 2676 739 2718 rem
751 2660 880 2736 optinuit
891 2659 999 2721 Caesar
1007 2679 1125 2722 omnes·

162 2763 220 2824 que
233 2762 283 2804 eas
297 2761 387 2804 naves
403 2750 433 2803 et
448 2741 588 2821 reliquas,
604 2760 680 2821 quae
696 2749 783 2802 erant
797 2743 827 2802 in
842 2743 1005 2812 navalibus,
1021 2747 1126 2806 incen-

162 2829 216 2898 dit,
237 2827 316 2907 quod
337 2836 397 2887 tam
417 2825 475 2886 late
496 2827 576 2887 tueri
595 2844 684 2905 parva
700 2844 789 2886 manu
804 2845 864 2887 non
878 2835 1005 2906 poterat,
1022 2830 1125 2890 conte·

162 2915 291 2990 stimque
308 2911 344 2970 ad
359 2908 488 2970 Pharum
504 2909 631 2970 navibus
646 2909 757 2970 milites
773 2913 920 2989 exposuit.

137 3006 151 3054 1
227 2992 315 3056 Cllll.
344 2993 458 3054 Pharus
480 3001 525 3054 est
544 2994 575 3054 in
594 2994 691 3054 insula
713 2996 807 3054 turris
829 3013 935 3072 magna
957 2995 1124 3069 altitudine,

160 3079 296 3139 mirificis
312 3077 454 3156 operibus
470 3086 619 3148 extructa;
640 3096 715 3156 quae
738 3097 846 3140 nomen
867 3079 904 3139 ab
925 3082 1021 3141 insula
1039 3100 1124 3142 acce·

134 3165 216 3239 tpit.
251 3161 330 3222 Haeo
352 3161 449 3222 insula
466 3162 580 3222 obiecta
596 3161 790 3223 Alexandriae
806 3173 926 3241 portum
941 3165 1049 3235 eflicit;
1070 3166 1125 3227 sed

161 3265 177 3306 a
190 3244 396 3324 superioribus
407 3245 580 3323 regionibus
592 3248 623 3306 in
634 3244 852 3323 longitudinem
865 3266 1005 3326 passuum
1012 3262 1125 3311 Dcccc

161 3333 193 3391 in
213 3347 294 3390 mare
316 3331 401 3390 iactis
421 3328 549 3390 molibus
563 3339 689 3407 angusto
711 3333 820 3391 itinere
836 3341 866 3391 et
880 3342 971 3410 ponte
987 3351 1055 3393 eum
1070 3353 1124 3413 op·

133 3414 232 3493 opido
248 3415 449 3490 coniungitur.
478 3413 512 3473 ln
532 3415 588 3474 hac
603 3423 671 3476 sunt
687 3416 783 3476 insula
800 3414 949 3477 domicilia
963 3419 1125 3497 Aegyptio·

145 3516 220 3559 rum
245 3507 276 3562 et
303 3499 384 3562 vicus
410 3498 517 3583 oppidi
536 3498 760 3582 magnitudine3
784 3518 919 3581 quaeque
939 3500 985 3562 ibi
1005 3519 1124 3572 cunque
