2356 3870
242 242 356 302 colito.
371 246 420 301 III.
442 245 519 302 CAP.
533 246 861 305 LXXVIIII—LXXXII.
968 241 1028 308 10⁴2

68 428 179 474 nonam
199 411 341 490 oppidum
362 412 514 472 altissimis
535 412 693 474 moenibus
715 431 886 492 oppugnare
907 415 1029 492 adgres⁶

68 515 121 556 sus
136 501 203 556 ante
220 495 290 556 solis
305 513 444 556 occasum
459 499 638 575 expugnavit
653 504 684 557 et
703 499 739 557 ad
756 499 957 577 diripiendum
972 501 1029 559 mih

69 579 175 641 litibus
195 582 357 649 concessit,
384 583 542 660 statimque
564 580 601 641 ab
628 581 737 661 oppido
762 590 857 643 eastra
883 585 975 643 movit
1000 589 1031 643 et

68 663 258 744 Metropolim
272 665 363 734 venit,
375 666 419 725 sie
435 671 468 725 ut
482 667 603 726 nuntios
611 668 773 744 expugnati
789 667 890 746 oppidi
905 668 1029 727 lamam·

68 766 128 828 que
143 748 341 809 antecederet.

133 830 263 893 LXXXI.
308 832 511 912 Metropolitae
539 836 669 913 primurn
699 834 804 895 eodem
830 837 875 896 usi
905 836 1056 897 consiliot

68 917 165 978 isdem
190 919 319 996 permoti
342 917 514 978 rumoribus
542 926 644 997 portas
669 918 840 980 clauserunt
868 937 1028 998 murosque

69 1001 192 1061 armatis
217 1000 459 1079 compleverunt,
487 1002 539 1062 sed
565 1010 668 1082 postea
693 1019 764 1063 casu
789 1005 920 1064 civitatis
941 1004 1029 1064 Gom·

67 1085 192 1165 phcnsis
207 1087 327 1162 cognito
342 1103 377 1145 ex
394 1088 532 1165 captivis,
556 1104 630 1167 quos
644 1086 752 1148 Caesar
770 1087 805 1147 ad
826 1104 943 1148 murum
960 1104 1029 1166 pro·

69 1168 222 1230 ducendos
235 1177 398 1238 curaverat,
420 1177 522 1248 portas
539 1178 729 1249 aperuerunt.
765 1169 880 1241 Quibus
900 1169 1054 1248 diligen-2

68 1254 185 1314 tissime
211 1254 408 1323 conservatis,
439 1254 542 1315 collata
568 1255 687 1315 lortnna
712 1255 932 1333 Metropolitum
962 1273 1027 1316 cnm

69 1337 393 1416 casuGomphensium
414 1338 493 1399 nulla
513 1338 684 1399 Thessaliae
705 1340 764 1399 luit
779 1341 890 1399 civitas
910 1347 1029 1416 praeter

68 1421 241 1491 Larisaeos,
263 1423 314 1499 qui
337 1424 453 1499 magnis
470 1422 649 1482 exercitibus
669 1421 819 1502 Scipionis
839 1422 1027 1493 tenebantur,

68 1509 142 1584 quin
163 1504 282 1566 Caesari
308 1512 429 1584 pareret
450 1514 539 1585 atque
564 1509 708 1585 imperata
729 1507 850 1567 laceret.
891 1504 943 1566 llle
964 1507 1055 1567 ido-3

68 1608 159 1651 neum
174 1589 272 1649 locum
287 1592 318 1649 in
335 1593 416 1667 agris
430 1598 544 1659 nactus,
560 1608 619 1669 quo
634 1607 728 1668 prope
741 1592 801 1650 iam
816 1596 931 1650 matura
945 1599 1030 1650 erant

65 1672 239 1752 framenta,
255 1672 299 1732 ibi
314 1672 472 1734 adventurn
489 1681 647 1752 expectare
662 1673 785 1752 Pompei
801 1690 895 1750 eoque
909 1690 1028 1733 omnem

70 1758 143 1820 belli
161 1758 305 1817 rationem
321 1759 459 1817 conterre
474 1759 637 1817 constituit.

132 1839 278 1902 LXXXll.
308 1842 468 1921 Pompeius
481 1843 585 1920 paucis
599 1849 666 1920 post
680 1839 787 1901 diebus
802 1843 834 1901 in
845 1841 1028 1902 Thessaliam
1041 1851 1055 1900 1

68 1927 208 2006 pervenit
231 1928 476 2005 contionatusque
504 1924 582 2004 apud
611 1932 750 1985 cunctum
776 1927 941 1985 exercitum
968 1928 1031 1991 suis
1126 1987 1134 2005 ‚

69 2012 132 2088 agit
151 2011 277 2087 gratias,
303 2009 452 2089 Sprionis
471 2008 583 2070 milites
603 2009 789 2079 cohortatur,
813 2017 846 2069 ut
866 2017 950 2088 parta
970 2011 1032 2072 iam

68 2096 195 2154 victoria
221 2093 348 2173 praedae
367 2111 401 2153 ac
427 2096 628 2171 praemiorum
648 2093 741 2154 velint
767 2111 832 2154 esse
856 2094 1029 2173 participes,

68 2180 260 2256 receptisque
276 2175 414 2237 omnibus
436 2180 468 2238 in
483 2196 541 2238 una
557 2186 652 2239 castra
675 2177 844 2255 legionibus
861 2195 946 2238 sunm
962 2195 1030 2238 cum

70 2262 211 2340 Scipione
231 2261 374 2321 honorem
395 2265 523 2340 partitur
545 2262 759 2341 classicumque
780 2262 857 2343 apud
879 2263 1029 2322 cumeani

69 2353 102 2406 et
128 2346 252 2406 alterum
278 2345 320 2405 illi
350 2343 433 2405 iubet
462 2349 645 2424 praetorium
671 2345 765 2405 tendi.
808 2347 910 2407 lluctls
934 2347 1056 2424 copiist

69 2429 193 2508 Pompei
209 2428 383 2508 duobusque
398 2431 515 2508 magnis
528 2428 713 2491 exercitibus
723 2430 889 2490 coniunctis
902 2431 1030 2509 pristina

69 2515 204 2574 omnium
230 2514 421 2573 confirmatur
445 2516 547 2592 opinio
576 2521 606 2574 et
634 2530 702 2591 spes
726 2514 867 2573 victoriae
894 2521 1028 2590 augetur,

69 2598 203 2666 adeo-ut,
220 2597 365 2677 quidquid
380 2598 581 2658 intercederet
596 2598 748 2676 temporis,
770 2597 801 2657 id
821 2596 930 2657 morari
951 2595 1030 2656 redi-

68 2690 134 2743 tum
155 2683 186 2741 ln
202 2681 316 2741 ltaliam
336 2681 506 2751 videretur,
528 2690 571 2749 et,
594 2684 620 2740 si
640 2681 759 2760 quando
779 2681 850 2759 quid
872 2681 1031 2759 Pompeius

69 2765 187 2827 tardius
207 2772 258 2825 aut
278 2766 495 2842 consideratius
520 2767 649 2833 laceret,
675 2763 763 2824 unius
788 2782 853 2824 esse
879 2764 1030 2841 negotium

70 2848 141 2918 diei,
157 2849 209 2909 sed
225 2848 307 2909 illum
320 2850 462 2910 delectari
478 2851 605 2927 imperio
622 2854 652 2908 et
663 2847 835 2907 consulares
849 2850 1030 2926 praetorios·

69 2951 130 3013 que
145 2950 297 2994 servorum
313 2933 425 2994 habere
440 2950 565 2993 numero
579 2932 725 2992 dicerent.
761 2930 882 3010 lamque
901 2933 984 2992 inter
996 2938 1057 2992 sea

69 3017 169 3097 palam
184 3017 224 3077 de.
236 3019 379 3096 praemiis
394 3035 428 3077 ac
442 3016 617 3078 sacerdotiis
638 3014 858 3076 contendebant
877 3016 908 3076 in
924 3033 1030 3077 annos·

69 3119 130 3181 que
145 3103 331 3162 consulatum
347 3100 543 3170 definiebant,
565 3100 616 3160 alii
637 3100 740 3160 domos
759 3098 895 3179 bonaque
917 3119 1029 3170 eorum,

70 3187 122 3264 qui
145 3187 176 3245 in
196 3187 305 3247 castris
320 3193 406 3246 arant
419 3186 569 3254 Caesaris,
591 3182 747 3264 petebant;
767 3201 932 3263 magnaque
952 3185 1057 3245 interd

71 3271 170 3330 cosin
185 3270 311 3330 consilio
325 3270 384 3330 luit
398 3271 609 3339 controversia,
624 3273 814 3348 oporteretne
825 3268 922 3329 Lucili
937 3267 1031 3336 Hirri,

70 3353 151 3433 quod
166 3355 193 3414 is
208 3371 224 3414 a
240 3352 380 3434 Pompelo
396 3354 432 3414 ad
447 3354 574 3415 Parthos
588 3355 697 3414 missus
714 3360 801 3423 esset,
823 3354 968 3432 proximis
982 3369 1032 3411 co·

71 3438 167 3498 mitiis
180 3440 341 3515 praetoriis
356 3436 489 3499 absentis
506 3439 653 3498 rationem
673 3435 790 3507 haberi,
810 3452 882 3497 cum
901 3437 1039 3495 eiusne·

69 3524 194 3582 cessarit
208 3522 298 3583 tidem
309 3523 512 3602 ‘implorarent
526 3522 664 3607 Pompei,
679 3529 869 3606 praestaret,
884 3518 975 3599 quse
982 3530 1063 3592 prs·
