2356 3870
174 215 197 278 4
418 218 566 274 BELLUM
586 218 881 279 Annxxunninuu

98 358 104 369 ’
174 376 272 429 morte
294 369 418 446 Pompei
441 369 601 447 quicquam
625 370 810 448 proiectum,
840 387 900 448 quo
928 372 1030 431 minus
1059 366 1141 450 apud

139 461 206 513 4se
229 452 338 513 Caesar
359 460 609 513 commoraretur.
665 453 759 525 Quem
792 456 819 512 si
852 468 912 513 non
940 453 1140 532 expulissent,

174 538 307 596 futuram
329 552 365 595 ex
387 551 482 612 regno
504 537 703 613 provinciam;
727 536 817 615 idque
840 535 988 614 agendum
1008 545 1139 599 mature:

174 637 302 696 namque
331 636 399 679 eum
428 620 626 680 interclusum
653 619 883 699 tempestatibus
912 628 1037 699 propter
1067 623 1139 683 anni

174 710 292 780 tempus
314 704 452 780 recipere
474 706 674 764 transmarina
697 705 806 764 auxilia
828 721 889 763 non
912 722 1009 782 posse.

139 794 152 843 1
237 786 302 845 llll.
345 785 471 847 Interim
494 786 682 847 dissensione
706 795 771 848 orta
793 789 874 847 inter
901 787 1061 857 Achillan,
1085 790 1138 868 qui

173 879 314 930 veterano
337 872 485 930 exercitui
507 879 660 948 praeerat,
690 879 720 932 et
741 873 904 945 Arsinoen,
931 873 1014 948 regis
1037 871 1137 933 Ptole·

172 956 251 1014 maei
273 956 422 1013 minorem
444 954 547 1021 tiliam,
571 961 605 1014 ut
627 972 718 1033 supra
732 955 969 1017 demonstratum
986 963 1041 1022 est,
1066 974 1137 1017 cum

172 1047 300 1115 uterque
328 1039 449 1114 utrique
479 1037 675 1099 insidiaretur
704 1046 734 1098 et
756 1056 902 1100 summam
925 1040 1048 1117 imperii
1071 1041 1137 1119 ipse

173 1120 313 1180 obtinere
341 1119 445 1188 vellet,
479 1130 680 1200 praeoccupat
707 1124 832 1183 Arsinoe
860 1139 915 1200 per
943 1122 1137 1200 Ganymeden

174 1205 359 1272 eunuchum,
383 1206 550 1265 nutricium
572 1223 676 1275 suum,
705 1214 793 1284 atque
815 1205 952 1267 Achillan
975 1206 1136 1267 interficit.

135 1301 151 1348 2
172 1287 236 1347 Hoc
258 1290 359 1349 occiso
381 1290 446 1346 sine
469 1288 531 1346 ullo
552 1291 637 1346 socio
660 1297 690 1346 et
711 1289 835 1349 custode
853 1292 919 1364 ipsa
934 1308 1022 1347 omne
1039 1292 1136 1365 impe·

172 1373 252 1429 rium
275 1369 444 1436 obtinebat;
467 1371 620 1429 exercitus
642 1369 805 1446 Ganymedi
828 1367 968 1430 traditur.
1017 1367 1048 1429 ls
1070 1386 1136 1430 sus·

172 1461 259 1531 cepto
293 1454 393 1513 olsrcio
424 1452 616 1530 largitionem
644 1455 677 1513 in
702 1452 815 1513 milites
841 1458 931 1529 auget
956 1459 989 1513 et
1015 1451 1136 1532 reliqua

171 1539 237 1615 pari
261 1536 415 1613 diligentia
437 1537 637 1598 administrat.

137 1638 151 1686 1
234 1619 267 1679 V.
306 1619 483 1681 Alexandria
506 1622 637 1682 estsere
659 1629 721 1681 tota
743 1618 867 1681 suliossa
889 1636 1059 1699 specusque
1081 1620 1134 1681 ha·

172 1703 224 1764 bet
245 1703 282 1764 ad
300 1704 401 1765 Nilum
422 1706 619 1782 pertinentes,
643 1703 753 1783 quibus
775 1721 850 1781 aqua
873 1704 903 1763 in
927 1705 1059 1782 privatas
1080 1704 1134 1764 do-

171 1807 239 1849 mus
263 1787 432 1855 inducitur,
456 1806 531 1865 quae
554 1788 699 1866 paulatim
720 1788 817 1865 spatio
832 1790 978 1865 temporis
992 1786 1135 1867 liquescit

135 1889 151 1938 2
173 1891 207 1932 ac
230 1870 369 1932 subsidit.
413 1870 475 1931 Hac
497 1874 543 1932 uti
563 1871 677 1932 domini
700 1870 906 1931 aedificiorum
922 1879 1011 1950 atque
1026 1888 1136 1932 eorum

171 1956 303 2016 familiae
328 1962 527 2015 consuerunt:
561 1972 629 2015 nam
663 1971 739 2033 quae
771 1954 897 2015 llumine
923 1954 992 2015 Nilo
1023 1955 1133 2024 fertur,

171 2038 246 2100 adeo
268 2045 314 2098 est
335 2037 442 2097 limosa
465 2056 499 2097 ac
522 2037 660 2107 turbida,
684 2045 718 2098 ut
738 2037 848 2098 multos
870 2040 1028 2117 variosque
1051 2057 1135 2112 morff

170 2122 226 2182 bos
247 2121 377 2190 eltioiat;
407 2121 459 2181 sed
493 2141 528 2182 ea
555 2121 659 2199 plebes
685 2140 719 2183 ac
741 2121 902 2182 multitudo
925 2128 1065 2183 contenta
1088 2128 1135 2182 est

171 2207 358 2273 necessario,
381 2204 462 2283 quod
483 2207 551 2267 lons
566 2205 643 2266 urbe
655 2213 717 2267 tota
734 2205 836 2266 nullus
847 2212 902 2266 est.
946 2204 1009 2265 lloc
1030 2210 1135 2267 tamen

84 2339 87 2345 .
170 2289 283 2349 humen
305 2291 338 2348 in
360 2306 393 2349 ea
416 2297 499 2366 parte
529 2296 594 2352 erat
623 2289 724 2359 urbis,
763 2307 839 2367 quae
863 2287 900 2349 ab
922 2287 1135 2350 Alexandrinis

134 2372 341 2438 ttenebatur.
385 2372 451 2444 Quo
472 2375 552 2434 lacto
575 2381 620 2434 est
634 2374 804 2434 admonitus
818 2372 1020 2450 Ganymedes,
1043 2391 1135 2452 posse

171 2466 290 2518 nostros
312 2474 387 2536 aqua
410 2458 587 2526 intercludi;
616 2460 668 2536 qui
691 2456 845 2517 distributi
866 2458 1070 2518 munitionum
1085 2463 1135 2518 tu·

172 2541 315 2602 endarum
337 2559 426 2600 causa
449 2543 570 2601 vicatim
592 2559 627 2602 ex
656 2543 781 2620 privatis
808 2539 955 2601 aediliciis
980 2539 1136 2620 specubus

171 2643 207 2685 ac
229 2626 329 2703 puteis
352 2632 485 2684 extracta
506 2643 581 2703 aqua
603 2625 776 2687 utebantur.

134 2721 149 2773 t
233 2709 280 2768 Vl.
323 2707 387 2771 lloc
410 2707 536 2787 probato
557 2709 686 2770 consilio
707 2725 849 2786 magnmn
864 2706 1036 2769 acdiiiicile
1056 2724 1135 2787 opus

170 2793 357 2871 adgreditur.
394 2791 572 2870 interseptis
594 2795 676 2854 enirn
697 2790 849 2872 specubus
872 2798 960 2868 atque
990 2789 1134 2851 omnibus

170 2877 256 2937 urbis
278 2875 414 2956 partibus
431 2877 572 2946 exclusis,
595 2894 672 2954 quae
687 2875 724 2937 ab
741 2879 807 2955 ipso
822 2873 1014 2943 tenebantur,
1037 2891 1133 2955 aquae

169 2978 307 3038 magnam
329 2962 392 3021 vim
414 2979 450 3022 ex
471 2962 549 3020 mari
570 2962 646 3020 rotis
667 2978 702 3020 ac
726 2957 1002 3020 machinationibus
1030 2960 1133 3036 expri-

105 3047 112 3064 ⁰
154 3046 252 3104 ‘mere
275 3043 445 3105 contendit:
469 3044 544 3105 hanc
558 3041 634 3104 locis
647 3042 856 3121 superioribus
870 3041 998 3103 lundene
1014 3042 1047 3101 in
1063 3059 1133 3120 par-

132 3135 229 3188 ntem
259 3126 393 3187 Caesaris
421 3145 482 3188 non
514 3126 745 3188 intermittebat.
803 3126 899 3198 Quam
934 3124 973 3186 ob
1011 3142 1132 3189 causam

170 3209 278 3271 salsior
310 3211 400 3288 paulo
433 3218 553 3289 praeter
580 3210 830 3271 consuetudinem
858 3227 934 3288 aqua
955 3207 1133 3273 trahebatur

98 3322 104 3332 ·
169 3313 204 3354 ex
227 3296 373 3372 proximis
395 3295 541 3355 aedificiis
562 3311 759 3372 magnamque
781 3292 955 3354 hominibus
977 3292 1132 3354 admirati·

165 3395 257 3438 onem
279 3376 459 3456 praebebat,
482 3396 571 3456 quam
593 3377 633 3439 ob
646 3395 712 3439 rem
723 3377 754 3438 id
776 3377 938 3439 accidisset
945 3394 953 3450 ;
976 3395 1033 3439 nec
1056 3379 1143 3438 satis.

159 3460 307 3542 sibiipsi
331 3461 512 3531 credebant,
534 3479 604 3522 cum
626 3479 659 3523 se
681 3463 843 3524 inferiores
858 3460 994 3523 eiusdem
1008 3463 1133 3541 generis
