2356 3870
173 219 235 280 110
496 214 535 271 DE
550 213 654 271 antio
670 210 808 270 onumen

140 378 269 440 asidum
288 378 372 447 velit,
395 377 466 438 dare
485 376 674 455 pollicentur.
709 375 831 454 Cognita
846 374 953 438 Caesar
972 393 1061 437 causa
1079 394 1127 437 re·

172 464 265 543 perit,
287 460 324 522 ab
340 460 444 522 Suebis
460 460 566 521 auxilia
582 461 670 521 missa
685 477 766 528 esse;
788 457 932 521 Ubiorum
952 459 1127 521 satisfactio-

173 563 242 606 nem
257 545 377 623 aecipit,
394 543 490 604 aditus
504 545 625 621 viasque
638 545 670 604 in
685 543 798 604 Suebos
812 545 968 622 perquirit.

142 635 155 687 l
234 627 269 688 X.
310 627 433 688 Interim
452 629 554 706 paucis
573 637 641 706 post
666 626 771 687 diebus
792 628 824 687 fit
843 626 880 687 ab
901 626 982 688 Ubiis
1008 629 1127 697 certior,

173 711 289 772 Suebos
304 729 406 771 omnes
420 714 451 770 in
466 729 559 771 unum
573 710 672 771 locum
687 712 786 789 copias
802 727 909 788 cogere
922 719 1011 788 atquc
1025 712 1062 772 iis
1075 729 1128 772 na·

173 794 318 864 tionibus,
342 811 417 872 quae
432 794 488 855 sub
511 811 615 854 eorum
637 795 696 854 sint
715 794 857 872 imperio,
881 795 1073 864 denuntiare,
1096 801 1130 854 ut

141 879 278 940 aauxilia
299 879 447 958 peditatus
469 879 677 955 equitatusque
698 878 824 938 mittant.
862 876 915 938 His
935 879 1060 956 cognitis
1080 895 1129 938 re-

173 962 230 1023 bus
245 980 308 1022 rem
330 962 554 1022 frumentariam
568 960 720 1040 providet,
744 961 847 1021 castris
867 960 1008 1022 idoneum
1030 960 1130 1021 locum

173 1044 289 1122 deligit;
311 1043 394 1107 Ubiis
407 1045 547 1123 imperat,
570 1051 603 1104 ut
617 1060 726 1122 pecora
741 1042 888 1104 deducant
902 1061 1016 1122 suaque
1030 1045 1130 1105 omnia

173 1145 209 1188 ex
224 1130 302 1206 agris
316 1129 348 1188 in
363 1127 470 1206 oppida
485 1128 647 1196 conferant,
663 1144 796 1205 sperans,
811 1126 954 1189 barbaros
969 1138 1058 1205 atque
1072 1129 1130 1188 im·

173 1213 286 1290 peritos
305 1210 440 1271 homines
459 1211 559 1289 inopia
579 1209 759 1271 cibariorum
779 1210 921 1273 adductos
940 1211 977 1272 ad
996 1213 1129 1288 iniquam

141 1301 159 1353 a
173 1294 324 1374 pugnandi
339 1295 542 1354 condicionem
556 1311 646 1372 posse
661 1292 781 1360 deduci;
804 1293 936 1364 mandat,
959 1304 993 1355 ut
1006 1294 1129 1355 crebros

174 1378 377 1457 exploratores
391 1379 422 1437 in
437 1376 551 1438 Suebos
566 1379 692 1445 mittant,
714 1394 849 1455 quaeque
863 1377 941 1456 apud
957 1397 1008 1439 eos
1022 1395 1129 1455 geran-

141 1468 231 1529 ttur‚
248 1470 435 1538 cognoscant.
463 1459 508 1520 llli
521 1461 665 1539 imperata
679 1462 792 1521 iaciunt
806 1469 835 1520 et
848 1463 950 1539 paucis
964 1460 1069 1522 diebus
1082 1463 1128 1521 in·

174 1546 320 1607 termissls
335 1546 483 1605 referunt:
512 1542 628 1604 Suebos
643 1561 761 1613 omncs,
778 1552 970 1623 posteaquam
985 1546 1130 1606 certiores

174 1631 272 1690 nuntii
292 1628 329 1690 dc
351 1629 482 1689 exercitu
502 1627 704 1688 Romanorum
730 1629 878 1697 venerint,
902 1646 970 1689 cum
992 1627 1130 1689 omnibus

175 1716 237 1775 suis
252 1715 461 1789 sociorumque
476 1713 584 1792 copiis,
606 1729 680 1790 quas
694 1713 874 1788 coegissent,
891 1713 1010 1791 penitus
1024 1712 1061 1773 ad
1077 1729 1127 1772 cx·

142 1803 158 1854 c
174 1804 285 1858 tremos
299 1797 373 1857 fines
388 1814 420 1856 se
439 1797 607 1874 recepisse:
629 1794 731 1856 silvam
746 1813 812 1855 esse
826 1794 868 1855 ibi
888 1797 1001 1856 infinita
1015 1796 1128 1872 magni·

175 1880 292 1949 tudine,
322 1897 397 1956 quae
423 1878 588 1958 appellatur
609 1878 747 1944 Raccnis;
775 1877 851 1938 hano
873 1878 960 1956 longe
980 1880 1130 1939 introrsus

174 1965 326 2042 pertinere
342 1970 372 2023 et
384 1980 440 2040 pro
455 1964 553 2022 nativo
568 1980 654 2022 muro
669 1961 815 2022 obiectam
830 1961 995 2023 Cheruscos
1005 1961 1042 2023 ab
1055 1962 1129 2023 Sue·

175 2047 220 2106 bis
247 2046 421 2122 Suebosque
449 2044 486 2106 ab
512 2044 670 2106 Cheruscis
702 2046 819 2106 iniuriis
849 2044 1129 2122 incursionibusque

174 2127 352 2208 prohibere·
375 2128 410 2188 ad
433 2129 497 2188 eius
518 2130 634 2189 initium
656 2128 745 2189 silvae
760 2128 875 2190 Suebos
897 2128 1054 2190 adrentum
1068 2128 1129 2190 Ro·

176 2230 332 2273 manorum
348 2220 505 2290 expectare
519 2214 716 2272 constituisse.
922 2260 926 2265 .

145 2303 157 2352 1
237 2295 286 2356 XI
326 2295 470 2366 Quoniam
492 2292 528 2355 ad
550 2295 629 2356 hunc
656 2295 756 2355 locum
781 2303 955 2374 perventum
979 2304 1038 2395 est,
1069 2314 1129 2356 non

176 2378 304 2441 alienum
325 2397 391 2439 esse
411 2377 542 2448 videtur,
565 2378 603 2439 de
617 2378 728 2440 Galliae
743 2378 976 2456 Germaniaeque
984 2364 1130 2441 ‘moribus

143 2471 219 2532 aet,
243 2479 301 2539 quo
322 2462 458 2523 differant
472 2461 528 2522 hae
542 2464 676 2523 nationes
691 2464 770 2522 inter
784 2480 865 2532 sese,
886 2479 1064 2561 proponere.
1095 2463 1129 2522 ln

176 2546 268 2608 Galba
282 2564 343 2607 non
357 2546 476 2607 solum
467 2563 498 2606 m
514 2545 650 2606 omnibus
664 2545 830 2607 civitatibus
844 2548 977 2623 atquem
992 2545 1130 2607 omnibus

176 2632 259 2709 pagis
279 2628 487 2708 partibusque,
511 2629 563 2690 sed
582 2647 676 2708 paene
697 2631 784 2690 etiarn
798 2631 829 2690 in
849 2628 972 2706 singulis
992 2628 1130 2690 domibus

145 2715 318 2774 tinctiones
332 2722 417 2782 sunt,
441 2730 603 2790 earumque
624 2715 785 2774 lactionum
806 2715 956 2793 principes
977 2722 1056 2782 sunt,
1080 2715 1131 2790 qui

175 2815 321 2858 summam
342 2798 546 2858 auctoritatem
566 2814 671 2857 eorum
690 2795 799 2857 iudicio
819 2795 929 2858 babere
949 2799 1130 2858 existuman-

175 2889 239 2950 tur,
262 2898 388 2959 quorum
409 2879 445 2941 ad
466 2878 621 2940 arbitrium
641 2879 842 2958 iudiciumque
863 2899 978 2941 summa
998 2882 1130 2941 omnium

144 2974 277 3024 arerum
293 2963 543 3041 consiliorumque
558 2963 668 3024 redeat.
695 2964 798 3040 ltaque
813 2965 877 3024 eius
892 2965 937 3024 rei
952 2982 1040 3025 causa
1054 2965 1129 3024 anti·

177 3049 276 3122 quitus
291 3048 458 3109 institutum
472 3046 603 3117 ridetur,
619 3065 657 3107 ne
672 3049 738 3124 quis
754 3065 790 3107 cx
804 3046 892 3126 plebe
906 3055 1010 3109 contra
1023 3055 1130 3128 poten·

175 3132 282 3190 tiorem
297 3130 397 3190 auxilii
418 3137 533 3207 egeret:
555 3148 626 3191 suos
646 3132 724 3191 enim
740 3132 864 3208 qulsque
885 3132 1013 3211 opprimi
1029 3139 1058 3192 et
1073 3133 1126 3193 olr-

177 3214 340 3273 cumveniri
354 3232 414 3274 non
428 3216 547 3293 patitur,
564 3230 674 3291 neque,
691 3214 776 3275 aliter
791 3217 816 3275 si
830 3216 931 3285 iaciat,
947 3213 1038 3276 ullam
1051 3215 1132 3276 inter

145 3302 161 3353 i
176 3315 245 3357 suos
260 3295 350 3365 habet
364 3298 576 3358 auctoritatem.
607 3297 686 3358 llaec
702 3297 805 3358 cadem
818 3300 894 3359 ratio
910 3310 955 3359 est
969 3301 1001 3360 ln
1015 3316 1132 3360 summa

176 3381 267 3441 totius
282 3380 406 3443 Galliae:
427 3398 555 3457 namque
577 3399 678 3441 omnes
699 3382 829 3443 civitates
849 3384 880 3442 ln
900 3390 1000 3462 partes
1021 3383 1131 3444 musae

176 3472 246 3524 sunt
260 3464 340 3525 duas.
