2356 3870
282 212 382 270 coum.
399 213 451 270 vu.
476 213 546 270 eur.
563 176 855 272 xxxvuss-uxxunt'
986 215 1045 276 163

85 379 255 454 exemplum
269 394 331 438 mom
345 378 534 453 haberemus,
552 384 652 438 tamem
667 379 813 439 libertatis
827 395 921 439 causa
921 376 1048 440 institui

85 469 116 524 et
124 463 257 538 posteris
264 463 364 547 procli
371 463 606 536 pulcherrimam
621 464 795 523 iudiearem.
817 462 896 522 Nam
911 463 987 537 qaid
999 465 1045 524 illi
1056 470 1087 520 lt

84 547 184 606 amile
196 545 273 605 bello
291 531 377 616 fuiti
412 547 604 622 Depopulata
626 547 726 606 Gallia
749 546 859 605 Cimbri
876 563 1047 621 magnaque

85 630 184 689 inloto
194 630 370 689 calamitate
379 630 490 701 finibus
503 631 622 705 quidem
643 631 753 689 nostris
768 631 931 703 aliquando
945 646 1046 691 exces-

84 718 192 772 serunt
212 717 302 787 atque
322 714 400 772 alias
419 718 517 772 terras
532 715 702 788 petierunt;
723 714 808 786 iuro,
830 714 925 788 lepos,
943 730 1043 787 apros,

85 796 254 856 libertatem
274 796 357 856 mobis
376 798 571 871 reliquerant.
609 797 741 856 Romani
758 812 828 856 uero
849 798 923 870 qaid
935 802 1044 872 petunt
1055 801 1088 851 le

86 880 176 940 aliud
195 885 249 939 aut
268 881 343 955 qaid
361 881 478 955 uolunt,
500 882 561 941 m'si
578 881 694 941 obsidia
708 880 849 954 addocti,
873 897 946 954 quos
955 880 1046 952 fama

85 963 200 1025 mobiles
209 969 402 1039 potentesque
416 964 492 1024 bello
506 969 710 1038 coenaverunt
714 1006 724 1037 ,
741 963 847 1023 bomem
861 966 892 1024 im
907 965 991 1037 apris
1005 967 1047 1023 ei-

85 1049 286 1122 oitotibuspae
299 1048 457 1109 considere
470 1055 560 1123 atque
573 1048 620 1108 luis
634 1053 789 1108 aeternam
808 1048 966 1122 tatemere
984 1063 1045 1107 ser-

85 1133 230 1199 uitutem?
251 1132 356 1206 Neque
365 1134 443 1192 emim
454 1134 517 1192 allo
532 1133 596 1192 alia
606 1132 782 1192 condicione
792 1131 870 1191 bella
878 1137 1043 1205 persertim.
1075 1156 1078 1159 ·

87 1215 176 1287 Quod
188 1217 217 1275 si
229 1231 275 1288 ea,
293 1231 371 1290 quoe
384 1217 416 1276 im
424 1216 594 1290 longinquis
603 1215 774 1276 motionibus
786 1221 943 1290 permutor,
961 1216 1043 1288 igno
1056 1219 1087 1270 to

84 1301 174 1373 ratis,
190 1300 494 1374 respicitefiaitimom
507 1300 644 1367 Galliam,
659 1315 738 1373 quae
751 1301 783 1358 ia
792 1300 985 1374 prouinciam
999 1314 1045 1357 re·
1097 1360 1100 1364 ,

85 1385 190 1451 dacto,
207 1384 273 1442 iore
286 1389 316 1442 et
329 1384 443 1457 leprbus
456 1383 652 1457 commutatis,
668 1383 821 1443 securibus
833 1383 966 1443 subiecta
973 1397 1045 1457 per·

82 1472 179 1543 petua
188 1469 343 1540 premitur
355 1469 505 1527 seruitute.

150 1547 301 1610 Lxxvut.
334 1549 492 1609 Sententiis
508 1549 592 1611 dictis
608 1550 806 1617 constituunt,
823 1558 856 1610 ut
870 1550 905 1619 ii,
931 1551 982 1626 qui
997 1567 1045 1610 va·
1062 1555 1072 1604 1

86 1631 219 1694 letudine
240 1639 291 1693 aut
310 1639 404 1693 aetate
424 1632 544 1694 inutiles
564 1640 634 1693 sunt
653 1631 745 1701 bello,
774 1632 882 1711 oppido
904 1633 1047 1693 excedant
1135 1683 1142 1689 ,

86 1725 185 1793 atque
198 1718 295 1777 omnia
314 1718 399 1795 prius
415 1717 618 1794 experiantur,
642 1732 729 1792 quam
751 1716 787 1776 ad
802 1716 964 1794 Critognati
979 1734 1045 1778 sen·

87 1801 209 1861 tentiam
216 1800 409 1869 descendant:
425 1799 475 1860 illo
492 1807 590 1861 tamen
602 1801 700 1878 potius
715 1799 858 1861 utendum
874 1800 1005 1870 consilio,
1022 1801 1048 1860 si
1062 1810 1077 1856 u

86 1903 138 1946 res
154 1891 239 1961 cegat
252 1892 341 1962 atque
355 1884 461 1944 auxilia
476 1890 640 1953 morentur,
657 1900 745 1960 quam
760 1890 811 1944 aut
825 1882 982 1944 deditionis
997 1890 1047 1944 eut

86 1970 170 2048 pacis
184 1967 369 2028 subeundam
385 1968 597 2029 condicionem.
628 1967 787 2036 Mandubii,
805 1969 856 2043 qui
871 1985 921 2027 eos
937 1966 1046 2046 oppido
1062 1976 1078 2026 3

89 2060 280 2131 receperant,
304 2070 371 2112 cum
391 2051 493 2113 liberis
514 2061 603 2129 atque
624 2050 767 2112 uxoribus
788 2052 869 2112 exire
891 2057 1044 2128 coguntur.

26 2198 29 2203 ,
86 2135 126 2196 Hi
146 2154 214 2197 cum
235 2136 271 2195 ad
291 2137 470 2198 munitiones
490 2137 692 2198 Romanorum
712 2137 920 2203 accessissent,
943 2135 1079 2195 ilentest

88 2218 227 2280 omnibus
247 2219 386 2297 precibus
408 2220 545 2290 orabant,
567 2229 601 2281 ut
620 2239 653 2281 se
671 2222 703 2282 in
723 2221 1047 2297 servitutem'receptos

88 2302 156 2364 cibo
170 2305 314 2363 iuvarent.
341 2305 378 2364 At
389 2304 496 2366 Caesar
511 2304 660 2384 dispositis
674 2305 706 2364 in
720 2302 795 2364 vallo
811 2301 984 2364 custodibus
998 2321 1046 2363 re·
1063 2308 1078 2357 5
1135 2300 1143 2325 “

88 2388 147 2465 cipi
162 2385 348 2466 prohibebat.

153 2469 317 2532 Lxxvuu.
348 2470 464 2531 Interea
480 2470 628 2532 Commius
642 2469 809 2548 reliquique
824 2470 924 2538 (luces,
942 2468 1049 2546 quibus
1066 2475 1077 2525 1

88 2572 204 2616 summa
217 2554 336 2632 imperii
346 2556 490 2632 permissa
502 2563 579 2623 erat,
596 2573 664 2615 cum
679 2553 815 2614 omnibus
831 2554 923 2631 copiis
935 2553 971 2613 ad
981 2552 1047 2614 Ale·

56 2707 66 2725 ,
89 2641 163 2700 siam
183 2639 360 2717 perveniunt
382 2645 411 2699 et
432 2637 506 2698 colle
527 2639 676 2699 exteriore
697 2644 840 2717 occupato
856 2654 916 2697 non
931 2635 1048 2713 longius

89 2722 170 2782 mille
185 2721 322 2801 passibus
335 2721 371 2782 ab
382 2723 493 2782 nostris
503 2720 716 2782 munitionibus
732 2721 899 2783 considunt.
925 2720 1080 2781 Posteroe

90 2806 138 2865 die
160 2806 293 2882 equitatu
320 2824 356 2866 ex
383 2808 488 2866 cestris
516 2804 622 2865 educto
648 2823 765 2865 omnem
793 2822 857 2864 eam
882 2802 1046 2882 planiciem,

91 2907 178 2966 quam
189 2889 439 2966 inlongitudinem
447 2886 588 2949 triamilia
598 2906 739 2967 passuum
749 2895 852 2967 patere
864 2886 1046 2947 demonstra·

89 2975 199 3042 vimus,
222 2971 371 3051 complent
390 2972 604 3052 pedestresque
625 2973 724 3050 copias
743 2970 866 3050 paulum
881 2970 918 3031 ab
934 2986 968 3030 eo
983 2969 1048 3031 loco

90 3057 204 3117 abditas
218 3058 250 3117 in
264 3055 337 3118 locis
353 3055 558 3156 superioribus
574 3057 764 3117 constituunt
802 3054 873 3115 Erat
888 3072 925 3114 ex
940 3055 1048 3133 oppido
1064 3059 1079 3110 3

89 3140 187 3201 Alesia
207 3138 392 3219 despectus
384 3158 415 3201 1n
432 3158 577 3219 campum.
614 3139 802 3200 Concurrunt
816 3137 862 3199 his
877 3137 991 3199 auxiliis
1006 3140 1049 3198 vi-
1133 3213 1136 3218 ⁸

90 3225 145 3292 sie3
163 3223 196 3284 fit
206 3223 382 3301 gratulatio
373 3232 452 3285 mter
465 3243 516 3285 eos
528 3230 616 3301 atque
623 3241 754 3284 omnium
766 3240 855 3283 ammx
845 3220 898 3282 ad
908 3221 1048 3282 laetitiam

90 3308 265 3369 excitantur.
302 3309 405 3385 Itaque
425 3309 578 3387 productis
599 3308 691 3385 copiis
711 3312 780 3369 ante
796 3292 937 3386 oppidum
952 3306 1047 3366 consi·
1064 3313 1078 3360 t
1149 3341 1151 3344 >

91 3392 165 3452 dunt
181 3399 211 3452 et
225 3393 390 3471 proximam
404 3394 513 3454 fossam
530 3389 661 3453 cratibus
674 3391 812 3468 integunt
829 3398 919 3467 atque
940 3405 1048 3466 aggere

91 3475 211 3555 explent
226 3476 359 3553 sequead
366 3479 551 3557 eruptionem
567 3479 1063 3555 atqueomnesessnsconxqmm.

838 3557 906 3631 Ἀ*
