2356 3870
284 221 382 277 souti.
400 223 460 279 Vlll.
476 223 545 279 CllP.
563 223 787 280 XXVll-XXXll.
979 225 1037 289 183

85 386 364 464 impedimentorum
396 388 526 462 agmine,
555 404 660 463 magno
686 386 814 447 clamore
846 387 1040 463 discursuque

85 471 193 548 passim
213 469 300 546 fugae
320 486 352 527 se
374 469 520 529 mandant.
556 471 592 530 lt
612 473 704 530 nostri
726 473 853 549 equites,
883 471 933 546 qui
953 469 1039 547 paulo
1055 476 1075 526 3<

84 561 152 613 ante
164 551 440 612 cumresistentibus
451 554 610 613 fortissime
622 553 823 622 conflixerant,
835 553 943 613 laetitia
950 555 1039 612 ricto·

84 638 145 697 riae
161 635 237 704 elati,
255 653 359 712 magno
376 636 505 712 undique
521 636 648 697 clamore
663 637 779 697 sublato
795 636 967 697 cedentibus
983 637 1039 696 cir·

84 720 219 787 cumlusi,
237 727 380 794 quantum
397 736 541 794 equorum
562 722 638 780 vires
659 721 694 780 ad
714 720 953 799 persequendum
969 720 1041 780 der·

84 803 247 878 traequead
255 802 434 861 caedendum
444 802 546 871 valent,
564 810 717 864 tantumeo
724 803 838 882 proelio
849 804 1039 863 interficiunt.
1060 852 1062 858 .

85 886 186 962 ltaque
202 886 326 964 amplius
341 885 459 945 milibus
474 906 519 946 xn
534 895 584 946 aut
599 896 777 946 armatorum
793 894 843 947 aut
858 904 970 953 eorum,
993 887 1042 961 qui
1057 894 1071 942 t

85 987 119 1028 eo
136 970 241 1028 timore
256 987 337 1028 arma
361 971 557 1046 proiecerant,
573 971 750 1038 intersectis,
777 972 871 1030 omnis
887 968 1041 1028 multitudo

84 1054 199 1130 capitur
213 1052 498 1130 impedimentorum.

147 1135 233 1194 XXX.
265 1135 328 1205 Qua
350 1153 384 1193 ex
406 1137 473 1212 luga
494 1153 562 1195 cum
582 1143 731 1195 constaret
751 1137 928 1215 Drappetem
950 1136 1069 1195 Seno-t

84 1237 168 1287 nem,
185 1219 250 1294 qui,
274 1226 306 1278 ut
321 1221 449 1295 primum
465 1218 614 1279 deiecerat
629 1219 735 1287 Gabia,
758 1220 890 1280 collectis
912 1219 1042 1295 undique

84 1302 207 1381 perditis
224 1301 405 1369 bominibus,
427 1304 520 1362 servis
535 1301 570 1360 ad
592 1301 758 1362 libertatem
773 1305 890 1369 vocatis,
909 1301 1043 1361 exulibus

84 1387 215 1445 omnium
231 1386 379 1444 civitatum
394 1387 501 1453 ascitis,
519 1388 646 1464 receptis
657 1385 820 1446 latronibus
834 1385 1042 1464 impedimenta
1130 1437 1134 1442 .

85 1476 115 1528 et
130 1477 310 1528 commeatus
325 1468 525 1528 Romanorum
547 1469 758 1547 interceperat,
775 1487 833 1529 non
849 1469 974 1548 amplius
988 1468 1042 1528 ho·

85 1553 197 1612 minum
219 1551 337 1612 milibus
357 1570 393 1610 ex
412 1553 482 1628 luga
503 1552 631 1627 quinque
646 1552 776 1612 collectis
797 1554 974 1630 provinciam
990 1571 1041 1630 pe·

84 1643 157 1703 tere,
171 1653 287 1710 unaque
299 1633 453 1695 consilinm
459 1654 525 1694 cum
534 1653 568 1693 eo
574 1635 742 1695 Lucterium
750 1635 913 1696 Cadurcum
920 1637 1042 1712 cepisse,

85 1733 173 1795 quern
188 1720 343 1796 superiore
359 1719 569 1778 commentario
585 1719 680 1796 prima
695 1718 860 1778 delectione
876 1717 986 1777 Galliae
1000 1720 1042 1777 la·

85 1819 153 1861 cere
168 1803 198 1861 in
213 1802 393 1879 provinciam
413 1801 539 1861 voluisse
560 1803 701 1879 impetum
717 1803 866 1878 cognitum
883 1809 940 1869 est,
958 1802 1041 1862 Cani·
1058 1810 1074 1858 2

85 1886 151 1945 nius
165 1884 278 1961 legatus
300 1903 366 1944 cum
387 1884 551 1962 legionibus
570 1884 683 1945 duabus
706 1884 741 1943 ad
757 1902 807 1944 eos
823 1885 1042 1962 persequendos

85 1968 243 2035 contendit,
261 1987 298 2028 ne
314 1968 491 2028 detrimento
508 1977 557 2029 aut
573 1970 677 2028 timore
692 1969 859 2046 provinciae
880 1985 983 2044 magna
997 1971 1042 2029 in-

85 2052 172 2111 lamia
187 2053 371 2129 perditorum
387 2052 539 2112 bominum
553 2051 713 2112 latrociniis
729 2060 894 2131 caperetur.

148 2135 249 2195 XXXI.
281 2136 369 2194 Gaius
382 2135 489 2195 Fabius
503 2154 570 2195 cum
582 2134 696 2211 reliquo
710 2138 842 2196 exercitu
858 2137 887 2195 in
899 2135 1042 2194 Carnutes
1059 2147 1071 2199 t

85 2221 258 2295 ceterasque
271 2220 466 2296 proficiscitur
477 2220 616 2286 civitates,
634 2234 758 2294 quarum
774 2238 809 2279 eo
824 2217 946 2297 proelio,
965 2219 1042 2294 quod

84 2320 152 2362 cum
159 2302 307 2363 Dumnaco
319 2303 437 2369 lecerat,
455 2303 553 2380 copias
565 2301 870 2361 esseaccisassciebat
894 2301 1044 2362 Nouenim
1059 2310 1075 2358 2

85 2384 250 2453 dubitabat,
283 2387 354 2462 quin
374 2387 487 2445 recenti
508 2385 671 2445 calamitate
701 2386 917 2445 summissiores
944 2392 1042 2444 essent

84 2469 211 2536 luturae,
228 2467 295 2529 dato
303 2486 372 2528 vero
384 2471 477 2546 spatio
496 2488 529 2528 ac
547 2478 680 2546 tempore
693 2468 796 2528 eodem
813 2469 969 2544 instigante
983 2466 1041 2526 Du·

84 2571 188 2613 mnaco
203 2562 325 2631 possent
339 2554 488 2612 concitari.
511 2552 573 2622 Qua
588 2554 666 2611 inre
681 2569 793 2611 summa
809 2550 932 2611 felicitas
939 2549 1041 2609 celeri·
1057 2559 1074 2608 a

84 2642 187 2712 tasque
202 2638 233 2694 in
248 2635 426 2714 recipiendis
438 2635 601 2695 civitatibus
616 2634 737 2694 Fabium
754 2636 953 2711 consequitur.
970 2633 1042 2693 Nam

83 2718 244 2789 Carnutes,
267 2721 316 2795 qui
332 2737 419 2797 saepe
434 2720 529 2778 vexati
544 2735 704 2793 numquam
719 2719 800 2795 pacis
814 2718 945 2777 fecerant
961 2735 1042 2775 men-

85 2803 205 2871 tionem,
223 2803 298 2862 datis
313 2801 464 2862 obsidibus
479 2803 600 2861 veniunt
614 2802 643 2859 in
659 2800 852 2870 deditionem,
869 2809 1044 2875 ceteraeque

84 2886 216 2945 civitates
231 2888 344 2963 positae
358 2887 388 2944 in
404 2884 514 2944 ultimis
531 2883 639 2943 Galliae
661 2883 768 2943 linibus
784 2882 899 2944 Oceano
921 2883 1043 2942 coniun·
1059 2893 1074 2938 t

86 2977 164 3037 ctae,
187 2986 261 3045 quae
278 2970 465 3029 Aremoricae
487 2966 686 3045 appellantur,
710 2968 882 3027 auctoritate
903 2965 1044 3025 adductae

85 3051 247 3112 Carnutum
263 3052 389 3112 adventu
404 3050 486 3110 Fabii
500 3050 708 3128 legionumque
723 3051 865 3128 imperata
885 3051 948 3109 sine
964 3067 1044 3108 mora

84 3135 204 3196 iaciunt.
230 3137 394 3196 Dumnacus
408 3136 469 3194 suis
484 3134 591 3194 finibus
599 3132 738 3212 expulsus
754 3152 856 3194 errans
871 3132 1046 3209 latitansque
1061 3138 1087 3188 t>¹

83 3218 167 3279 solus
184 3231 329 3279 extremas
345 3217 454 3278 Galliae
469 3220 606 3295 regiones
621 3225 723 3297 petere
739 3226 783 3277 est
799 3226 927 3278 coactus

149 3302 265 3362 XXXll.
303 3305 338 3363 lt
361 3302 492 3380 Drappes
513 3319 629 3378 unaque
644 3300 815 3369 Lucterius,
832 3319 898 3360 cum
914 3300 1045 3376 legiones
1062 3305 1077 3357 l

85 3385 300 3463 Caniniumque
315 3385 418 3445 adesse
433 3392 660 3462 cognoscerent,
683 3402 738 3443 nec
757 3402 789 3444 se
804 3385 866 3443 sine
882 3393 962 3442 certa
976 3400 1044 3459 per·

86 3470 161 3530 nicio
174 3478 372 3548 persequente
383 3470 514 3530 exercitu
526 3474 665 3550 putarent
675 3467 1070 3548 pretiosissimorum
