2356 3870
398 237 474 294 OAP.
491 237 736 295 XXXI-XXXV.
987 234 1047 298 113

85 388 145 448 liae
168 393 198 448 et
220 385 434 448 libertinorum
456 396 560 466 caput,
588 405 625 448 ex
647 387 764 465 proelio
787 386 956 448 Cordubam
979 406 1048 450 cum

86 473 231 541 venisset,
262 470 404 532 familiam
427 479 456 530 et
484 471 610 532 libertos
637 473 826 542 convocavit,
856 490 959 550 pyram
988 471 1048 534 sihi

86 557 226 623 extruxit,
250 573 374 615 coenam
390 554 503 615 adferri
521 573 611 634 quam
626 557 769 634 optimam
790 557 958 634 imperavit,
975 558 1047 617 item

86 641 209 718 optimis
231 638 459 700 insternendnm
482 642 681 721 vestimentis;
708 642 867 718 pecuniam
890 646 920 700 et
942 657 1047 717 orgen·

86 731 150 784 tum
173 727 205 783 in
232 725 402 802 praesentia
429 724 561 785 familiae
583 724 713 784 donavit.
758 723 824 802 lpse
848 722 883 784 de
911 731 1047 802 tempore
1069 733 1096 783 4.,

88 826 231 875 coenare,
258 810 390 868 resinam
412 816 442 868 et
470 808 596 869 nardum
623 807 787 868 identidem
818 807 877 866 sibi
905 808 1048 868 infundit.
1090 879 1094 889 Ι

88 891 131 952 lta
153 884 313 952 nouissimo
335 900 471 968 tempore
493 910 612 953 servum
633 895 723 953 iussit
750 899 780 952 et
808 891 969 958 libertum,
998 895 1050 970 qui

87 977 195 1037 luisset
216 978 282 1037 eius
305 976 507 1046 concubinus,
535 976 662 1037 alterum
684 994 716 1036 se
739 976 893 1053 iugulare,
922 975 1050 1036 alterum

88 1078 192 1139 pyram
214 1059 386 1121 incendere.

152 1143 296 1204 XXXllll.
334 1143 482 1223 Oppidani
497 1154 614 1212 autem,
636 1144 727 1206 simul
743 1144 851 1206 Caesar
866 1151 962 1205 castra
978 1162 1049 1205 con·
1074 1154 1086 1202 1

88 1235 135 1289 tra
158 1227 301 1306 oppidum
323 1231 440 1307 posuit,
469 1228 642 1291 discordare
672 1237 850 1308 coeperunt,
879 1247 974 1307 usque
1004 1247 1050 1299 eo,

89 1319 123 1372 ut
144 1312 257 1373 clamor
279 1315 310 1373 in
333 1320 430 1373 castra
453 1321 555 1374 nostra
582 1316 756 1392 perveniret
783 1316 848 1374 lere
876 1315 956 1373 inter
979 1312 1051 1373 Cae-

89 1398 224 1457 sarianos
239 1403 268 1457 et
291 1399 370 1457 inter
385 1396 590 1475 Pompeianos.
634 1398 728 1458 Erant
743 1398 792 1458 hic
814 1393 958 1476 legiones,
975 1415 1050 1475 quae
1071 1408 1088 1455 a

89 1499 126 1541 ex
158 1481 294 1559 perfugis
327 1484 534 1560 conscriptae,
567 1484 677 1561 partim
710 1481 928 1561 oppidanorum
962 1485 1050 1550 servi,

90 1567 143 1644 qui
166 1573 251 1625 erant
273 1583 289 1624 a
312 1565 401 1625 Sexto
423 1565 567 1645 Pompeio
588 1568 780 1644 manumissi3
809 1569 861 1644 qui
891 1567 924 1625 in
946 1565 1052 1628 Caesa·

91 1652 134 1708 ris
157 1648 315 1709 adventum
338 1649 510 1710 discordare
533 1657 706 1728 coeperunt.
751 1649 843 1727 Legio
865 1662 941 1708 xm.
967 1651 1050 1728 oppi·
1073 1658 1089 1706 3

92 1733 163 1794 dnm
190 1733 351 1794 defendere
380 1736 494 1812 coepit:
529 1752 611 1802 nam,
646 1752 714 1795 cum
747 1735 808 1794 iam
835 1733 1052 1811 depugnarent,

91 1824 192 1878 turres
214 1835 251 1877 ex
273 1825 357 1896 parte
381 1825 412 1878 et
432 1836 553 1879 murum
575 1825 770 1897 occuparunt.
813 1815 948 1895 Denique
972 1817 1051 1895 lega·
1074 1826 1089 1874 4

92 1910 138 1961 tos
159 1900 195 1961 ad
219 1900 376 1963 Caesarem
398 1905 535 1971 mittunt,
558 1910 592 1962 ut
614 1901 673 1962 sibi
695 1902 830 1979 legiones
849 1899 984 1962 subsidio
1007 1905 1052 1962 in·

91 1988 283 2046 tromitteret.
328 1986 391 2047 Hoc
420 2004 488 2047 cum
518 1986 788 2048 animadverterent
816 1985 952 2046 homines
974 1987 1053 2063 sugi-

91 2072 160 2138 tivi‚
193 2070 334 2148 oppidum
366 2070 528 2132 incendere
562 2079 736 2148 coeperunt.
787 2071 844 2142 Qui
876 2072 1008 2148 superati
1036 2078 1090 2130 ao
1143 2116 1148 2123 .

93 2155 204 2214 nostris
232 2162 302 2214 sunt
328 2157 483 2217 interlecti
511 2155 665 2216 hominum
694 2156 777 2217 milia
799 2167 892 2225 xxn,
920 2162 1054 2232 praeter·

93 2257 181 2316 quam
204 2246 288 2299 extra
309 2256 429 2300 murum
452 2241 505 2318 quai
532 2242 697 2319 perierunt.
741 2240 785 2300 lta
809 2239 917 2300 Caesar
946 2239 1054 2318 oppido

92 2324 216 2401 potitur.
260 2322 337 2384 Dum
359 2324 408 2385 hic
432 2324 599 2392 detinetur,
628 2342 665 2383 ex
686 2324 803 2403 proelio
824 2340 899 2402 quos
922 2325 1053 2383 circum·
1076 2330 1091 2379 6

92 2409 226 2467 munitos
241 2409 381 2486 superius
403 2407 686 2477 demonstravimus,
710 2409 900 2484 eruptionem
915 2407 1055 2468 lecerunt

93 2499 124 2552 et
146 2491 223 2551 bene
246 2493 349 2552 multis
370 2492 540 2552 interiectis
560 2495 593 2552 in
615 2491 758 2569 oppidum
780 2497 851 2550 sunt
872 2488 997 2551 redacti.

156 2574 269 2634 XXXV.
314 2575 422 2636 Caesar
443 2575 590 2654 Hispalim
619 2593 688 2636 cum
715 2572 934 2644 contendisset,
963 2574 1055 2652 legati
1077 2581 1090 2632 1

93 2658 287 2736 deprecatum
308 2667 464 2720 venerunt.
508 2659 551 2720 lta
575 2678 643 2722 cum
666 2659 702 2719 ad
724 2658 866 2738 oppidum
884 2665 962 2718 esset
984 2677 1055 2719 ven·

93 2751 173 2810 tum,
198 2742 356 2804 Caninium
378 2743 509 2821 legatum
524 2761 593 2807 cum
610 2742 763 2820 praesidio
781 2743 967 2810 intromittit;
991 2744 1055 2820 ipse

95 2833 192 2887 eastra
221 2826 257 2885 ad
286 2827 428 2905 oppidum
456 2829 552 2906 ponit.
601 2827 674 2887 Erat
706 2827 783 2887 bene
813 2843 920 2902 magna
948 2834 1092 2887 manure

95 2913 175 2970 intra
203 2910 452 2990 Pompeianarum
479 2913 626 2988 partium,
656 2928 731 2989 quae
760 2909 945 2988 praesidium
972 2927 1056 2971 rece·

94 3003 178 3074 ptum
209 2995 426 3072 indignaretur.
471 2994 553 3055 Clam
580 2994 728 3073 quendam
755 2993 928 3063 Philonem,
958 2994 1053 3063 illum,
1076 3003 1099 3052 a.

93 3082 146 3158 qui
168 3079 416 3158 Pompeianarum
438 3080 570 3158 partium]
591 3079 699 3140 suisset
729 3078 870 3140 delensor
891 3080 1056 3140 acerrimus

92 3197 136 3208 ·—
158 3167 184 3226 is
205 3172 268 3225 tota
290 3163 441 3224 Lusitania
458 3163 630 3224 notissimus
645 3170 709 3224 erat
724 3183 779 3221 -ε
804 3160 947 3223 hicelam
969 3181 1055 3241 prae·

95 3247 168 3309 sidia
190 3252 222 3309 in
244 3248 429 3310 Lusitaniam
451 3248 654 3326 proficiscitur
684 3251 713 3308 'et
736 3246 898 3309 Caecilium
920 3245 1054 3324 Nigrum,

95 3331 247 3394 hominem
276 3332 453 3400 barbarum,
484 3332 519 3393 ad
541 3332 691 3394 Lennium
716 3333 870 3399 convenit,
898 3333 950 3408 qui
979 3331 1056 3392 bene

94 3433 230 3492 magnam
253 3435 374 3479 manum
395 3416 607 3479 Lusitanorum
633 3415 768 3478 haberet.
803 3415 927 3478 Rursus
949 3413 1058 3490 llisps-
1080 3423 1106 3468 ι.

94 3498 147 3559 lim
175 3504 207 3561 in
235 3503 377 3581 oppidum
405 3501 503 3564 denuo
534 3509 629 3565 noctu
659 3519 717 3584 per
744 3517 878 3564 murum
904 3497 1088 3568 recipimur:

142 3613 160 3644 o.
173 3613 221 3645 ron.
234 3615 330 3647 oanis.
356 3616 391 3649 na
865 3597 889 3643 8
