2356 3870
133 221 171 281 10
453 218 493 274 DE
511 216 615 274 Brito
631 217 770 274 omitto

75 391 78 396 “
131 388 251 442 coactus
267 380 385 441 Caesari
401 382 571 450 enuntIarit,
584 379 757 459 in‘ellegere
768 400 845 450 sese,
861 389 970 459 quanto
982 381 1012 441 id
1027 398 1094 442 cum

130 464 264 544 periculo
279 464 393 532 iecerit,
411 473 440 524 et
452 464 491 525 ob
508 482 573 526 eam
585 483 711 534 eausam,
729 480 817 542 quam
832 465 883 527 diu
898 466 1037 544 potuerit,
1050 472 1092 524 ta·

133 566 238 610 cutsse.

103 642 114 690 1
195 631 293 692 XVIII.
320 631 426 693 Cacsar
447 631 503 692 bac
524 634 658 693 oratione
673 632 750 694 Lisci
764 633 992 710 Dumnorigem,
1014 631 1093 692 Divi·

133 717 199 775 tIaci
211 717 344 784 tratrem,
356 715 508 794 designari
521 715 677 786 sentiebat,
693 716 755 786 sed,
767 716 847 794 quod
856 715 992 795 pluribus
1007 732 1093 793 prae-

132 799 265 859 sentibus
282 816 330 859 eas
345 818 394 861 res
409 801 512 860 iactari
527 797 654 868 nolebat,
671 799 809 861 celeriter
824 799 985 860 concillum
996 798 1093 858 dimit·

99 893 115 941 2
130 885 179 951 tit,
195 882 313 951 Liscum
329 885 448 944 retioet.
462 883 600 954 Quaerit
621 901 655 944 ex
671 884 735 946 solo
750 902 795 953 ea,
812 886 932 959 quaein
948 890 1094 943 conventu

131 966 253 1027 dixerat.
284 966 361 1027 Dicit
374 966 498 1027 liberius
513 973 601 1043 atque
616 968 764 1028 audacius.
800 967 911 1027 Eadem
924 975 1042 1027 secreto
1057 964 1093 1026 ab

100 1058 116 1110 3
130 1049 194 1110 aliis
210 1052 340 1126 quaerit;
357 1052 471 1128 reperit
486 1067 551 1111 esse
567 1068 649 1111 vera:
673 1050 773 1130 Ipsum
790 1069 855 1111 esse
870 1051 1092 1126 Dumnorigem,

131 1151 246 1193 summa
261 1133 391 1203 audacia,
408 1150 514 1210 magna
525 1133 602 1212 apud
618 1132 736 1212 plebem
747 1141 871 1213 propter
885 1131 1093 1194 liberalitatem

131 1218 234 1294 gratia,
251 1216 391 1294 cupidum
405 1234 509 1276 rerum
524 1234 676 1277 novarum,
701 1216 867 1294 Compluris
882 1233 976 1276 annos
990 1223 1092 1295 porto·

131 1301 176 1360 ria
197 1298 371 1376 reliquaque
397 1301 495 1359 omnia
517 1299 687 1359 Aeduorum
708 1298 859 1376 vectigalia
884 1317 975 1378 parvo
996 1301 1093 1378 pretio

131 1382 284 1460 redempta
299 1381 418 1450 babere,
435 1390 594 1460 propterea
610 1382 689 1459 quod
703 1381 755 1442 illo
769 1381 877 1442 licente
892 1391 995 1443 contra
1009 1382 1098 1442 liceri

99 1464 237 1526 candeat
251 1482 348 1525 nemo.
386 1465 438 1526 llis
453 1463 544 1525 rebus
560 1471 589 1524 et
603 1483 687 1526 suam
707 1483 772 1526 rem
786 1464 960 1526 familiarem
975 1467 1093 1526 auxIsse

99 1557 116 1606 b
132 1556 162 1608 et
175 1547 331 1608 facultates
345 1548 382 1608 ad
397 1547 582 1625 largiendum
596 1566 717 1627 magnas
732 1566 935 1627 comparasse;
952 1566 1093 1626 magnum

131 1648 290 1691 numerum
310 1633 457 1708 equitatus
478 1648 532 1691 suo
553 1640 674 1709 sumptu
695 1649 814 1709 semper
834 1631 914 1691 alere
935 1641 965 1691 et
979 1634 1092 1692 circum

99 1722 164 1774 ose
179 1713 307 1782 habere,
329 1732 427 1791 neque
442 1713 538 1774 solum
558 1712 653 1782 domi,
674 1713 727 1774 sed
747 1716 835 1773 etiam
856 1714 934 1791 apud
954 1715 1092 1774 finitimas

132 1798 263 1857 ciuitates
278 1795 399 1875 largiter
412 1814 516 1876 posse,
539 1806 629 1873 atque
649 1794 737 1856 huius
758 1798 907 1873 potentiae
927 1814 1014 1856 causa
1030 1814 1089 1857 ma-

135 1889 211 1940 trem
230 1882 262 1941 in
277 1879 459 1957 Biturigibus
480 1879 592 1939 homini
610 1878 672 1939 illic
690 1879 873 1940 nobiIissimo
894 1897 928 1939 ac
947 1881 1091 1958 potentis-

101 1973 117 2020 7
132 1965 206 2024 simo
222 1962 391 2032 collocasse,
407 1966 505 2042 ipsum
520 1980 557 2021 ex
572 1960 712 2022 Helvetiis
727 1979 850 2022 uxorem
865 1961 990 2031 babere,
1006 1980 1088 2023 soro·

132 2064 197 2106 rem
213 2064 248 2106 ex
264 2055 358 2107 matre
374 2053 403 2106 et
416 2047 601 2125 propinquas
615 2062 683 2106 suas
694 2054 820 2124 nuptum
834 2046 865 2105 in
876 2044 947 2107 alias
960 2047 1091 2106 civitates

99 2137 116 2186 8
131 2128 300 2190 collocasse.
339 2129 450 2209 Favere
471 2135 501 2189 et
516 2145 626 2207 cupere
641 2127 782 2189 Helvetiis
801 2136 925 2207 propter
940 2147 1005 2190 eam
1020 2129 1090 2190 adfi-

132 2215 268 2281 nitatem,
290 2211 388 2272 odisse
410 2214 498 2273 etiam
512 2229 566 2273 suo
581 2214 702 2272 nomine
717 2211 873 2272 Caesarem
888 2221 918 2272 et
931 2212 1090 2281 Romanos,

133 2295 212 2370 quod
227 2313 331 2356 eorum
347 2295 473 2356 adventu
487 2296 619 2373 potentia
640 2297 704 2356 eius
718 2294 868 2355 deminuta
890 2304 919 2354 et
934 2295 1091 2356 Divitiacus

132 2377 224 2438 frater
242 2379 275 2438 in
294 2381 448 2456 antiquum
463 2378 562 2440 locum
577 2380 690 2456 gratiae
705 2387 794 2455 atque
814 2377 936 2438 honoris
951 2381 990 2439 sit
1004 2381 1090 2439 resti·

99 2467 222 2522 tttutus.
261 2461 293 2521 st
314 2462 384 2538 quid
406 2460 518 2522 accidat
538 2463 692 2531 Romanis,
713 2479 860 2547 summam
878 2463 910 2522 in
931 2480 1015 2541 spem
1036 2480 1091 2542 per

132 2544 281 2606 Helvetios
302 2547 387 2623 regni
401 2544 553 2605 obtinendi
568 2548 683 2614 venire:
704 2547 829 2624 imperio
851 2544 953 2624 populi
967 2545 1091 2607 Romani

132 2646 192 2689 non
208 2628 295 2689 modo
310 2628 347 2689 de
362 2646 464 2706 regno,
481 2628 533 2689 sed
549 2630 636 2690 etiam
650 2629 688 2689 de
703 2647 746 2698 ea,
764 2646 852 2706 quam
867 2627 981 2698 habeat,
998 2630 1091 2707 gratia

92 2720 125 2772 10
133 2711 301 2790 desperare.
339 2710 518 2790 Reperiebat
533 2714 621 2773 etiam
635 2713 665 2772 ln
681 2712 851 2789 quaerendo
867 2711 988 2782 Caesar,
1012 2713 1091 2789 quod

132 2795 280 2873 proelium
296 2805 436 2873 equestre
452 2795 609 2856 adversum
622 2797 726 2874 paucis
746 2803 814 2856 ante
829 2794 934 2856 diebus
949 2804 1028 2856 esset
1047 2797 1090 2857 Ia·

133 2885 229 2946 etum,
250 2880 367 2940 initium
388 2881 452 2941 eius
472 2880 559 2956 fugae
574 2880 683 2939 lactum
697 2896 715 2940 a
729 2879 909 2956 Dumnorige
923 2887 1012 2956 atque
1027 2881 1091 2941 aius

134 2962 282 3040 equitibus
305 2997 340 3008 —
363 2981 432 3023 nam
453 2963 610 3040 equitatui,
633 2980 722 3040 quem
742 2961 850 3023 auxilio
866 2961 984 3023 Caesari
998 2962 1091 3024 Aedui

134 3049 290 3115 miserant,
312 3047 475 3108 Dumnorix
496 3055 634 3125 praeerat
650 3067 704 3106 -ε
728 3064 830 3106 eorum
852 3045 921 3123 iuga
942 3046 1091 3124 reliquum

135 3147 200 3190 esse
216 3130 378 3206 equitatum
394 3132 597 3208 perterritum.

104 3219 116 3269 t
196 3212 309 3273 XVIIII.
327 3213 441 3284 Quibus
455 3213 547 3275 rebus
561 3214 695 3292 cognitis,
709 3213 825 3275 eumad
839 3212 892 3275 has
907 3214 1091 3292 suspiciones

135 3298 315 3357 certIssimae
335 3315 385 3357 res
405 3298 595 3365 accederent,
617 3295 696 3373 quod
716 3314 772 3374 per
791 3297 865 3359 fines
886 3296 1092 3375 Sequanorum

134 3378 282 3440 Helvetios
296 3381 490 3450 traduxisset,
512 3380 590 3457 quod
613 3379 732 3440 obsides
751 3380 830 3440 inter
846 3399 896 3441 eos
911 3380 1024 3442 dandos
1038 3397 1090 3440 cu·

134 3471 243 3533 rasset,
266 3463 347 3540 quod
367 3482 401 3525 ea
422 3466 520 3525 omnia
535 3482 595 3525 non
610 3463 697 3525 modo
713 3463 828 3526 iniussu
843 3482 897 3524 suo
913 3474 942 3526 et
957 3463 1081 3525 civitatis
