2356 3870
163 224 224 288 142
555 229 728 285 CAESARIS

162 386 286 457 confido,
313 401 358 442 me
384 383 510 443 celeriter
533 385 573 443 cd
595 385 696 442 urben
717 387 882 451 ventarum,
908 388 943 443 nt
968 388 995 444 te
1020 387 1065 445 ibi
1086 387 1128 446 oi·

162 476 258 540 deum,
289 476 323 531 at
353 475 401 530 tno
428 473 558 538 consilio,
587 474 699 546 uratia,
731 473 881 545 diynitate,
913 489 966 545 epe
997 477 1129 534 omniurn

161 579 260 621 rann
281 562 326 618 nti
341 562 461 632 possint.
506 558 557 618 Ad
577 563 760 634 propositione
781 564 925 619 reuertar:
947 560 1128 634 festinationi

161 666 241 707 necue
254 649 438 721 brevitatique
461 648 767 721 litterorroniqnosees.
808 647 932 722 Reliqua
955 667 989 707 ec
1010 649 1129 710 Furnio

163 752 317 810 eoynosces.
341 767 383 776 -
409 737 463 806 15,
490 739 516 794 1.
556 736 625 809 Ille,
653 739 688 794 ut
709 736 748 793 ad
769 755 817 795 me
841 736 970 812 scripsit,
992 737 1127 812 legiones

163 825 295 899 singulas
318 823 417 896 posuit
439 823 603 898 Brundisii,
627 823 761 895 Tarenti,
785 822 899 898 Siponti
923 855 973 882 -.
1002 856 1046 865 -
1079 829 1128 886 16.

162 943 204 954 -
238 913 275 970 ab
304 929 337 969 eo
367 908 399 986 [i.
427 930 452 970 e.
477 909 614 987 Caesare]
643 912 716 969 mihi
749 912 867 970 litterae
893 912 1028 971 redditae
1058 919 1129 976 sunt

162 1021 188 1061 a.
204 1001 233 1060 d.
248 999 318 1059 VII.
333 999 370 1059 K.
389 995 552 1080 [int.Apr.]‚
574 1000 682 1075 quibus
702 1000 763 1059 iam
783 1018 850 1075 ones
870 1020 961 1075 meas,
987 1021 1072 1079 nom,
1087 1009 1124 1064 ut

162 1084 364 1159 superioribus
381 1079 528 1162 [litteris]‚
544 1101 625 1158 opens
639 1087 783 1159 expectat.
821 1083 897 1144 Cum
911 1086 976 1144 eius
991 1087 1121 1146 elemen-

160 1170 233 1226 tiam
241 1166 453 1226 Corfiniensem
463 1168 545 1225 illem
557 1186 611 1242 per
621 1169 738 1227 litteras
749 1168 1004 1244 collaudavissem,
1012 1174 1136 1243 rasori,

162 1257 223 1331 psit
236 1257 291 1313 hoc
305 1255 450 1329 exemplo:
484 1256 624 1311 Gaesao·
638 1257 732 1321 imp.
748 1254 922 1310 Ciceroni
940 1255 1037 1321 imp.
1051 1259 1126 1311 eal.

163 1348 237 1401 dte.
277 1342 363 1401 Recte
385 1343 542 1415 onencris
564 1343 656 1400 derne
674 1371 714 1381 —
735 1342 803 1400 tene
825 1343 900 1399 enim
923 1342 974 1400 tibi
996 1346 1127 1415 coyntae

163 1448 229 1488 snm
252 1460 303 1498 —,
325 1430 399 1488 nied
412 1448 431 1487 a
444 1447 489 1487 nee
512 1430 608 1488 desse
630 1431 742 1501 lcnoins
765 1429 945 1499 nndeldatn
968 1433 1055 1502 atone
1078 1449 1128 1506 eqo

164 1536 228 1576 cnm
255 1535 289 1576 en
314 1520 381 1591 noso
402 1534 435 1576 re
455 1534 593 1590 maenum
620 1519 702 1590 capio
728 1517 913 1589 voluptutem,
942 1521 1003 1575 tnnc
1029 1536 1127 1578 meum

162 1608 273 1680 suetum
288 1607 412 1679 proteri
426 1607 478 1666 uls
500 1609 526 1664 te
548 1605 691 1677 triumplu
711 1606 827 1678 cundia
862 1604 963 1677 Neque
985 1606 1061 1664 illnd
1082 1625 1128 1667 me

161 1698 262 1762 meoet,
285 1695 360 1768 qnod
372 1696 404 1760 ii,
428 1695 477 1766 qut
490 1712 509 1753 a
521 1710 567 1752 rne
580 1695 693 1752 dimissi
706 1697 781 1759 sunt,
804 1694 965 1752 discessisse
978 1694 1128 1764 dicuntur,

162 1788 195 1840 nt
208 1784 279 1841 neilei
290 1800 395 1841 rnrsns
417 1782 521 1840 bellum
533 1783 688 1854 inferrent:
709 1781 781 1839 nihil
795 1782 871 1839 enirn
884 1781 970 1847 molo,
993 1799 1084 1854 qnam
1102 1788 1128 1843 et

162 1888 208 1928 me
220 1873 277 1928 ulei
290 1871 412 1929 similem
426 1887 485 1928 esse
499 1873 525 1928 et
545 1870 610 1928 illos
622 1870 677 1928 sni
715 1869 761 1927 ru
782 1869 867 1926 oelirn
879 1869 950 1927 melei
964 1870 1004 1927 cel
1024 1873 1128 1930 arbem

157 1964 276 2032 promto
303 1961 357 2026 sis,
388 1962 422 2016 nt
443 1960 501 2016 tnis
523 1958 650 2016 consiiis
672 1961 755 2028 utque
782 1958 896 2030 opibus,
922 1960 956 2014 nt
982 1962 1128 2026 conenen,

162 2048 195 2104 in
221 2047 352 2105 nnndns
377 2047 463 2104 retas
488 2049 565 2104 ntur.
613 2045 767 2104 Dolabella
788 2049 836 2102 tno
858 2045 931 2102 nilnl
956 2046 1025 2104 seito
1055 2049 1128 2107 miri

164 2150 223 2191 esse
244 2134 407 2192 iucundius.
451 2133 540 2192 Hunc
566 2134 636 2191 celeo
662 2134 768 2192 habebo
792 2135 921 2206 eratione
947 2132 1008 2203 illi;
1034 2152 1128 2208 neque

164 2223 240 2279 enirn
262 2221 346 2279 aliter
367 2222 463 2293 focae
479 2223 601 2293 poten.-
623 2225 704 2280 tunta
727 2224 788 2280 eins
809 2221 990 2288 hnmanitas,
1013 2223 1041 2280 is
1063 2240 1128 2282 sen-

163 2325 226 2376 sus,
250 2325 284 2366 ec
305 2311 338 2367 in
358 2325 404 2366 nee
426 2312 468 2368 est
496 2308 692 2367 benevolentia.
716 2338 758 2349 -
783 2307 822 2376 X,
844 2311 873 2368 3.
888 2327 925 2374 a,
950 2309 978 2367 2.
1016 2306 1128 2371 Caesar

163 2397 236 2454 mihi
257 2395 386 2471 ignoscit
407 2415 460 2471 per
482 2395 610 2468 litteras,
638 2397 717 2471 quod
743 2414 803 2455 non
829 2396 973 2466 venerim,
1001 2414 1127 2473 seseque

162 2486 195 2543 in
218 2485 359 2559 optimam
390 2487 506 2560 partem
537 2485 568 2542 id
599 2485 730 2559 accipere
761 2484 840 2542 dicit.
890 2484 988 2542 Facile
1018 2487 1127 2560 patior,

164 2573 243 2648 quod
266 2573 380 2646 scribit,
408 2591 508 2632 seeum
535 2572 654 2630 Tullum
682 2575 712 2632 et
739 2571 874 2630 Servium
901 2574 1022 2647 questos
1052 2591 1126 2648 esse,

164 2661 307 2735 quianon
328 2660 407 2719 idem
422 2661 487 2732 sibi,
510 2661 589 2736 quod
602 2659 683 2733 mihi,
705 2661 877 2719 remisisset.
893 2690 933 2699 -
950 2658 1008 2718 Sed
1023 2663 1126 2721 tamen

164 2749 329 2824 exemplum
361 2750 428 2808 misi
459 2749 498 2807 ad
528 2752 559 2807 te
587 2746 722 2807 Caesaris
754 2749 929 2806 litterarum.
962 2779 1004 2787 -
1033 2751 1064 2808 8.
1087 2750 1126 2807 B.

165 2839 305 2895 Gaesar-
322 2840 417 2904 imp.
436 2839 509 2892 sal.
528 2838 564 2892 d.
585 2838 758 2894 Ciceroni
777 2840 871 2904 imp.
916 2835 985 2894 Etsi
1006 2841 1032 2894 te
1053 2839 1127 2899 ndeil

163 2928 274 2990 tenere,
287 2922 361 2982 itin
374 2923 569 2996 imprudenter
591 2922 737 2995 soctnrnne
754 2923 931 2990 indicarum,
954 2928 1051 2982 tumen
1058 2943 1127 2999 per-

162 3015 256 3070 motus
277 3011 425 3069 hominnm
446 3012 529 3083 tuneo
542 3011 723 3071 scribendum
742 3012 782 3069 cel
803 3015 829 3069 te
843 3013 1003 3070 existimaui
1025 3017 1053 3070 et
1069 3031 1126 3086 pro

162 3104 263 3159 nostra
277 3099 467 3158 benevolentia
474 3100 642 3172 petendam,
665 3115 702 3157 ne
714 3116 769 3172 qno
785 3101 1003 3173 remunereris
1018 3104 1128 3174 procli·

163 3192 235 3247 nata
247 3189 308 3246 iun
325 3203 366 3253 re,
380 3203 435 3259 qno
452 3188 565 3259 interra
578 3189 663 3246 diurn
674 3188 918 3260 proerediendnn
932 3189 1057 3247 enimn
1071 3193 1128 3250 eci·

163 3277 317 3334 stirncsses.
353 3274 487 3348 Namque
500 3279 527 3332 et
548 3275 692 3334 amicitiae
706 3277 871 3348 qraoiorene
892 3278 1035 3335 iniuriam
1056 3279 1129 3353 fecc-

162 3364 207 3421 ris
221 3367 246 3421 et
268 3364 319 3422 tili
331 3365 428 3422 minas
441 3363 583 3422 connecte
596 3363 782 3431 consulueris,
804 3365 831 3421 si
843 3381 901 3422 non
922 3365 1061 3438 tntnne
1082 3369 1129 3428 ot·

162 3455 276 3510 secretus
296 3451 425 3510 sidetem
448 3480 488 3490 —
513 3453 611 3510 cornia
633 3453 708 3510 enirn
726 3452 933 3511 secundissima
955 3453 1053 3522 nolis,
1078 3457 1129 3517 ad·

151 3543 326 3606 eiernstnc
349 3541 411 3605 illis
435 3541 576 3604 nemisse
597 3540 729 3600 uidemur
744 3568 785 3579 -
804 3548 1130 3603 dissuasissemus
