2356 3870
424 219 503 280 Gdl'.
516 219 649 279 vl-'xn
741 220 745 226 ’
982 217 1024 284 99

61 372 124 431 ciae
147 371 300 432 montibus
321 371 385 432 iere
409 373 524 432 munita
539 379 570 432 et
591 373 933 436 natura-excellentibus
948 374 1024 436 locis

60 463 106 516 est
134 457 310 524 constituta,
344 463 378 516 ut
410 456 501 516 simul
535 456 633 517 aditus
660 474 861 537 ascensusque
894 459 1024 520 babeant

61 539 208 600 difficiles.
253 539 297 600 lta
327 539 364 599 ab
392 540 670 620 oppugnationibus
704 548 810 603 natura
843 542 903 603 loci
935 543 1061 605 disti-5

60 630 185 694 nentur,
208 632 243 684 ut
265 626 401 685 civitates
422 624 583 702 Hispaniae
606 643 665 686 non
688 626 776 687 facile
805 626 842 688 ab
864 627 951 688 hoste
974 647 1022 688 ca·

60 712 195 787 piantur;
229 707 260 767 id
290 708 371 786 quod
405 710 438 768 in
472 710 529 769 hoc
559 712 686 788 contigit
713 709 803 770 bello.
852 710 925 770 Nam
954 719 1062 773 eumd

61 797 140 854 inter
166 795 312 870 Ateguam
341 801 371 853 et
401 792 549 862 Ucubim,
582 811 659 873 quae
690 794 798 872 oppida
830 812 920 873 supra
953 803 1024 855 sunt

62 881 188 955 scripta,
212 878 372 955 Pompeius
394 876 499 937 habuit
514 885 611 938 castra
628 881 791 939 constituta
814 879 844 937 lu
860 887 1024 956 conspectu
1100 912 1104 916 ·

62 963 189 1023 duorum
212 962 406 1040 oppidorum,
430 960 468 1021 ab
489 964 553 1022 suis
576 963 685 1022 castris
707 964 831 1022 circiter
852 961 934 1021 milia
957 980 1024 1040 pas·

62 1065 149 1106 suum
171 1058 229 1104 1111
250 1063 375 1123 grumus
397 1052 442 1105 est
464 1045 615 1106 excellens
637 1052 759 1115 natura,
783 1049 834 1126 qui
857 1046 1025 1125 appellatur

62 1131 164 1191 Castra
188 1130 395 1190 Postumiana:
424 1128 470 1188 ibi
492 1130 637 1209 praesidii
661 1147 749 1190 causa
772 1130 930 1190 castellum
952 1130 1024 1191 Cae-

63 1234 111 1275 sar
134 1214 239 1274 habuit
262 1216 468 1274 constitutum.
670 1272 673 1277 .

125 1298 212 1358 Vllll.
258 1298 343 1370 Quod
358 1298 533 1376 Pompeius,
557 1298 636 1379 quod
652 1300 758 1360 eodem
780 1301 849 1377 iugo
868 1298 1025 1376 tegebatur
1047 1308 1061 1355 1

63 1384 122 1445 loci
144 1392 266 1452 natura,
297 1389 326 1443 et
353 1392 503 1442 remotum
525 1391 591 1444 erat
612 1402 628 1443 a
651 1386 760 1445 casinis
782 1385 932 1453 Caesaris,
962 1385 1025 1443 aui·

63 1467 268 1527 madvertebat
296 1466 355 1527 loci
384 1466 592 1528 difficultatem
619 1474 664 1537 et,
693 1471 761 1546 qnia
788 1468 912 1546 llumiue
940 1467 1039 1527 Salso*

64 1550 341 1618 intercludebatur,
365 1568 424 1609 non
448 1569 514 1612 esse
537 1555 767 1612 commissurum
791 1552 964 1621 Caesarem,
993 1559 1026 1611 ut

64 1638 95 1694 in
112 1643 193 1695 tanta
208 1635 267 1695 loci
285 1634 461 1694 difficultate
477 1634 514 1694 ad
529 1634 698 1696 subsidium
710 1637 889 1697 mittendum
901 1654 933 1695 se
944 1653 1025 1695 com·

65 1722 206 1780 mitteret.
239 1718 284 1779 lta
304 1720 363 1778 bae
384 1721 480 1779 lretus
496 1721 638 1797 opinione
654 1722 741 1780 tertia
756 1720 855 1796 vigilia
871 1720 1024 1797 prolectas
1046 1727 1062 1774 2

66 1803 221 1864 castellum
255 1820 427 1881 oppugnare
461 1805 569 1881 coepit.
620 1802 692 1863 Cum
726 1806 1063 1883 appropinquassent,3

65 1887 195 1947 clamore
219 1890 379 1966 repentino
402 1886 590 1964 telorumque
605 1887 798 1948 multitudine
814 1890 910 1946 iactus
925 1888 1025 1946 lacere

66 1980 244 2050 coeperunt,
281 1974 325 2031 uti
354 1988 490 2047 magnam
518 1977 634 2051 partem
667 1971 822 2031 hominum
850 1969 1027 2030 uulneribus

66 2055 237 2116 adficerent.
287 2055 352 2126 Quo
384 2064 506 2132 peracto
536 2073 602 2116 cum
632 2072 668 2115 ex
701 2054 824 2116 castello
856 2061 1064 2134 repugnare4

67 2143 237 2218 coepissent
263 2139 487 2218 maioribusque
515 2141 622 2200 castris
649 2140 769 2200 Caesari
797 2141 920 2200 nuntius
948 2147 1026 2199 esset

66 2223 186 2293 allatus,
209 2243 278 2284 cum
300 2236 341 2282 111
364 2223 535 2301 legionibus
550 2232 595 2284 est
617 2225 785 2302 proiectus,
808 2233 841 2284 ut
864 2223 1026 2285 laboranti·

67 2307 123 2368 bus
144 2317 335 2369 succurreret
357 2310 486 2376 nostris;
516 2315 546 2368 et
568 2326 636 2367 cum
659 2308 696 2367 ad
719 2327 770 2369 eos
792 2307 1027 2387 adpropinquas·

68 2401 128 2462 set,
158 2396 228 2470 luga
256 2394 413 2470 perterriti
441 2392 527 2451 multi
556 2400 627 2451 sunt
654 2393 822 2460 interiecti,
857 2392 1028 2469 complures
1131 2462 1134 2469 Ι

67 2480 160 2553 capti,
185 2480 216 2536 in
239 2475 350 2554 quibus
372 2475 431 2535 duo
453 2477 568 2534 tribuni
587 2477 729 2544 militum
758 2475 844 2535 multi
871 2483 1028 2552 praeterea

67 2563 158 2621 armis
181 2563 263 2620 exuti
285 2561 441 2636 sugerunt,
466 2576 594 2636 quorum
617 2565 700 2619 scuta
716 2567 786 2620 sunt
807 2557 900 2619 relata
920 2570 1027 2618 nxxx.

129 2643 165 2703 x.
209 2643 380 2722 Insequenti
403 2642 470 2702 luce
492 2644 651 2720 Arguetius
673 2660 708 2703 ex
731 2642 816 2703 ltalia
846 2660 913 2703 cum
942 2645 1026 2722 equi·
1050 2651 1064 2699 1

69 2736 130 2786 tatu
162 2730 254 2788 veuit.
303 2727 332 2787 ls
358 2729 441 2804 signa
472 2726 705 2804 Saguntinorum
737 2725 855 2787 rettulit
887 2729 1028 2804 quinque,

68 2828 142 2888 quae
172 2809 208 2870 ab
237 2810 394 2889 oppidanis
422 2813 515 2888 cepit.
564 2810 624 2870 Suo
655 2810 720 2869 loco
748 2812 944 2889 praeteritum
972 2817 1065 2880 est,2

68 2894 147 2973 quod
180 2897 298 2973 equites
330 2913 367 2954 ex
395 2894 477 2954 ltalia
511 2911 578 2954 cum
606 2895 771 2971 Asprenate
804 2893 840 2954 ad
873 2893 1029 2954 Caesarem

68 2982 229 3039 venissent.
274 2978 316 3038 Ea
338 2985 427 3037 nocte
449 2977 610 3057 Pompeius
637 2985 734 3039 castra
756 2996 809 3039 sna
837 2978 973 3038 incendit
1000 2985 1031 3038 et

69 3064 105 3123 ad
127 3062 296 3125 Cordubam
318 3077 422 3123 versus
445 3064 505 3122 iter
531 3063 631 3123 iacere
660 3064 765 3142 coepit.
814 3061 877 3122 Rex
906 3063 1028 3123 nomine
1050 3070 1066 3118 3

64 3148 157 3218 lndo,
185 3150 237 3227 qui
265 3166 334 3207 cum
363 3148 496 3224 equitatu
524 3163 592 3206 suas
623 3147 723 3225 coplas
752 3147 929 3216 adduxerat,
959 3146 1029 3206 dum

69 3233 207 3311 cupidius
230 3250 335 3310 agmen
359 3231 599 3292 adversariorum
627 3233 810 3309 insequitur,
841 3251 857 3292 a
886 3247 1029 3292 vernacu-

69 3316 106 3376 lis
129 3317 305 3394 legionariis
328 3323 470 3394 euceptus
493 3324 537 3376 est
560 3324 589 3376 et
611 3317 799 3376 interiectus.

132 3400 181 3460 Xl.
226 3401 350 3461 Postero
374 3400 422 3460 die
446 3394 561 3480 equites
587 3401 684 3461 nostri
710 3399 830 3479 longius
857 3399 894 3460 ad
914 3399 1068 3461 Cardu-1

70 3484 137 3545 bam
170 3503 275 3545 versus
308 3487 461 3563 prosecuti
494 3493 564 3545 suut
597 3503 669 3557 ecs,
702 3487 759 3565 qui
791 3489 988 3547 commeamus
1011 3479 1057 3534 ab

813 3581 910 3635 *t*-
