2356 3870
317 244 466 303 corrui
488 244 565 303 cte.
578 209 771 304 nvn-xm.
985 247 1022 308 11

63 412 166 492 paucis
186 411 381 472 familiaribus
402 413 464 472 suis
491 411 668 491 colloquitur
693 413 909 494 consiliumque
935 415 1022 493 lugae

63 513 172 575 capere
188 497 349 555 constituit.
381 496 454 557 Cum
468 496 566 557 vultus
580 495 701 557 Domitii
723 516 790 558 cum
813 499 946 559 oratione
962 509 1049 559 none

63 581 248 640 consentiret
268 587 355 658 atque
371 581 469 640 omnia
484 580 682 658 trepidantius
703 581 893 660 timidiusque
910 591 1020 661 ageret,

63 681 153 743 quam
174 663 380 742 superioribus
400 663 507 724 diebus
530 672 715 735 consuesset,
745 666 927 746 multumque
954 686 1021 727 cum

64 751 127 809 suis
143 746 318 808 consiliandi
337 765 424 808 causa
439 755 556 809 secreto
570 757 690 828 praeter
700 749 946 811 consuetudinem
961 751 1020 811 col·

62 832 252 911 loqueretur,
269 833 394 892 concilia
410 840 629 912 convontusque
649 833 802 894 hominum
818 833 950 911 lugeret,
971 852 1021 895 res

63 917 177 977 diutius
196 919 259 994 tegi
280 916 519 996 dissimularique
539 935 598 977 non
619 919 725 996 potuit.
760 917 919 997 Pompeius
940 920 1048 978 enimi

61 1001 267 1079 rescripserat,
284 1018 349 1061 sese
360 1018 424 1060 rem
439 1003 471 1060 in
482 1019 628 1062 summum
643 1000 810 1080 perieulum
824 1001 1021 1062 deducturum

62 1103 123 1145 non
145 1103 225 1154 esse,
246 1102 342 1164 neque
357 1103 411 1145 suo
431 1085 554 1145 consilio
575 1091 626 1145 aut
647 1085 796 1146 voluntate
810 1085 974 1145 Domitium
989 1104 1020 1146 se

62 1170 96 1228 in
111 1169 251 1248 oppidum
267 1168 428 1229 Corfinium
442 1169 619 1230 contulisse:
639 1168 779 1249 proinde,
801 1171 826 1229 si
842 1188 900 1248 qua
914 1171 1022 1230 luisset

61 1251 196 1323 laciiltas,
213 1253 249 1312 ad
270 1271 301 1312 se
323 1270 390 1312 cum
411 1252 548 1313 omnibus
563 1254 659 1333 copiis
676 1255 802 1313 veniret.
842 1252 875 1314 ld
896 1272 934 1314 ne
954 1255 1046 1314 lieri'u

61 1345 178 1417 posset,
195 1336 350 1397 obsidione
365 1343 453 1416 atque
468 1337 570 1417 oppidi
585 1339 865 1398 circummunitione
880 1336 980 1398 fiebat.

126 1420 190 1482 XX.
213 1421 368 1498 Divulgato
379 1419 500 1481 Domitii
512 1421 636 1481 consilio
648 1421 768 1491 milites,
781 1424 833 1501 qui
848 1428 935 1482 erant
947 1421 1018 1483 Cor·
1031 1431 1046 1480 1

61 1507 138 1575 iiiiii,
159 1507 256 1584 prima
275 1506 394 1584 vesperi
415 1507 612 1566 secessionem
630 1505 745 1566 iaciunt
764 1513 852 1584 atque
878 1508 920 1567 ita
940 1508 1021 1567 inter

61 1608 95 1651 se
115 1606 170 1669 per
191 1588 328 1650 tribunos
349 1589 477 1650 militum
496 1591 744 1668 centurionesque
765 1596 853 1668 atque
873 1589 1020 1650 honestis·

62 1676 154 1735 simos
180 1675 225 1734 sui
252 1674 373 1750 generis
397 1673 607 1733 conlocantur:
633 1671 766 1732 obsideri
786 1691 818 1733 se
840 1692 857 1733 a
877 1673 1046 1743 Caesare32

61 1775 155 1836 opera
169 1759 408 1836 munitionesque
428 1775 522 1837 prope
545 1775 610 1817 esse
629 1758 792 1835 perlectam
814 1756 920 1817 ducem
935 1775 1020 1816 suum

61 1841 241 1911 Domitium,
263 1844 348 1901 cuius
369 1860 421 1920 spe
438 1850 525 1920 atque
546 1841 654 1901 fiducia
671 1842 899 1920 permanserint,
919 1842 1020 1918 proie-

62 1928 119 1986 ctis
134 1925 271 1986 omnibus
285 1927 373 2003 fugae
389 1926 546 1986 consilium
560 1942 682 2003 capere:
704 1923 814 1985 debere
835 1943 866 1984 se
889 1942 958 1984 suae
975 1942 1020 1984 sa·

61 2009 135 2071 lutis
150 2012 296 2070 rationem
310 2009 432 2070 babere.
463 2009 507 2072 Ab
522 2009 569 2069 his
584 2010 681 2087 primo
694 2009 784 2069 Marsi
799 2008 958 2070 dissentire
973 2010 1046 2070 ina

62 2096 178 2173 cipiunt
190 2112 315 2172 eamque
326 2093 428 2172 oppidi
439 2100 564 2173 partem,
570 2093 851 2172 quaemunitissima
858 2092 1019 2162 videretur,

61 2185 217 2258 occupant,
233 2184 373 2257 tantaque
388 2179 468 2237 inter
483 2196 534 2237 eos
549 2177 694 2238 dissensio
712 2177 830 2247 existit,
853 2183 887 2236 ut
901 2194 1021 2237 manum

61 2279 221 2323 conserere
237 2269 324 2341 atque
340 2263 431 2321 armis
445 2262 589 2322 dimicare
604 2268 764 2331 conentur;
784 2266 852 2339 post
871 2260 959 2339 paulo
974 2267 1048 2321 tar

61 2365 132 2407 men
147 2345 339 2407 internuntiis
360 2345 439 2406 ultro
455 2348 590 2426 citroque
605 2347 719 2414 missis,
742 2362 818 2424 quae
833 2344 1020 2421 ignorabant,

62 2431 99 2492 de
117 2429 150 2490 L.
166 2429 287 2490 Domitii
307 2431 377 2507 luga
398 2436 588 2507 cognoscunt.
623 2428 726 2508 ltaque
748 2445 850 2489 omnes
869 2446 929 2488 uno
950 2437 1047 2487 con-5

62 2515 130 2575 silio
146 2513 307 2575 Domitium
325 2513 502 2592 productum
522 2517 553 2573 in
572 2510 726 2593 publicum
746 2513 970 2572 circumsistunt
991 2518 1022 2571 et

62 2598 234 2659 custodiunt
253 2598 424 2677 legatosque
445 2616 481 2659 ex
502 2616 556 2658 suo
575 2615 699 2658 numero
720 2597 756 2657 ad
778 2595 932 2679 Caesarem
952 2597 1020 2655 mit·

62 2690 144 2743 tunt:
162 2701 227 2743 sese
240 2689 360 2763 paratos
372 2699 437 2742 esse
452 2690 553 2761 portas
566 2685 692 2762 aperire,
709 2698 843 2761 quaeque
856 2681 1021 2758 imperave-

62 2769 111 2836 rit,
128 2767 227 2827 lacere
244 2773 273 2827 et
288 2766 321 2827 L.
337 2766 499 2826 Domitium
514 2768 612 2827 rivum
628 2768 693 2826 eius
708 2765 848 2844 potestati
863 2762 992 2823 tradere.

125 2851 204 2911 xxi.
234 2849 349 2920 Quibus
363 2848 455 2910 rebus
467 2851 595 2928 cognitis
606 2850 724 2918 Caesar,
741 2849 797 2907 etsi
811 2848 910 2924 magni
926 2849 1020 2906 inter·
1034 2856 1049 2905 1

62 2952 127 2996 esse
144 2933 361 3004 arbitrabatur,
385 2936 616 3013 quamprimum
633 2931 742 3012 oppido
762 2932 854 3009 potiri
869 2930 1021 2992 cohortes·

61 3019 175 3098 quoad
198 3037 229 3079 se
251 3021 283 3078 in
299 3025 395 3079 castra
409 3018 582 3086 traducere,
603 3035 641 3077 ne
663 3034 720 3094 qua
743 3022 793 3075 aut
814 3014 1022 3091 largitionibus

61 3110 113 3164 aut
126 3105 219 3164 animi
235 3103 458 3163 confirmatione
474 3109 525 3162 aut
539 3101 621 3162 salsis
637 3101 749 3160 nuntiis
765 3099 955 3159 commutatio
969 3100 1021 3158 lie·

60 3195 108 3247 ret
122 3187 296 3257 voluntatis,
319 3186 397 3266 quod
415 3203 504 3265 saepe
519 3188 551 3245 in
573 3184 650 3245 bello
671 3185 769 3262 parvis
788 3185 946 3254 momentis
961 3201 1021 3243 ma·

60 3272 113 3350 gni
133 3290 221 3332 casus
242 3271 480 3339 intercederent,
503 3275 601 3330 tamen
621 3270 748 3336 veritus,
770 3285 808 3327 ne
829 3267 957 3327 militum
976 3269 1048 3325 int

60 3355 154 3416 troitu
170 3364 200 3417 et
214 3356 353 3416 nocturni
369 3355 513 3432 temporis
534 3352 656 3413 licentia
672 3352 814 3432 oppidum
829 3351 1021 3431 diriperetur,

48 3457 128 3509 eos,
150 3440 201 3519 qui
222 3445 379 3508 venerant,
401 3437 548 3498 collaudat
568 3443 656 3519 atque
676 3438 709 3498 in
731 3435 879 3518 oppidum
891 3435 1031 3500 dimittit,

55 3530 161 3601 portas
176 3537 336 3601 murosque
356 3521 509 3586 adservari
530 3522 629 3588 iubet.
669 3522 743 3608 lpse
763 3520 804 3587 iu
819 3523 866 3584 iis
884 3516 1081 3600 operum&
