2356 3870
140 220 200 280 124
470 217 510 272 ott
525 218 628 276 BELLO
646 216 784 274 Gothico

138 381 168 440 in
184 383 354 458 superiores
371 388 455 439 erant
465 382 585 442 ordines
596 381 684 442 huius
698 380 822 458 legionis
834 378 969 448 traducti,
986 393 1024 439 ne
1035 387 1104 441 ante

105 530 109 538 ¹
137 471 252 541 partam
278 465 323 524 rei
348 461 484 523 militaris
509 463 626 526 laudem
653 467 837 531 amitterent,
866 463 1027 523 fortissime
1045 481 1102 543 pu·

106 556 121 604 o
137 552 260 623 guantes
276 546 477 607 conciderunt.
501 548 626 609 Militum
640 566 719 626 pars,
736 546 956 606 horumvirtute
971 548 1102 606 summo·

138 631 175 690 tis
198 628 346 697 hostibus,
370 636 489 707 praeter
507 629 595 711 'spem
614 631 770 691 incolumis
790 631 820 690 iu
841 637 936 690 castra
956 632 1102 708 pervenit,

28 717 36 755 ἲ
137 731 207 791 pars
223 731 239 772 a
254 713 391 773 barbaris
403 715 602 775 circumventa
616 717 714 793 periit.

103 803 115 852 t
157 835 160 840 -
196 795 324 856 XXXXI.
356 796 496 857 Germani
516 799 671 877 desperata
687 798 904 875 expugnatione
925 805 1102 864 castrorum,

138 879 218 956 quod
233 887 351 941 nostros
365 881 424 940 iam
430 882 597 942 constitisse
608 883 637 941 in
649 879 860 941 munitionibus
872 879 1017 948 videbant,
1035 898 1103 941 cum

139 981 172 1023 ea
187 963 307 1041 praeda,
324 980 412 1040 quam
426 965 457 1024 in
472 964 551 1024 silvis
565 965 771 1043 deposuerant,
789 970 870 1023 trans
885 963 1021 1023 Rhenum
1036 981 1104 1024 sese

105 1054 122 1102 2
137 1053 327 1124 receperunt.
358 1047 399 1106 hc
414 1053 512 1108 tantus
535 1049 589 1108 luit
604 1050 692 1107 etiam
707 1053 775 1125 post
795 1046 957 1107 discessum
971 1045 1102 1107 hostium

138 1137 252 1198 terror,
281 1136 313 1188 ut
333 1146 366 1188 ea
386 1137 487 1200 nocte,
515 1150 582 1191 cum
602 1130 691 1191 Gaius
713 1129 878 1191 Volusenus
898 1131 1008 1190 missus
1034 1148 1103 1190 cnm

43 1246 53 1259 κ
140 1214 273 1290 equitatu
289 1212 324 1272 ad
340 1219 436 1272 castra
451 1216 588 1282 venisset,
605 1214 763 1274 fidemnon
777 1214 897 1282 iaceret,
915 1212 1018 1273 adesse
1034 1231 1101 1273 cum

107 1296 280 1356 tlucolumi
302 1295 457 1356 Caesarem
486 1300 627 1358 exercitu.
671 1296 719 1356 Sic
739 1298 859 1356 omnino
879 1297 993 1357 animos
1013 1297 1103 1356 timor

138 1385 422 1458 praeoccupaverat,
439 1387 474 1439 nt
486 1399 581 1459 paene
595 1380 720 1441 alienata
734 1387 833 1440 mento
848 1377 953 1440 deletis
964 1379 1102 1440 omnibus

139 1463 234 1541 copiis
250 1463 412 1539 equitatum
428 1480 461 1522 so
477 1481 512 1523 ex
534 1465 602 1541 luga
621 1465 771 1541 recepisse
790 1462 924 1523 dicerent
943 1479 1040 1540 neque
1055 1465 1101 1523 in·

140 1544 248 1606 columi
281 1547 414 1606 exercitu
443 1546 605 1608 Germanos
637 1555 732 1608 castra
765 1553 985 1625 oppugnaturos
1010 1547 1103 1607 inisse

107 1640 124 1687 t
139 1628 363 1690 contenderent.
392 1629 486 1699 Quem
501 1632 640 1691 timorem
655 1631 787 1692 Caesaris
809 1629 950 1690 adrentus
971 1629 1099 1690 sustulit.

106 1721 118 1771 l
199 1711 343 1774 XXXXll.
381 1712 529 1775 Reversus
549 1713 613 1784 ille,
640 1721 763 1774 eventus
782 1711 853 1772 belli
874 1730 934 1773 non
949 1714 1100 1790 ignorans

138 1815 240 1865 unum,
257 1793 482 1873 quodcohortes
497 1816 533 1858 ex
548 1799 673 1858 statione
691 1805 721 1856 et
734 1796 883 1875 praesidio
899 1804 999 1857 essent
1014 1797 1100 1857 emis·

138 1898 202 1948 sae,
226 1887 347 1956 questus
371 1913 406 1923 -
424 1898 462 1940 ne
482 1882 604 1942 minimo
621 1880 740 1958 quidem
761 1897 830 1940 casn
855 1878 952 1940 locum
973 1879 1101 1956 relinqui

138 1963 277 2023 debuisse
299 1996 334 2007 -
358 1963 484 2024 multum
504 1965 650 2024 lortunan
672 1965 703 2024 in
723 1964 878 2042 repentino
898 1962 1027 2023 hostium
1050 1963 1100 2023 ad·

105 2055 121 2102 2
137 2053 227 2106 ventu
241 2047 375 2124 potuisse
388 2046 535 2117 indicavit,
551 2047 644 2106 multo
660 2049 747 2107 etiam
762 2046 897 2125 amplius,
914 2046 992 2123 quod
1007 2064 1102 2124 paene

28 2198 31 2205 ¹
138 2128 175 2190 ab
202 2131 267 2207 ipso
292 2129 368 2188 vallo
394 2132 549 2207 portisque
575 2137 740 2190 castrorum
768 2129 910 2190 barbaros
936 2131 1099 2190 avertisset.

108 2220 123 2269 3
139 2212 271 2282 Quarum
298 2213 430 2272 omnium
446 2231 548 2274 rerum
568 2215 694 2274 maxime
715 2212 918 2273 admirandum
935 2212 1099 2281 videbatur,

139 2295 220 2373 quod
242 2294 397 2365 Germani,
421 2298 472 2372 qui
493 2315 527 2357 eo
548 2297 670 2357 consilio
692 2296 828 2357 Rhenum
849 2297 1042 2365 transierant,
1069 2303 1102 2356 ut

136 2378 317 2455 Ambiorigis
336 2379 409 2438 lines
435 2379 700 2458 depopularentur,
727 2379 763 2439 ad
784 2386 880 2440 castra
900 2379 1101 2440 Romanorum

139 2461 228 2523 delati
243 2462 459 2540 optatissimum
473 2463 635 2541 Ambiorigi
650 2463 824 2523 beneficium
840 2462 1021 2523 obtulerunt.

109 2554 120 2601 1
200 2544 354 2605 xxxxlll.
384 2545 490 2606 Caesar
502 2565 607 2608 rursus
623 2547 658 2606 ad
673 2546 820 2607 vexandos
835 2545 934 2606 hostes
948 2547 1101 2626 proiectus

139 2645 244 2706 magno
267 2635 367 2688 coacto
393 2647 516 2690 numero
540 2648 576 2691 ex
593 2631 736 2690 *finitumis
763 2629 926 2691 civitatibus
946 2633 976 2690 in
998 2647 1102 2690 omnes

107 2718 237 2790 apartes
259 2712 387 2772 dimittit.
424 2711 534 2773 Omnes
555 2715 610 2773 vici
632 2721 720 2790 atque
741 2715 838 2773 omnia
858 2713 1002 2782 aedificia,
1026 2730 1101 2789 qrrae

138 2797 266 2872 quisque
285 2802 494 2874 conspexerat,
512 2797 760 2864 incendebantnr;
781 2795 891 2874 praeda
912 2814 947 2856 ex
963 2795 1101 2856 omnibns

107 2880 210 2939 atocio
226 2879 384 2956 agebatur;
406 2880 557 2940 frumenta
572 2899 632 2941 non
647 2880 742 2941 solum
758 2886 836 2939 tanta
852 2879 1040 2941 multitudine
1055 2881 1101 2939 iu·

138 2969 307 3022 mentorum
323 2958 411 3039 atqu'e
422 2962 576 3024 hominum
588 2962 847 3031 consumebantur,
864 2963 1014 3023 sedetiam
1032 2963 1100 3022 anni

138 3051 273 3122 tempore
289 3054 376 3121 atque
393 3046 538 3108 imbribus
552 3047 780 3126 procubuerant,
798 3053 839 3116 ut,
862 3048 887 3106 si
903 3048 952 3123 qni
968 3048 1054 3106 etiam
1069 3046 1099 3105 in

138 3129 306 3206 praesentia
321 3145 353 3188 se
369 3129 574 3200 occultassent,
593 3139 691 3192 tamen
702 3129 747 3189 his
762 3129 888 3189 deducto
904 3131 1036 3190 exercitu
1051 3147 1097 3190 re·

108 3219 205 3271 trum
227 3213 358 3271 onmium
379 3213 479 3291 inopia
501 3215 686 3293 pereundum
706 3213 865 3274 rideretur.
909 3216 950 3274 hc
965 3231 1055 3292 saepo
1069 3214 1100 3274 in

140 3312 207 3354 eum
223 3293 321 3355 locum
342 3302 461 3356 ventum
478 3305 523 3358 est
543 3305 623 3358 tanto
645 3301 674 3357 in
692 3298 786 3357 omnis
800 3299 893 3376 partis
908 3297 1001 3358 diviso
1015 3297 1100 3374 eqni·

139 3383 210 3446 tatu,
236 3384 269 3438 nt
283 3379 371 3439 modo
390 3381 485 3441 visum
506 3381 542 3442 ab
562 3399 594 3442 se
614 3380 812 3458 Ambiorigem
832 3382 863 3442 in
883 3383 952 3459 luga
973 3383 1100 3442 circum·

83 3481 87 3488 ·
138 3463 287 3543 spicerent
312 3464 416 3541 captivi
442 3483 498 3526 nec
524 3465 609 3543 plane
636 3466 722 3524 etiam
748 3463 845 3526 abisse
876 3484 912 3526 ex
939 3470 1100 3545 conspeetu
