2356 3870
274 217 441 275 ANTICAT.
456 217 635 276 APOPHTH.
667 218 873 276 EPISTULAE.
995 214 1054 279 137

459 402 688 466 EPISTULAE.

159 506 273 568 Sueten.
292 506 332 568 D.
349 506 408 569 Iul.
430 512 479 569 56.
520 509 673 585 Epistulae
696 529 813 587 quoque
831 510 952 570 eiusad
974 529 1057 570 sena·

91 600 158 656 tum
182 600 295 672 extant,
319 615 393 672 quas
416 598 529 673 primus
543 598 661 656 videtur
680 599 718 656 ad
739 599 864 674 paginas
878 601 909 658 et
930 599 1056 658 formam

93 685 274 745 memorialis
302 685 396 745 libelli
423 686 615 759 convertisse,
647 705 714 745 cum
745 689 833 744 antea
864 688 998 746 consules
1026 689 1057 746 et

94 774 182 832 duces
213 774 362 832 nonnisi
393 776 565 856 transversa
595 774 697 833 charta
733 773 857 849 scriptas
892 776 1055 834 mitterent.

93 861 205 919 Extant
228 865 258 919 et
279 861 318 918 ad
341 860 523 934 Ciceronem,
546 862 618 921 item
641 862 678 919 ad
701 861 862 920 familiares
888 862 1056 922 domesticis

67 989 71 997 .
94 949 132 1008 de
154 951 258 1023 rebus,
280 949 311 1006 in
335 949 442 1023 quibus
467 950 492 1007 si
516 967 574 1025 qua
596 950 739 1009 occultius
766 949 940 1024 perferenda
963 952 1056 1024 erant,

94 1056 148 1112 per
171 1039 257 1094 notas
281 1037 410 1111 scripsit,
433 1037 463 1095 id
487 1040 534 1096 est
556 1039 598 1097 sic
620 1040 733 1096 structo
755 1037 922 1096 litterarum
945 1038 1056 1111 ordine,

93 1127 129 1182 ut
151 1125 267 1181 nullum
280 1126 402 1183 verbum
417 1124 493 1183 effici
514 1129 628 1200 posset,
652 1143 728 1200 quae
743 1126 768 1182 si
786 1125 852 1200 quis
874 1126 1056 1201 investigare

95 1216 126 1270 et
156 1212 293 1287 persequi
317 1210 410 1280 volet,
437 1216 574 1288 quartam
606 1214 819 1272 elementorum
849 1214 994 1286 litteram,
1025 1214 1056 1271 id

96 1303 143 1358 est
165 1300 205 1366 1),
228 1318 282 1374 pro
304 1296 334 1357 A
358 1303 389 1359 et
410 1302 531 1375 perinde
553 1300 683 1376 reliquas
706 1303 874 1360 commutet.

163 1386 235 1446 Geli.
258 1386 340 1446 Neci.
363 1385 423 1446 Aa.
446 1384 560 1455 XVII,
590 1391 617 1448 9.
663 1388 745 1447 Libri
768 1392 838 1447 sunt
860 1389 1055 1467 epistularum

96 1472 127 1532 Ο.
153 1473 287 1534 Caesaris
309 1475 348 1533 ad
375 1473 406 1534 Ο.
430 1474 557 1551 Oppium
584 1480 615 1535 et
640 1476 769 1536 Balbum
796 1473 977 1550 Cornelium,
1005 1477 1056 1552 qui
1161 1484 1164 1491 '

95 1563 184 1621 rebus
208 1563 271 1621 eius
294 1563 425 1621 absentis
448 1566 598 1622 curabant.
642 1564 678 1622 ln
700 1565 746 1622 his
774 1564 909 1638 epistulis
937 1565 1056 1640 quibus·
1144 1556 1147 1563 ’

97 1651 166 1708 dam
188 1650 219 1708 in
246 1651 318 1708 locis
345 1651 537 1709 inveniuntur
558 1652 676 1710 litterae
700 1652 880 1726 singulariae
902 1652 966 1710 sine
993 1669 1057 1710 coa-

97 1738 225 1812 gmentis
249 1738 443 1812 syllabarum,
475 1742 606 1813 questu
634 1743 720 1812 putes
751 1739 863 1813 positas
894 1739 1055 1797 incondite:

96 1843 166 1883 nam
187 1827 279 1885 verba
302 1845 337 1885 ex
363 1825 409 1884 his
436 1826 545 1884 litteris
568 1825 670 1905 confici
696 1827 780 1884 nulla
805 1829 939 1900 possunt.
983 1827 1058 1884 Erat

97 1916 198 1972 autern
211 1915 388 1972 conventum
408 1914 551 1972 intereos
565 1914 780 1973 clandestinum
802 1913 838 1972 de
852 1914 1057 1972 commutando

98 2002 158 2059 situ
179 2001 361 2074 litterarum,
388 2005 422 2061 ut
448 2003 481 2060 in
508 2001 616 2077 scripto
639 2002 760 2077 quidem
781 2001 840 2060 alia
862 2002 938 2061 aliae
960 2002 1058 2060 locum

98 2093 129 2147 et
150 2107 258 2148 nornen
279 2093 407 2162 teneret,
431 2089 482 2148 sed
504 2091 536 2148 in
557 2090 683 2165 legendo
705 2090 786 2148 locus
809 2090 914 2165 cuique
937 2107 1008 2149 suus
1027 2092 1058 2149 et

98 2179 230 2252 potestas
256 2177 472 2237 restitueretur.
517 2175 667 2246 Quaenam
694 2196 764 2237 vero
790 2177 892 2237 littera
917 2196 970 2253 pro
998 2195 1058 2252 qua

98 2266 288 2338 scriberetur,
311 2268 380 2324 anto
401 2266 451 2339 iis,
475 2266 562 2325 sicuti
585 2267 660 2338 dixi,
683 2267 895 2341 complacebat,
917 2266 969 2341 qui
982 2266 1058 2324 hanc

98 2353 244 2412 scribendi
266 2353 412 2413 latebram
434 2355 587 2428 parabant
631 2355 687 2412 Est
708 2355 781 2414 adeo
803 2353 892 2413 Probi
912 2372 1058 2428 gramma

98 2441 148 2499 tici
171 2440 398 2499 commentarius
422 2442 494 2500 satis
517 2441 631 2500 curiose
657 2440 753 2499 factus
780 2442 817 2499 de
844 2441 959 2500 occulta
979 2442 1058 2500 litte-

97 2546 199 2586 rarum
235 2527 449 2603 significatione
485 2528 679 2602 epistularum
711 2526 742 2586 0.
775 2524 910 2586 Caesaris
943 2571 1057 2587 .........

99 2617 282 2690 scriptamm.

166 2701 198 2760 0.
215 2704 274 2762 Iul.
296 2701 392 2762 Victor
404 2701 467 2762 Ars
480 2703 562 2762 Rbct
577 2703 718 2763 XXVII.
733 2704 767 2762 de
780 2703 925 2777 Fpistolc's
936 2721 969 2776 p.
986 2705 1059 2764 266.

100 2789 141 2847 cd.
157 2788 206 2848 Or.
215 2808 248 2862 p.
265 2792 337 2848 124.
350 2791 395 2848 Μ.
411 2790 505 2862 (Rbct.
519 2791 587 2851 Lot
602 2792 678 2850 Mla.
693 2791 886 2864 edHolme.
897 2790 985 2862 448.)
1009 2789 1059 2848 So·

99 2877 162 2935 lent
189 2877 280 2936 etiam
301 2881 387 2937 notas
414 2879 493 2938 inter
519 2896 551 2937 se
579 2879 749 2952 secretiores
775 2878 896 2953 pacisci,
923 2877 1002 2953 quod
1029 2880 1060 2937 et

100 2963 208 3023 Caesar
232 2968 262 3026 et
284 2964 440 3042 Augustus
464 2969 494 3025 et
513 2964 614 3026 Cicero
637 2970 668 3026 et
689 2966 741 3024 alii
762 2966 896 3042 plerique
918 2965 1059 3026 fecerunt.

381 3112 417 3147 AD
434 3111 462 3147 Ι.
482 3110 601 3149 malurn
617 3112 773 3149 almonis.

373 3176 416 3244 [r.
435 3176 468 3230 u.
487 3175 516 3231 c
533 3176 789 3248 maxumin]

165 3268 223 3329 Cic.
250 3269 346 3344 Epist
368 3271 402 3336 Ι,
436 3272 468 3343 9,
503 3272 552 3329 12.
606 3272 641 3329 In
672 3272 727 3331 hae
758 3273 905 3331 sententia
935 3273 1060 3347 comple·

99 3356 222 3416 ctondus
254 3361 319 3416 erat
349 3359 423 3417 milri
451 3357 573 3433 Caesar,
605 3359 758 3433 atridae,
789 3361 820 3418 in
847 3361 1003 3419 coniuncta
1029 3363 1060 3419 et
1141 3359 1146 3371 ’

98 3462 187 3503 causa
210 3448 240 3504 et
262 3446 416 3520 dignitate.
462 3445 519 3505 Hic
540 3448 669 3506 multum
682 3448 777 3507 valuit
799 3451 968 3508 cumretus
988 3449 1065 3503 ami-

97 3534 179 3606 citia,
208 3551 296 3608 quam
319 3538 352 3593 tu
373 3553 434 3594 non
460 3535 585 3612 ignoras
605 3536 685 3598 milri
707 3539 742 3598 et
760 3535 881 3607 aarum
900 3532 1000 3590 tratis
1018 3544 1098 3582 am
