2356 3870
73 188 77 199 ’
130 234 172 301 52
416 236 562 293 necnon
576 236 798 292 mororum.

6 462 12 473 ,
131 391 296 457 mitterent,
320 387 416 448 donec
439 387 516 448 ultra
531 387 653 448 ultimos
669 385 761 447 colles
775 386 876 447 hostes
891 387 1096 466 reppulissent

92 482 111 530 s
132 481 220 553 atque
243 490 346 533 eorum
370 479 470 532 essent
490 474 589 550 potiti.
633 471 736 550 Itaque
759 472 845 548 signo
861 469 929 531 dato
945 474 977 532 in
993 471 1096 533 hostes

131 556 272 634 languide
295 556 354 616 tela
377 554 630 634 neglegenterque
651 557 798 615 mittentis
828 552 929 615 subito
957 557 1096 616 immittit

132 641 271 702 cohortes
303 647 477 718 turmasque
509 656 648 718 suorum3
682 646 770 716 atque
804 645 915 716 puncto
947 641 1097 718 temporis

132 723 271 785 hostibus
293 724 376 784 nullo
397 725 518 801 negotio
541 740 645 800 campo
667 721 777 801 pulsis,
807 730 875 801 post
904 721 1013 783 collem
1043 723 1095 784 de·

128 810 220 880 >iestis
241 809 323 868 nacti
345 809 443 868 Iocum
472 814 560 886 atque
588 807 632 866 ibi
654 807 807 885 paulisper
830 809 1020 878 commorati,
1042 809 1094 878 ita,

131 895 176 952 uti
199 899 285 953 erant
306 892 461 960 instructi,
485 891 595 952 leniter
617 909 648 950 se
672 890 709 951 ad
730 908 799 950 suas
820 893 973 969 recipiunt
994 893 1095 951 muni-

130 977 239 1038 tiones.
289 974 422 1053 Itemque
450 975 612 1035 adversarii
640 974 718 1034 male
748 976 864 1052 accepti
887 982 950 1034 tum
972 974 1096 1035 demum

131 1077 164 1120 se
186 1059 224 1119 ad
245 1076 298 1118 sua
320 1058 471 1136 praesidia
493 1057 696 1119 contulerunt.

96 1157 111 1204 1
194 1140 310 1202 XVIIII.
354 1141 478 1202 InterIm
501 1160 535 1202 ea
563 1160 596 1202 re
625 1150 708 1218 gesta
738 1149 767 1202 et
794 1141 911 1220 proelio
943 1141 1095 1220 dirempto

132 1244 169 1286 ex
191 1225 371 1286 adversariis
393 1226 552 1304 perfugere
575 1225 678 1303 plures
700 1243 736 1285 ex
758 1228 841 1286 omni
862 1244 974 1304 genere
997 1224 1094 1286 homi·

131 1328 215 1379 num,
238 1317 269 1369 et
289 1316 444 1388 praeterea
467 1311 629 1388 intercepti
646 1307 807 1388 [bostium]
824 1310 997 1388 complures
1009 1312 1094 1389 equi-

94 1401 177 1456 rtes
198 1392 382 1471 peditesque.
426 1392 470 1452 Ex
493 1392 603 1470 qulbus
625 1395 780 1470 cognitum
796 1401 841 1453 est
857 1393 1017 1454 consiIium
1041 1394 1094 1454 bo·

132 1479 234 1546 stium,
258 1495 308 1537 eos
330 1476 386 1537 hac
410 1484 508 1536 mente
524 1484 553 1536 et
568 1484 677 1536 conatu
699 1478 826 1546 venisse,
851 1484 884 1536 ut
905 1495 982 1537 novo
1005 1483 1094 1556 atque

131 1564 274 1622 inusitato
296 1578 406 1638 genere
429 1560 537 1638 proelii
557 1562 671 1620 tirones
685 1560 845 1638 legionarii
861 1563 1009 1640 paucique
1024 1578 1093 1640 per·

129 1645 245 1706 turbati
259 1644 400 1707 Curionis
422 1644 556 1722 exemplo
572 1643 609 1704 ab
626 1646 759 1723 equitatu
776 1646 974 1705 circumventi
991 1648 1093 1724 oppri-

95 1736 300 1800 emerentur,
331 1731 424 1790 etita
445 1727 609 1789 Labienum
632 1727 742 1788 dixisse
764 1745 818 1806 pro
841 1731 997 1797 contione,
1027 1737 1093 1790 tan·

131 1823 192 1875 tam
214 1831 280 1875 sese
301 1812 526 1874 multitudinem
548 1812 729 1872 auxIIIorum
752 1812 930 1875 adversariis
945 1812 1093 1874 submini-

131 1906 312 1967 straturum,
341 1903 376 1957 ut
402 1899 493 1957 etiam
520 1895 671 1957 caedendo
699 1898 732 1956 in
753 1897 818 1975 ipsa
838 1897 964 1958 victoria
987 1896 1093 1958 delati·

132 1984 193 2060 gati
215 1983 407 2042 vincerentur
428 1986 516 2057 atque
539 1998 556 2039 a
578 1981 641 2040 suis
664 1988 890 2059 superarentur,
914 1976 1025 2060 quippe
1041 1983 1093 2061 qui

132 2069 165 2125 in
186 2066 237 2125 illa
260 2083 293 2125 re
315 2062 374 2124 sibi
398 2063 577 2132 confideret,
600 2065 741 2142 primum,
765 2064 844 2144 quod
867 2065 1011 2135 audierat,
1034 2066 1093 2127 lio·

132 2166 198 2208 mae
231 2148 365 2224 legiones
396 2154 552 2208 veteranas
584 2147 744 2210 dissentire
778 2166 877 2227 neque
906 2151 940 2209 in
961 2150 1094 2211 Africam

131 2230 208 2292 velle
241 2233 384 2300 transire;
418 2230 540 2300 deiude,
575 2231 654 2310 quod
681 2234 813 2294 triennio
841 2234 873 2293 in
894 2234 995 2294 Africa
1024 2252 1094 2296 suos

133 2315 244 2376 milites
267 2321 400 2377 retentos
422 2315 640 2377 consuetudine
660 2315 765 2377 fideles
785 2316 845 2377 sibi
859 2318 919 2377 iam
934 2317 1092 2387 effecisset,

133 2401 261 2461 maxima
291 2407 391 2461 autem
422 2399 532 2461 auxilia
566 2398 693 2462 baberet
725 2400 919 2462 Numidarum
958 2403 1093 2480 equitum

132 2484 266 2563 levisque
288 2491 466 2554 armaturae,
489 2491 646 2562 praeterea
669 2502 705 2546 ex
726 2487 797 2562 luga
816 2485 991 2564 proelioque
1006 2485 1093 2546 Pom·

88 2618 92 2626 .
133 2564 447 2646 peiano‚[Labienus]
467 2586 546 2646 quos
568 2586 669 2630 secum
692 2587 708 2628 a
726 2568 887 2630 Brundisio
908 2577 1093 2648 transporta·

133 2657 218 2712 verat
249 2652 366 2729 equites
399 2651 562 2711 Germanos
591 2652 750 2729 Gallosque
783 2652 887 2732 ibique
920 2662 1024 2731 postea
1058 2672 1094 2714 ex

132 2733 282 2805 bihridis,
305 2733 459 2796 libertinis
481 2735 634 2814 servisque
657 2737 891 2815 conscripserat,
915 2746 1093 2813 armaverat,

132 2821 178 2880 uti
199 2821 332 2881 frenatos
354 2821 567 2890 constituerat,
597 2826 754 2900 praeterea
776 2823 859 2898 regia
881 2821 1008 2891 auxilia,
1033 2822 1093 2883 ele·

134 2904 255 2982 phantis
292 2916 362 2964 cxx
390 2904 566 2983 equitesque
593 2902 840 2974 Innumerabilis,
870 2904 978 2967 deinde
1001 2905 1093 2984 legio·

133 3005 187 3048 nes
215 2990 401 3067 conscriptas
429 3005 466 3048 ex
496 2987 725 3068 cuiusquemodi
749 2991 870 3068 generis
892 2990 1021 3067 amplius
1042 3003 1095 3052 ΧΠ

97 3071 266 3139 emilibus.
321 3070 385 3133 IIae
414 3088 467 3149 spe
497 3079 586 3151 atque
618 3072 742 3134 audacia
765 3073 965 3135 inflammatus
986 3073 1094 3136 Labie-

134 3173 191 3215 nus
223 3171 292 3215 cum
325 3154 478 3237 equitibus
507 3155 599 3218 Gallis
626 3157 842 3237 GermanIsque
872 3168 961 3226 unc,
990 3158 1095 3220 Numi·

133 3237 238 3299 darum
253 3239 318 3299 siue
341 3240 436 3301 irenis
456 3252 507 3300 v11
528 3240 664 3312 milibus,
685 3249 841 3322 praeterea
862 3242 1020 3304 Petreiano
1043 3261 1095 3303 au-

132 3322 207 3382 xilio
236 3320 374 3384 adhibito
402 3323 555 3403 equitibus
576 3336 666 3394 unc,
689 3326 823 3405 peditum
846 3345 881 3388 ac
902 3327 977 3388 Ievts
998 3344 1094 3389 arma·

132 3413 219 3468 turae
241 3414 381 3485 quartum
403 3415 501 3478 tanto,
524 3410 688 3486 sagittariis
710 3427 746 3472 ae
766 3410 972 3474 funditorIbus
987 3411 1095 3491 prpo·

124 3494 300 3574 teretisque
336 3490 564 3576 compluribus:
587 3492 636 3555 his
669 3495 764 3574 copiis
791 3505 828 3555 ιι.
857 3494 886 3556 d.
915 3494 989 3556 Non.
1018 3495 1095 3565 lan..
