2356 3870
159 207 201 272 12
408 211 554 270 sumum
567 210 871 270 insumentum,

158 362 276 442 pulerat
299 370 387 440 atque
409 362 442 422 iu
464 360 607 440 oppidum
628 360 786 439 redegerat
801 368 830 421 et
846 359 1014 423 cohortium
1028 361 1125 427 trium

157 449 253 507 instar
275 447 307 506 iu
329 453 442 506 terram
464 452 643 524 exposuerat
668 474 712 490 -·
738 463 799 506 uon
822 446 903 506 enim
924 445 1028 522 plures
1048 461 1126 508 con·

74 589 79 596 ,
157 531 265 591 sistere
288 531 442 606 angustiae
464 527 524 590 loct
545 527 738 608 patiebantur
764 548 823 597 -—;
851 528 988 607 reliquae
1016 529 1124 606 copiae

117 613 188 674 tin
210 611 337 673 naribus
365 615 525 674 stationem
553 612 740 691 optinebant.
791 612 856 685 Quo
883 613 964 673 lacto
993 613 1126 692 imporat

157 702 279 774 pontem
301 696 442 758 adversus
464 696 581 758 bostem
603 697 781 775 praevallari
803 704 849 766 et,
872 713 932 776 qua
953 698 1053 757 exitus
1067 712 1125 757 aa·

158 779 246 840 vibus
269 787 333 841 erat
356 781 472 841 fornica
500 787 669 859 exstructo,
704 799 763 861 quo
796 794 872 859 pons
903 779 1121 850 sustinebatur,

119 873 137 923 5
156 862 308 942 lapidibus
330 864 447 943 oppleri
470 863 711 944 atqueobstrui.
755 864 889 937 Quorum
912 864 1007 926 altero
1027 880 1124 942 opere

158 947 279 1016 effecto,
304 955 336 1007 ut
358 947 441 1008 ncilla
463 949 584 1009 omnino
606 948 716 1027 scapha
744 948 846 1026 egredi
874 956 990 1026 posset,
1024 947 1124 1010 altero

155 1031 294 1092 instituto
321 1046 426 1092 omnes
453 1031 722 1094 Alexandrinorum
750 1035 854 1111 copiae
884 1049 920 1094 ex
948 1030 1059 1111 oppido
1088 1050 1124 1094 se

156 1117 313 1175 eiecerunt
335 1122 365 1175 et
387 1120 492 1177 contra
513 1118 700 1178 munitiones
722 1118 821 1194 pontis
844 1116 950 1178 latiore
965 1115 1034 1177 loco
1048 1132 1122 1177 con·

156 1201 316 1267 stiterunt,
339 1197 503 1276 eodemque
527 1207 677 1278 tempore,
706 1218 782 1279 quae
804 1208 1038 1269 consueverant,
1067 1215 1124 1261 na·

156 1284 236 1360 rigia
257 1296 312 1360 per
333 1289 440 1359 pontes
463 1282 500 1342 ad
521 1283 661 1344 incendia
684 1286 892 1344 onerariarum
915 1285 1054 1344 emittere
1083 1281 1124 1343 ad

120 1365 265 1429 omolem
287 1367 518 1425 constituerunt.
567 1364 761 1442 Pugnabatur
789 1383 805 1424 a
833 1363 922 1424 nobis
953 1378 990 1424 ex
1017 1370 1123 1442 ponte,

156 1466 193 1508 ex
214 1447 308 1515 mole;
332 1445 369 1506 ab
392 1446 454 1507 illis
475 1463 512 1507 ex
535 1464 619 1515 area,
642 1464 718 1526 quae
741 1456 807 1509 erat
828 1446 972 1508 adversus
985 1454 1123 1526 pontem,

93 1540 96 1544 ’
156 1539 187 1594 et
209 1550 245 1591 ex
268 1529 394 1591 navibus
415 1537 519 1592 contra
541 1530 661 1591 molem.

122 1631 136 1680 1
220 1614 282 1676 xx.
328 1615 361 1674 ln
399 1614 448 1674 his
484 1613 578 1675 rebus
610 1622 758 1693 occupato
791 1615 918 1686 Caesare
948 1615 1124 1694 militesque

157 1698 295 1760 hortante
329 1701 477 1776 remigum
512 1715 639 1776 magnus
666 1716 810 1760 numerus
838 1708 869 1759 et
896 1699 1124 1760 classiariorum

120 1799 194 1848 aex
222 1781 320 1861 longis
346 1782 472 1843 navibus
500 1786 611 1844 nostris
640 1785 671 1843 in
699 1782 809 1843 molem
837 1801 869 1842 se
898 1783 998 1843 eiecit.
1047 1782 1125 1843 Pars

158 1884 262 1926 eorum
275 1866 375 1927 studio
391 1867 546 1944 spectandi
570 1865 733 1934 ferebatur,
757 1883 827 1945 pars
849 1866 938 1927 etiam
954 1865 1124 1945 cupiditate

156 1950 321 2028 pugnandi.
374 1949 412 2009 lli
444 1952 575 2027 primum
608 1952 725 2028 navigia
753 1951 883 2011 hostiurn
913 1949 1065 2028 lapidibus
1086 1967 1123 2010 ao

158 2033 260 2094 lundis
282 2049 298 2093 a
319 2033 397 2093 mole
420 2031 609 2108 repellebant
630 2048 664 2092 ac
686 2033 814 2095 multum
844 2035 989 2111 proficere
1016 2033 1123 2094 multi·

119 2116 263 2183 etudine
286 2114 415 2176 telorum
439 2114 626 2176 videbantur.
677 2117 736 2177 Sed
764 2127 930 2196 postquam·
951 2117 1028 2178 ultra
1052 2134 1123 2178 eum

157 2200 258 2260 locum
280 2198 317 2258 ab
340 2199 435 2259 latere
458 2217 562 2260 eorum
585 2208 689 2278 aperto
711 2203 775 2261 ausi
798 2209 868 2261 sunt
890 2200 992 2278 egredi
1015 2218 1050 2260 ex
1066 2217 1124 2261 na·

157 2283 245 2343 vibus
266 2282 459 2345 Alexandrini
482 2285 584 2362 pauci,
609 2292 643 2344 ut
664 2286 729 2346 sine
752 2286 844 2362 signis
865 2288 1016 2363 certisque
1038 2284 1122 2345 ordi·

158 2367 263 2437 nibus,
292 2368 356 2428 sine
380 2368 496 2429 ratione
526 2367 713 2445 prodierant,
749 2369 791 2428 sic
823 2376 936 2429 temere
970 2371 1003 2428 in
1031 2385 1125 2430 naves

121 2454 263 2530 cingere
290 2460 467 2531 coeperunt.
524 2451 658 2523 Quorum
688 2453 756 2528 luga
783 2453 899 2513 incitati
926 2451 1123 2513 Alexandrini

158 2535 262 2613 plnres
284 2554 319 2597 ex
342 2536 467 2596 navibus
490 2535 722 2612 egrediebantur
744 2545 921 2614 nostrosque
937 2538 1037 2596 acrius
1051 2553 1122 2614 per·

157 2617 294 2678 turbatos
316 2618 564 2698 insequebantur.
609 2619 720 2687 Simul,
746 2621 850 2697 quiin
873 2619 999 2680 naribus
1021 2619 1125 2698 longis

158 2708 380 2770 remanserant,
409 2703 505 2764 scalas
526 2720 635 2780 rapere
657 2719 805 2782 nauesque
827 2721 844 2762 a
867 2711 947 2764 terra
969 2703 1122 2781 repellero

119 2783 376 2865 aproperabant,
410 2803 448 2847 ne
480 2787 582 2848 hostes
613 2786 738 2848 navibus
771 2789 950 2866 potirentur.
1004 2785 1124 2857 Quibus

157 2869 299 2930 omnibus
334 2869 427 2930 rebus
463 2870 632 2950 perturbati
668 2872 780 2932 milites
816 2873 912 2931 nostri
951 2870 1123 2931 cohortium

156 2956 267 3023 trium,
291 2973 366 3031 quae
390 2956 421 3015 in
443 2963 534 3033 ponte
557 2973 592 3016 ac
613 2959 711 3032 prima
725 2955 804 3015 mole
820 2956 1028 3023 constiterant,
1051 2971 1122 3015 cum

156 3046 225 3116 post
247 3055 279 3098 se
301 3038 463 3100 clamorem
486 3038 679 3107 exaudirent,
710 3041 812 3116 lugam
834 3056 958 3099 suorum
972 3038 1122 3107 viderent,

157 3138 297 3198 magnam
320 3123 377 3181 vim
399 3121 528 3183 telorum
551 3122 667 3183 adversi
679 3126 875 3190 sustinerent,
899 3124 997 3191 veriti,
1021 3141 1058 3183 ne
1082 3122 1123 3183 ab

157 3213 243 3281 tergo
266 3206 556 3266 circumvenirentur
578 3214 608 3267 et
631 3207 764 3268 discessu
783 3209 904 3266 navium
927 3207 1048 3266 omnino
1070 3224 1123 3268 re·

126 3289 221 3370 ,dim
245 3288 533 3360 intercluderentur,
563 3291 761 3351 munitionem
783 3293 815 3350 in
838 3297 929 3367 ponte
951 3292 1122 3351 institutam

157 3373 347 3450 reliquerunt
369 3381 399 3433 et
420 3390 529 3452 magno
551 3390 642 3434 cursu
670 3375 785 3435 incitati
813 3375 850 3435 ad
878 3392 969 3435 nares
995 3382 1122 3433 conten·

112 3457 276 3530 aderunt.
326 3457 461 3528 Quorum
490 3475 559 3539 pars
587 3460 738 3537 proximas
759 3465 845 3519 nacta
871 3476 962 3519 nares
983 3457 1123 3519 multitu·
