2354 3864
245 195 359 253 ΟΟΜΜ.
373 197 421 253 ΙΠ.
443 196 521 254 ΟΑΡ.
535 196 829 256 xxxxviiii-Lm.
976 193 1018 258 93

55 364 147 426 Cuius
158 363 315 424 consilium
326 363 604 442 reprehendendum
617 382 676 424 non
689 365 817 425 videtur.
840 365 923 425 Aliae
935 366 1041 425 enimi

55 456 125 510 sunt
145 449 236 525 legati
258 455 359 526 partes
379 455 468 527 atque
489 450 694 526 imperatoris:
716 449 791 509 alter
811 451 909 509 omnia
927 467 1016 527 agere

55 534 93 594 ad
108 534 337 612 praescriptum,
351 532 427 591 alter
437 531 533 593 libere
545 532 581 592 ad
593 550 737 594 summam
748 551 848 594 rerum
861 532 1016 594 consulere

55 616 155 679 debet.
190 616 268 677 Sulla
291 634 307 675 a
322 616 448 677 Caesare
463 614 625 696 praesidio
641 619 747 678 castris
760 618 884 680 relictus
902 617 1040 678 libera-a

55 704 95 763 tis
110 703 173 762 suis
187 700 243 760 hoc
259 701 316 761 luit
332 708 490 761 contentus
504 719 601 782 neque
617 701 732 781 proelio
744 703 898 764 decertare
913 702 1014 771 voluit,

54 803 131 866 quae
147 802 197 844 res
211 792 310 845 tamen
325 786 452 845 fortasse
469 784 597 864 aliquem
612 788 763 865 reciperet
778 805 888 857 casum,
906 805 944 846 ne
960 789 1016 847 im·

54 871 220 950 peratorias
240 868 298 929 sibi
320 876 422 947 partes
441 871 602 947 sumpsisse
624 871 787 931 videretur.
827 871 1043 950 Pompeianiso

54 971 193 1031 magnam
213 972 262 1014 res
282 953 319 1014 ad
342 960 496 1033 receptum
517 953 721 1015 difficultatem
742 954 907 1016 adferebat.
942 954 1017 1015 Nam

55 1056 91 1099 ex
110 1041 215 1117 iniquo
235 1039 386 1117 progressi
407 1038 471 1099 loco
492 1040 524 1098 in
546 1055 661 1098 summo
683 1041 892 1100 constiterant:
916 1041 1017 1119 siper

55 1123 168 1184 declive
185 1140 249 1183 sese
266 1124 446 1201 reciperent,
469 1129 587 1182 nostros
603 1140 639 1183 ex
654 1126 810 1201 superiore
824 1125 1017 1204 insequentes

54 1207 122 1269 loco
137 1205 333 1278 verebantur;
356 1225 452 1286 neque
467 1206 594 1267 multum
609 1207 645 1267 ad
662 1207 733 1268 solis
747 1226 885 1269 occasum
902 1217 1016 1288 tempo·

54 1294 100 1352 ris
114 1298 285 1372 supererat:
311 1310 362 1370 spe
378 1293 459 1352 eninr
474 1291 652 1352 conficiendi
672 1294 787 1370 negotii
807 1310 901 1372 prope
916 1296 948 1354 in
962 1310 1015 1353 no-

55 1381 133 1436 otem
159 1393 224 1435 rem
249 1376 402 1436 duxerant.
443 1376 487 1436 Ita
510 1379 678 1437 necessario
705 1384 793 1456 atque
818 1396 857 1438 ex
880 1382 1042 1457 tempore?

55 1467 142 1539 capto
169 1460 292 1520 consilio
317 1460 476 1538 Pompeius
504 1461 650 1521 tumulum
679 1459 826 1540 quendam
850 1463 1014 1541 occupavit,
1115 1490 1120 1501 ·

55 1546 107 1624 qui
133 1552 249 1604 tantum
270 1543 373 1604 aberat
393 1564 410 1605 a
432 1551 533 1605 nostro
549 1536 684 1614 dastello,
705 1553 737 1606 ut
756 1545 848 1605 telum
869 1552 1016 1606 tormento

54 1630 179 1690 missum
195 1629 274 1705 adigi
295 1647 355 1688 non
374 1635 485 1707 posset.
521 1629 583 1688 lloc
598 1628 733 1689 consedit
752 1628 818 1689 loco
839 1636 927 1708 atque
949 1647 1016 1689 eum

55 1715 251 1775 communivit
266 1728 428 1789 omnesque
443 1711 487 1772 ibi
503 1714 603 1790 copias
618 1714 774 1772 continuit.

118 1797 182 1860 Lll.
217 1797 328 1858 Eodem
348 1804 482 1875 tempore
499 1795 616 1856 duobus
635 1804 793 1875 praeterea
814 1797 888 1858 locis
902 1802 1043 1876 pugna-1

55 1890 119 1944 tum
135 1890 195 1942 est:
211 1899 279 1942 nam
294 1881 380 1960 plura
396 1880 515 1941 castella
530 1879 687 1960 Pompeius
699 1883 814 1960 pariter
829 1881 1016 1942 distinendae

55 1984 161 2027 manus
177 1984 264 2027 causa
280 1972 489 2044 temptaverat,
511 1983 548 2025 ne
564 1983 600 2025 ex
614 1967 759 2044 proximis
774 1965 934 2045 praesidiis
949 1984 1016 2026 suc·

56 2053 138 2112 curri
153 2057 263 2129 posset.
294 2050 358 2110 Uno
373 2049 438 2109 loco
453 2050 602 2110 Volcatius
611 2049 715 2111 Tullus
729 2053 873 2129 impetum
887 2051 1042 2127 legionisil

56 2137 200 2196 sustinuit
214 2133 387 2194 cohortibus
401 2133 498 2194 tribus
513 2140 600 2213 atque
616 2152 681 2194 eam
695 2135 761 2195 loco
777 2134 906 2213 depulit:
922 2135 1016 2195 altero

55 2219 197 2280 Germani
217 2219 307 2279 extro
327 2220 508 2278 munitiones
532 2226 649 2279 nostras
675 2222 789 2296 egressi
814 2218 1017 2299 compluribus

55 2304 223 2364 interiectis
238 2321 304 2363 sese
319 2301 356 2363 ad
372 2320 440 2362 suos
455 2302 619 2363 incolumes
633 2310 823 2382 receperunt.

118 2386 195 2447 Llll.
225 2385 268 2446 lta
284 2404 342 2447 uno
358 2387 406 2446 die
418 2400 454 2447 vr
469 2386 594 2465 proeliis
607 2387 704 2457 lactis,
720 2387 819 2448 tribus
833 2387 870 2448 ad
884 2386 1042 2466 Dyrrha-1

56 2471 173 2539 chium,
194 2470 291 2530 tribus
307 2470 343 2530 ad
359 2472 553 2540 munitiones,
577 2488 645 2531 cum
664 2471 772 2532 horum
786 2473 917 2532 omnium
938 2473 1016 2530 ratio

55 2555 228 2624 haberetur,
251 2555 287 2614 ad
304 2555 362 2615 duo
377 2556 459 2616 milia
474 2573 599 2616 numero
614 2574 651 2615 ex
666 2555 858 2636 Pompeianis
872 2555 1016 2616 cecidisse

56 2639 298 2719 reperiebamus,
324 2646 459 2699 evocatos
477 2642 725 2719 centurionesque
746 2640 913 2720 complures
927 2673 969 2684 -
983 2641 1017 2700 in

56 2743 91 2784 eo
107 2725 165 2785 fuit
185 2740 309 2783 numero
324 2721 461 2784 Valerius
476 2723 600 2785 Flaccus
619 2724 652 2785 L.
668 2725 756 2794 filius,
773 2727 848 2795 eius,
864 2726 915 2804 qui
928 2743 1016 2803 prae·

55 2816 103 2869 tor
128 2808 228 2868 Asiam
253 2807 424 2868 obtinuerat
448 2829 505 2878 ·-;
536 2810 678 2886 signaque
705 2815 774 2870 sunt
798 2809 939 2869 militaria
965 2827 1017 2868 sex

55 2892 159 2954 relata.
189 2890 290 2952 Nostri
306 2910 366 2952 non
381 2892 507 2971 amplius
521 2905 571 2952 xx
585 2891 723 2953 omnibus
738 2901 807 2955 sunt
826 2892 950 2972 proeliis
966 2892 1044 2952 de-tt

56 2977 189 3037 siderati.
222 2976 280 3036 Sed
295 2979 326 3036 in
343 2975 464 3037 castello
478 2995 567 3037 nemo
581 2978 640 3037 fuit
654 2980 774 3037 omnino
790 2977 926 3047 militum,
943 2979 1043 3056 quina

55 3061 277 3130 vulneraretur,
306 3068 504 3141 quattuorque
531 3080 567 3122 ex
592 3078 650 3121 una
676 3061 797 3122 cohorte
827 3063 1017 3123 centuriones

57 3145 158 3206 oculos
179 3148 353 3206 amiserunt.
389 3147 509 3207 Etcum
530 3145 642 3205 laboris
657 3147 703 3205 sui
725 3146 911 3227 periculique
932 3149 1046 3207 testi-4

55 3232 190 3290 monium
206 3230 324 3290 adferre
339 3230 456 3301 vellent,
469 3230 551 3291 milia
566 3231 740 3306 sagittarum
761 3233 882 3292 circiter
896 3244 971 3291 xxx
984 3232 1017 3291 in

56 3314 211 3375 castellum
234 3317 367 3376 coniecta
389 3315 509 3376 Caesari
528 3315 791 3384 renuntiaverunt,
817 3323 959 3395 scutoque
979 3315 1017 3376 ad

57 3416 126 3457 eum
141 3398 235 3459 relato
251 3398 380 3460 Scaevae
397 3401 595 3469 centurionis,
619 3400 739 3460 inventa
755 3401 870 3461 suntin
885 3417 920 3460 eo
937 3401 1016 3460 lora-

56 3483 139 3542 mina
154 3494 235 3544 cxx.-
263 3480 358 3553 Quem
369 3483 487 3568 Caesar,
504 3491 537 3545 ut
552 3489 618 3544 erat
632 3482 669 3543 de
685 3501 718 3545 se
732 3485 857 3544 meritus
871 3491 901 3543 et
916 3483 952 3544 de
967 3490 1041 3545 reo

570 3714 587 3739 ἱ
