2356 3870
361 213 475 270 coMM.
489 215 511 270 1.
533 214 610 271 CAP.
624 215 796 272 LVI—LXI.
1012 212 1054 277 29

92 379 220 442 navibus
240 378 411 440 obiciebant
432 388 519 458 atquc
540 382 649 441 iniecta
665 400 754 442 manu
774 383 873 443 terrea
887 389 918 443 et
937 390 1053 444 retenta

91 473 220 544 utraque
236 481 309 525 nave
326 464 438 524 diversi
458 463 630 541 pugnabant
652 474 739 544 atque
761 468 792 525 in
814 466 942 527 bostium
964 485 1053 527 naves

91 546 359 622 transcendebant,
388 555 417 607 et
436 565 543 625 magno
563 566 687 609 numero
708 548 882 610 Albicorum
902 558 932 610 et
953 558 1052 629 pasto·

92 651 162 693 rum
176 633 333 693 interfecto
348 638 464 709 partem
479 633 598 692 navium
613 632 794 711 deprimunt,
815 632 971 695 nonnullas
986 652 1054 695 cum

92 715 267 778 bominibus
286 717 421 794 capiunt,
442 715 573 794 reliquas
591 717 624 776 in
643 724 762 795 portum
783 718 973 796 compellunt.
1008 719 1079 778 Eoo

92 801 143 861 die
159 818 250 859 naves
264 799 493 860 Massiliensium
507 817 575 860 oum
589 801 637 869 iis,
654 808 814 879 quaesunt
830 808 943 880 captae,
959 804 1053 862 inter·

93 903 133 945 eu
156 891 271 944 tvlnl.

157 966 272 1027 LVllll.
307 967 369 1028 Hoc
389 969 519 1046 primum
537 967 656 1028 Caesari
677 968 714 1029 ad
735 969 862 1029 Ilerdam
883 972 1079 1040 nuntiatur;1

94 1050 184 1113 simul
200 1051 333 1130 perlecto
353 1058 444 1129 ponte
459 1050 599 1112 celeriter
618 1053 736 1113 fortuna
750 1059 892 1114 mutatur.
921 1053 968 1114 llli
983 1062 1079 1132 per-u

93 1137 196 1198 territi
211 1137 319 1196 virtute
335 1138 468 1214 equitum
483 1137 583 1196 minus
596 1135 706 1206 libere,
729 1139 830 1198 minus
850 1137 990 1199 audacter
1007 1155 1053 1199 va·

93 1219 256 1299 gabantur,
278 1219 352 1279 alias
371 1237 431 1279 non
450 1219 570 1296 longoa
591 1221 697 1281 castris
717 1224 867 1298 progressi
888 1224 999 1301 spatio,
1021 1229 1056 1280 ut

93 1304 226 1365 celerem
236 1311 392 1381 receptum
402 1302 557 1372 baberent,
570 1306 725 1380 angustius
739 1304 967 1384 pabulabantur,
981 1307 1055 1366 alias

93 1389 229 1466 longiore
245 1389 375 1448 circuitu
389 1387 540 1448 custodias
555 1390 756 1469 stationesque
767 1391 901 1468 equitum
911 1389 1053 1457 vitabant,

94 1478 148 1533 aut
168 1472 269 1550 aliquo
289 1481 411 1551 accepto
432 1471 611 1531 detrimento
634 1479 685 1532 aut
709 1473 813 1552 procul
838 1476 972 1554 equitatu
991 1475 1055 1534 viso

95 1575 133 1617 ex
147 1555 247 1616 medio
261 1557 370 1616 itinere
390 1557 531 1634 proiectis
551 1558 679 1616 sarcinis
698 1555 863 1634 fugiebant.
900 1558 1081 1618 Postremos

95 1647 126 1700 et
140 1640 246 1719 plures
259 1641 458 1701 intermittere
473 1639 539 1699 dies
553 1647 584 1699 et
600 1648 720 1717 praeter
734 1640 978 1706 consuetudinem
993 1659 1055 1701 om·

95 1727 181 1785 nium
196 1730 285 1784 noctu
299 1725 516 1784 constituerant
529 1723 674 1802 pabulari.

159 1806 221 1868 LX.
261 1807 386 1867 Interim
414 1806 559 1868 Oscenses
583 1814 613 1867 et
636 1806 861 1885 Calagurritani,
888 1810 940 1888 qui
953 1815 1078 1879 ,erant1

96 1910 167 1953 cum
182 1890 364 1957 Oscensibus
383 1891 557 1960 contributi,
573 1893 697 1952 mittunt
711 1891 747 1952 ad
763 1910 831 1953 eum
848 1891 961 1970 legatos
976 1909 1055 1953 sese·

97 1993 156 2055 que
183 1977 329 2054 imperata
354 1976 483 2036 facturos
507 1975 695 2055 pollicentur.
735 1975 796 2037 Hos
815 1975 1081 2038 Tarraconensesa

94 2068 129 2120 et
142 2059 274 2120 Iacetani
288 2066 318 2120 et
325 2060 467 2120 Ausetani
482 2067 512 2119 et
526 2061 629 2138 paucis
643 2067 710 2138 post
721 2059 827 2121 diebus
837 2060 1056 2138 Illurgavonen-

98 2161 162 2212 ses,
182 2145 234 2221 qui
254 2142 366 2204 flumen
382 2143 528 2205 Hiberum
549 2146 713 2222 attingunt,
734 2147 941 2224 insequuntur.
977 2145 1083 2205 Petito

98 2226 136 2288 ab
151 2227 199 2287 his
214 2226 361 2297 omnibus,
377 2235 412 2288 ut
423 2245 455 2287 se
470 2228 619 2289 frumento
633 2230 745 2289 iuvent.
772 2229 954 2291 Pollicentur
969 2236 1056 2309 atque

98 2310 238 2372 omnibus
258 2311 390 2391 undique
413 2313 589 2391 conquisitis
614 2313 756 2373 iumentis
777 2315 809 2373 in
831 2321 928 2375 castra
950 2312 1056 2392 depor-

98 2401 174 2456 tant.
209 2395 331 2456 Transit
350 2397 441 2456 etiam
462 2395 568 2456 cohors
588 2395 837 2474 Illurgavonensis
858 2397 894 2458 ad
920 2415 988 2458 eum
1006 2404 1082 2457 oo·t

98 2479 181 2556 guito
205 2480 331 2540 civitatis
359 2479 484 2539 consilio
514 2487 544 2540 et
572 2481 657 2558 signa
686 2499 723 2540 ex
747 2484 875 2542 statione
904 2482 1055 2542 transfert.

98 2563 204 2639 llagna
219 2563 358 2623 celeriter
373 2565 563 2624 commutatio
578 2582 689 2625 rerum.
720 2563 856 2626 Perlecto
871 2573 975 2643 ponte,
994 2572 1083 2625 ma·5
1127 2565 1130 2569 ’

99 2649 167 2724 gnis
182 2649 314 2726 quinque
330 2646 500 2708 civitatibus
514 2647 551 2709 ad
571 2650 733 2709 amicitiam
748 2648 904 2719 adiunctis,
921 2649 1058 2728 expedita

98 2748 133 2791 re
148 2731 353 2800 frumentaria,
369 2733 510 2792 extinctis
524 2732 695 2793 rumoribus
710 2733 745 2793 de
761 2733 881 2793 auxiliis
896 2734 1057 2810 legionum,

99 2832 176 2895 quae
197 2833 265 2875 cum
279 2815 421 2894 Pompeio
442 2833 496 2894 per
517 2814 725 2877 Mauritaniam
746 2820 848 2877 venire
870 2816 1057 2885 dicebantur,

99 2898 209 2960 multae
235 2899 457 2978 longinquiores
478 2901 613 2961 civitates
633 2900 670 2960 ab
691 2901 814 2961 Afranio
835 2900 1003 2960 desciscunt
1030 2907 1060 2961 et

100 2982 237 3045 Caesaris
252 2985 414 3045 amicitiam
425 2992 601 3062 sequuntur.

162 3067 237 3128 Lxr.
273 3065 388 3139 Quibus
402 3067 494 3129 rebus
508 3069 677 3147 perterritis
697 3071 804 3146 animis
818 3068 1057 3129 adversariorum
1071 3077 1084 3125 1

100 3150 224 3222 Caesar,
245 3170 282 3212 ne
299 3170 416 3232 semper
432 3169 538 3230 magno
554 3155 682 3214 circuitu
702 3171 758 3232 per
775 3161 895 3232 pontem
910 3156 1060 3233 equitatus

100 3243 180 3296 esset
198 3234 376 3305 mittendus,
404 3243 508 3297 nactus
529 3236 668 3297 idoneum
693 3237 804 3307 locum,
831 3238 926 3298 fossas
950 3238 1059 3317 pedum

99 3321 227 3381 xxxin
249 3320 436 3386 latitudinem
459 3320 627 3399 complures
651 3321 751 3381 lacere
779 3324 923 3391 instituit,
950 3321 1060 3401 quibus

99 3411 217 3484 partem
229 3404 358 3484 aliquam
370 3404 483 3465 Sicoris
497 3411 647 3464 averteret
658 3405 823 3484 vadumque
839 3408 870 3465 in
886 3423 922 3466 eo
937 3405 1059 3465 llumine

100 3488 244 3550 eiliceret.
271 3487 325 3548 llis
338 3506 434 3568 paene
450 3488 563 3549 effectis
573 3505 717 3571 magnum
730 3492 767 3555 in
779 3492 928 3555 umorem
935 3491 1110 3550 tironensi
