2356 3870
326 227 441 285 comit.
455 227 503 284 111.
526 225 602 284 CAP.
618 225 789 284 cx-cxn.
980 221 1040 287 123

76 415 168 459 naves
191 394 382 475 inprudentia
403 401 454 454 aut
473 401 650 472 tempestate
671 393 790 472 paulum
808 411 966 454 succursu
986 393 1039 455 de·
1119 400 1122 408 ⁴

76 488 242 550 cesserunt,
264 479 317 539 has
331 496 415 538 more
430 478 614 556 praedonum
633 478 765 557 diripere
780 485 970 538 consuerunt.
998 479 1067 539 list

76 572 177 627 autem
197 565 314 632 invitia,
337 560 478 641 aquibus
491 561 606 623 Pharus
627 569 760 631 tenetur,
782 580 842 622 non
861 569 1038 642 potestesse

76 656 201 729 propter
217 648 367 724 angustias
381 646 506 707 navibus
521 653 662 706 mtrortus
683 664 715 706 1n
735 652 864 724 portum.
894 645 956 706 lloo
973 653 1063 706 tumo

75 735 190 793 veritus
206 731 314 792 Caesar
329 729 463 792 hostibus
482 732 513 790 in
527 747 625 808 pugna
637 731 788 808 occupatis
799 727 1037 810 militibus[que]

77 819 221 895 expositis
235 814 364 876 Pharum
384 814 546 893 prehendit
566 821 654 890 atque
673 812 717 875 ibi
731 814 912 892 praesidium
927 817 1037 892 posuit.

76 899 193 970 Quibus
208 908 254 960 est
267 898 359 959 rebus
374 898 520 968 ellectum,
542 904 575 959 ut
592 904 657 958 tuto
671 898 854 958 frumentum
870 898 1065 977 auxiliaqueo

75 983 201 1044 navibus
222 983 258 1043 ad
281 1001 349 1043 eum
369 981 540 1061 subportari
564 989 695 1061 possent.
735 980 856 1043 Dimisit
881 984 961 1042 enim
980 984 1039 1042 cir·

76 1086 145 1129 cum
161 1085 264 1128 omnes
278 1069 461 1145 propinquas
474 1069 644 1146 provincias
658 1073 746 1146 atque
761 1065 832 1126 inde
845 1066 954 1127 auxilia
970 1084 1038 1126 evo·

75 1155 165 1213 cavit.
204 1150 338 1230 Reliquis
363 1151 465 1230 oppidi
494 1149 630 1229 partibus
654 1151 698 1211 sic
725 1157 770 1210 est
799 1158 975 1229 pugnatum,
1006 1155 1067 1211 ut‘l

76 1254 171 1315 aequo
196 1233 309 1314 proelio
333 1234 538 1296 discederetur
563 1241 593 1295 et
617 1236 717 1295 neutri
743 1234 987 1314 pellerentur-
1006 1234 1038 1295 id

76 1319 248 1381 efficiebant
268 1321 420 1396 angustiae
441 1318 500 1379 loci
516 1352 566 1389 -,
588 1321 751 1398 paucisque
772 1320 923 1398 utrimque
944 1321 1039 1379 inter·

75 1405 166 1465 sectis
185 1402 294 1465 Caesar
321 1403 385 1465 loca
410 1405 538 1464 maxime
563 1405 732 1464 necessaria
757 1402 930 1482 complexus
950 1411 1041 1464 noctu

75 1490 256 1567 praemunit.
286 1487 320 1548 ln
336 1487 391 1548 hoc
406 1495 505 1549 tractu
521 1487 624 1566 oppidi
638 1504 710 1566 pars
724 1496 789 1548 erat
803 1491 904 1565 regiae
920 1489 1066 1565 exiguas

76 1575 109 1633 in
124 1589 213 1651 quam
228 1575 293 1650 ipse
307 1571 462 1632 habitandi
477 1589 564 1633 causa
577 1573 661 1633 initio
673 1579 737 1632 erat
751 1570 900 1643 inductus,
913 1579 944 1632 ct
958 1571 1041 1633 thea-

75 1663 157 1717 trum
172 1656 361 1717 coniunctum
378 1656 492 1726 domui,
514 1655 593 1734 quod
615 1657 694 1716 arcis
713 1654 834 1716 tenebat
856 1655 955 1716 locum
976 1657 1038 1716 adi·

75 1748 184 1819 tusque
210 1738 340 1801 habebat
360 1741 397 1801 ad
422 1748 541 1819 portum
563 1747 593 1800 et
609 1737 654 1800 'ad
680 1739 795 1818 reliqua
816 1739 941 1800 navalia.
979 1740 1066 1801 Hasd
1130 1763 1133 1767 ·

78 1824 262 1886 munitiones
276 1823 504 1903 insequentibus
516 1826 597 1884 ausit
612 1823 727 1894 diebus,
743 1832 776 1883 ut
789 1842 845 1902 pro
856 1841 942 1884 muro
956 1823 1039 1884 obie-

76 1915 141 1968 ctas
165 1907 291 1969 haber'et
317 1926 377 1968 neu
399 1909 541 1969 dimicare
573 1909 683 1968 invitus
708 1915 875 1985 cogeretur.
916 1907 1040 1968 Interim
1049 1914 1082 1964 ιο

76 1991 139 2053 iilia
159 1994 260 2052 minor
279 1992 442 2053 Ptolemaei
467 1994 549 2070 regis
570 2009 692 2052 vacuam
717 1995 936 2071 possessionem
962 2009 1038 2070 regn

75 2094 200 2155 sperans
216 2076 253 2137 ad
268 2077 412 2137 Achillam
427 2094 493 2138 sese
509 2093 544 2136 ex
559 2079 643 2154 regia
656 2079 777 2138 traiecit
791 2094 909 2156 unaque
925 2075 1038 2138 bellum

75 2160 286 2221 administrare
302 2163 410 2240 coepit.
441 2160 499 2221 Sed
515 2160 655 2221 celeriter
669 2169 715 2222 est
734 2162 814 2221 inter
829 2179 881 2222 eos
895 2162 933 2220 de
952 2163 1080 2240 prin-11

75 2249 179 2324 cipatu
191 2246 394 2304 controversia
407 2251 481 2316 orta,
496 2263 571 2324 quae
587 2262 637 2305 res
652 2246 728 2324 apud
743 2245 852 2306 milites
866 2245 1042 2322 largitiones

75 2330 175 2389 auxit:
198 2331 313 2405 magnis
335 2331 415 2389 enim
434 2329 557 2390 iacturis
578 2327 636 2389 sibi
656 2331 782 2408 quisque
803 2348 906 2390 eorum
926 2332 1041 2390 animos

75 2412 265 2473 conciliabat.
301 2412 380 2473 Haec
398 2413 468 2473 dum
490 2414 568 2492 apud
588 2413 689 2474 hostes
708 2422 868 2491 geruntur,
886 2413 1040 2482 Pothinus,
1049 2419 1081 2470 12

74 2498 226 2557 nutricius
247 2498 336 2575 pueri
361 2505 392 2557 et
411 2506 589 2576 procurator
609 2499 709 2573 regni,
736 2498 768 2557 in
791 2504 878 2575 parte
894 2496 1039 2567 Caesaris,

75 2598 145 2641 cum
170 2581 206 2641 ad
222 2580 366 2641 Achillam
381 2582 501 2641 nuntios
516 2583 651 2642 mitteret
664 2580 912 2659 hortareturque,
933 2599 970 2640 ne
986 2599 1039 2640 ne·

74 2666 159 2741 gotio
181 2664 339 2726 desisteret
367 2682 440 2725 neve
462 2667 561 2726 animo
586 2665 741 2735 deiiceret,
769 2664 909 2725 indicatis
933 2665 1040 2743 depre-

74 2748 237 2828 hensisque
261 2751 456 2809 internuntiis
477 2768 493 2809 a
514 2748 640 2810 Caesare
661 2757 707 2809 est
733 2748 919 2810 interfectus.
959 2747 1040 2810 Haec

74 2833 163 2894 initia
180 2832 252 2894 belli
267 2832 460 2895 Alexandrini
481 2834 615 2894 luerunt.
