2356 3870
159 208 220 269 162
476 207 515 263 DE
530 205 634 262 tutuo
650 205 788 261 unumne

159 371 220 439 die,
238 387 295 446 qua
310 368 416 430 auxilia
440 387 563 429 suorum
584 376 823 448 expectaverant,
847 377 1021 447 consumpto
1036 369 1116 428 omui

159 456 308 514 frumento
323 454 418 523 inscii,
441 452 510 528 quid
525 453 556 511 in
570 452 678 513 Aeduis
692 459 858 530 gereretur,
876 452 999 513 concilio
1015 459 1115 512 coacte

126 546 144 594 2
159 537 196 598 de
212 539 291 597 exitu
303 555 424 597 suarum
435 537 622 598 fortunarum
637 536 851 598 consultabant.
873 537 914 597 Ac
929 537 1016 607 variis
1031 536 1116 596 dictis

160 621 325 690 sententiis,
343 637 468 697 quarum
482 638 552 699 pars
567 619 755 689 deditionem,
771 638 850 698 pars,
868 619 938 680 dum
953 621 1030 680 vires
1045 638 1115 697 sup·

160 711 306 783 peterent,
324 705 510 782 eruptionem
531 704 684 773 censebat,
706 721 767 763 non
786 703 1003 782 praetereunda
1023 700 1116 763 oratio

162 788 323 864 Critognati
349 788 465 848 videtur
484 795 608 866 propter
636 788 699 847 eius
719 786 900 864 singularem
925 794 955 846 et
974 787 1116 847 nefariam

129 870 374 932 acrudetiiaiem.
406 871 468 939 Hic,
485 888 600 931 summo
615 871 647 930 in
661 871 801 931 Arvernis
822 877 905 931 ortus
923 870 989 930 loco
1011 876 1040 930 et
1054 888 1114 934 ma·

160 973 236 1032 gnae
250 954 368 1015 habitus
383 955 573 1024 auctoritatis,
589 956 683 1029 Niliil,
700 955 810 1030 inquit,
827 956 865 1016 de
878 971 981 1016 earum
1001 960 1116 1014 senten·

160 1041 204 1100 tia
226 1040 362 1099 dicturus
381 1055 455 1112 sum,
480 1040 532 1112 qui
545 1039 747 1114 turpissimam
766 1040 936 1099 seruitutem
958 1039 1115 1099 deditionis

159 1124 278 1182 nomine
291 1123 458 1196 appellant,
475 1137 570 1196 neque
583 1123 637 1182 lios
651 1123 804 1182 tradendas
817 1123 926 1183 civium
941 1123 1007 1183 loco
1022 1136 1116 1195 neque

129 1206 203 1264 iad
222 1206 377 1266 concilium
397 1205 584 1265 adhibendos
602 1221 715 1265 caneo.
755 1207 826 1265 Cum
845 1205 892 1266 liis
910 1205 985 1266 milii
1003 1221 1053 1265 res
1066 1206 1113 1276 sit,

138 1306 143 1314 ·
159 1289 214 1362 qui
225 1290 410 1363 eruptionem
419 1289 569 1364 probant·
591 1305 718 1363 quorum
740 1290 771 1348 in
785 1290 910 1349 eondlio
925 1290 1055 1349 omnium
1069 1304 1115 1348 ae-

159 1381 252 1431 strum
267 1387 413 1431 consensu
428 1373 580 1447 pristinae
593 1373 726 1432 residere
740 1374 858 1433 uirtutis
877 1374 1022 1433 memoria
1036 1373 1115 1432 iide-

127 1459 218 1514 δίαν.
256 1453 357 1515 Animi
374 1459 417 1514 est
436 1456 495 1516 ista
514 1457 657 1530 mollitia,
680 1472 740 1516 non
756 1457 865 1529 uirtus,
887 1457 1050 1531 paulisper
1071 1456 1113 1515 in·

159 1540 257 1610 opiam
269 1536 358 1608 ferre
371 1554 432 1598 non
440 1555 539 1614 passe.
571 1539 630 1610 Qui
641 1555 673 1599 se
687 1541 767 1599 ultro
781 1540 873 1598 morti
891 1541 1041 1613 effuant,
1061 1537 1114 1608 fa·

158 1622 246 1680 cilius
265 1620 474 1696 reperiuntur,
497 1639 587 1696 quam
605 1624 659 1696 qui
677 1623 810 1682 dolorem
828 1624 979 1697 patienter
993 1619 1114 1691 ferant.

128 1707 144 1758 e
158 1705 256 1778 Atque
270 1721 326 1778 epo
339 1706 420 1766 lianc
428 1708 603 1766 sententiam
610 1707 773 1780 probarem
785 1739 829 1751 -
842 1710 958 1764 tantum
973 1705 1058 1780 apud
1070 1719 1115 1762 me

159 1789 293 1861 dianitas
301 1794 403 1864 potest
421 1823 477 1862 —,
500 1790 656 1849 sinaitam
669 1794 888 1864 praeterquam
901 1790 982 1849 uitae
994 1793 1115 1848 nostrae

127 1877 142 1924 r
158 1873 310 1932 iacturam
322 1874 393 1944 fieri
406 1873 554 1942 uiderem
574 1874 629 1932 sed
647 1874 678 1932 in
692 1873 816 1933 consilio
835 1873 987 1948 capiendo
1001 1887 1115 1932 omnem

160 1955 291 2015 Galliam
305 1957 517 2031 respiciamus,
540 1972 629 2030 quam
649 1956 692 2016 ad
704 1961 837 2016 nastrum
852 1954 1000 2017 auxilium
1014 1956 1112 2016 eonci-

127 2043 143 2092 8
157 2041 292 2098 ravimus.
325 2039 404 2109 Quia
412 2040 562 2099 lominum
575 2040 692 2100 militas
705 2059 788 2100 nxxx
799 2056 859 2100 uno
869 2041 936 2100 loeo
948 2037 1115 2109 interfectis

153 2123 630 2197 propinquiaconsanpuinei'sque
642 2124 752 2183 nostris
766 2125 861 2183 animi
870 2123 942 2194 fore
952 2124 1114 2183 antuma-

158 2205 204 2277 tis,
221 2206 249 2264 si
255 2221 359 2279 paene
372 2207 403 2265 in
417 2206 694 2281 ipsiseadaaeriirus
702 2208 822 2281 praelio
837 2207 994 2267 decertare
1007 2222 1114 2280 copen-

127 2292 144 2342 9
158 2290 230 2347 tur?
258 2288 359 2348 Nolite
371 2290 425 2349 lios
437 2294 534 2349 aestro
549 2291 665 2350 auxilio
682 2291 853 2365 expoliare,
871 2291 926 2365 qui
936 2295 1052 2351 nestrae
1066 2305 1113 2348 sa-

159 2372 231 2431 lutis
244 2388 339 2432 causa
352 2389 437 2432 suum
448 2374 618 2448 periculum
632 2375 848 2448 neqlexerunt,
865 2390 921 2441 nec
933 2373 1062 2434 stultitia
1076 2388 1114 2432 ac

160 2456 327 2515 temeritate
342 2461 441 2516 antra
455 2461 509 2516 aut
524 2457 619 2517 animi
630 2458 831 2518 imbecillitate
854 2474 967 2518 omnem
983 2457 1114 2517 Galliam

119 2543 150 2592 10
152 2544 346 2612 prosternere
360 2543 388 2598 et
394 2543 564 2614 perpetuae
576 2541 714 2602 seruituti
723 2541 866 2602 subitae.
895 2540 943 2601 An
951 2583 961 2614 ,
977 2540 1115 2615 quodid

159 2622 238 2680 diem
252 2629 468 2695 nonaenerunt,
485 2623 522 2682 de
535 2638 638 2685 eorum
650 2625 712 2697 ilde
718 2626 945 2699 constantiaque
951 2624 1114 2684 dubitatis?

160 2704 239 2775 Quid
256 2707 350 2778 erpo?
382 2705 536 2766 Romanos
555 2709 588 2768 in
606 2709 666 2768 illis
690 2709 881 2769 ulterioribus
904 2708 1114 2769 munitionibus

118 2794 148 2844 11
162 2790 293 2848 animine
306 2805 400 2849 causa
413 2790 526 2850 cotidie
538 2793 679 2851 exerceri
685 2793 825 2866 puiiitsr
853 2790 891 2851 Si
902 2792 1022 2852 illorum
1037 2807 1113 2853 nun·

159 2874 207 2931 tiis
220 2874 398 2944 confirmari
409 2889 470 2933 non
481 2875 605 2948 potestis
616 2875 697 2934 omni
710 2876 795 2934 aditu
804 2879 978 2951 praesepto,
995 2876 1043 2936 liis
1056 2876 1112 2934 uti·

158 2957 232 3014 mini
244 2957 377 3028 testibus,
402 2957 650 3032 adpropinquare
663 2972 764 3017 eorum
779 2958 955 3028 aduentum·
969 2960 1054 3018 cuius
1068 2974 1113 3016 ret

157 3039 262 3096 timore
276 3040 415 3098 exterriti
423 3040 500 3098 diem
515 3045 689 3115 noctemque
701 3037 733 3101 in
747 3056 836 3115 opere
850 3047 1018 3101 versantur.
1036 3040 1114 3111 Quid

116 3128 149 3176 12
160 3135 233 3193 erpo
247 3122 306 3179 mei
317 3124 437 3181 consilii
454 3126 521 3183 esti
549 3125 681 3198 Facere,
705 3125 785 3199 quod
805 3126 902 3184 nostri
919 3125 1048 3185 maiores
1062 3140 1111 3183 ne·

158 3219 307 3277 quaquam
322 3206 399 3278 pari
417 3206 492 3265 bello
508 3207 693 3268 Cimbrorum
714 3207 936 3282 Teutonumque
952 3206 1111 3281 fecerunt;

157 3287 210 3360 qui
221 3288 252 3346 in
268 3288 381 3362 oppida
396 3292 577 3366 conpulsiac
590 3293 681 3353 simili
692 3293 795 3369 inopia
803 3291 922 3353 subacti
929 3306 1031 3351 eorum
1045 3308 1111 3351 cor-

151 3370 291 3445 paitrus,
314 3374 367 3446 qui
380 3379 478 3433 aetate
493 3376 536 3435 ad
554 3377 660 3436 bellum
679 3377 796 3436 inutiles
811 3375 1002 3448 uidebantur,
1020 3376 1112 3435 uitam

111 3458 147 3508 13
155 3452 363 3518 toleraverunt
376 3471 471 3534 neque
483 3475 515 3520 se
528 3460 660 3521 hostibus
673 3461 877 3521 tradiderunt.
910 3460 1000 3520 Cuius
1027 3461 1075 3519 rei
1086 3473 1111 3518 si
