2356 3870
131 215 149 274 i
452 215 491 271 DE
506 216 610 272 unito
627 217 764 274 Gothico

98 376 241 438 allorum
262 377 392 436 omnium
413 378 566 438 fortissimi
587 390 656 440 sunt
676 381 798 460 Belgae,
826 392 985 460 propterea
1007 387 1084 461 quod

128 479 144 520 a
157 461 238 521 cultu
250 469 337 537 atque
350 459 531 521 humanitate
542 464 709 539 provinciae
720 466 890 544 longissime
901 466 1017 536 absunt,
1031 472 1084 528 mi-

128 547 268 621 nimeque
288 543 323 603 ad
345 561 395 605 eos
414 553 597 605 mercatores
623 565 712 626 saepe
732 557 898 613 commeant
924 559 1013 627 atque
1041 570 1084 621 ea,

128 645 203 704 quae
218 627 254 688 ad
270 627 481 688 effeminandos
495 629 609 690 animos
623 632 783 709 pertinent,
801 632 966 711 inportant,
983 638 1083 712 prori-

126 714 227 788 mique
241 718 310 771 sunt
322 710 485 779 Germanis,
502 713 553 789 qui
563 720 645 774 trans
656 713 947 784 Rhenum-incolunt,
961 718 1083 792 quibus·

95 804 192 855 tcum
214 795 401 855 continenter
422 793 533 854 heRum
553 805 669 872 gerunt.
710 797 773 868 Oua
793 798 830 858 de
851 817 938 859 causa
959 800 1083 860 Helvetii

127 895 246 956 quoque
260 877 391 955 reliquos
407 877 504 938 Gallos
518 879 627 939 virtute
641 881 837 959 praecedunt,
860 881 939 957 quod
955 884 1017 944 lore
1033 903 1082 944 eo-

125 962 243 1022 tidianis
258 960 379 1041 proeliis
395 979 462 1022 cum
478 960 633 1023 Germanis
649 964 845 1032 contendunt,
869 984 936 1025 cum
957 976 1008 1026 aut
1022 970 1083 1027 suis

124 1044 232 1105 finibus
248 1062 298 1105 eos
309 1042 470 1123 prohibent
483 1052 534 1104 aut
547 1045 604 1123 ipsi
617 1047 649 1106 in
665 1064 768 1108 eorum
784 1048 891 1110 tinibus
906 1048 1017 1109 bellum
1032 1068 1082 1127 ge·

93 1136 109 1187 t
124 1136 203 1188 runt.
234 1127 344 1188 Eorum
359 1145 515 1206 unapars,
533 1144 622 1204 quam
638 1129 735 1191 Gallos
750 1133 886 1209 optinere
901 1131 1012 1191 dictum
1028 1145 1080 1201 est

124 1213 239 1271 initium
255 1212 333 1288 capit
347 1229 362 1269 a
378 1209 499 1270 llumine
514 1209 665 1279 Rhodano,
683 1215 851 1271 continetur
862 1214 1011 1272 Garumna
1027 1215 1080 1274 llu-

124 1296 212 1362 mine,
230 1293 357 1360 Oceano,
367 1291 481 1352 linibus
495 1291 667 1369 Belgarum,
684 1296 800 1372 attingit
815 1296 902 1355 etiam
917 1296 954 1355 ab
970 1297 1080 1372 Sequa·

123 1379 170 1438 nis
186 1385 215 1435 et
229 1375 369 1436 Helvetiis
383 1373 494 1434 llumen
509 1374 659 1445 Rhenum,
681 1379 777 1455 vergit
796 1377 832 1437 ad
852 1382 1079 1456 septentriones.

93 1467 109 1518 o
123 1459 230 1537 belgae
245 1458 280 1518 ab
297 1459 436 1518 extremis
452 1457 561 1518 Galliae
576 1459 683 1519 linibus
704 1462 855 1531 oriuntur,
878 1457 1031 1539 perlinent
1045 1464 1081 1526 ad

123 1544 294 1603 inferiorern
309 1551 425 1621 partem
440 1539 569 1601 lluminis
584 1541 689 1611 Rheni,
708 1552 843 1622 spectant
857 1545 886 1604 in
903 1549 1079 1623 septentrio-

92 1635 191 1687 tnem
207 1634 236 1686 et
251 1625 397 1684 orientem
411 1622 513 1683 solem.
544 1625 698 1700 Aquitania
713 1644 729 1685 a
745 1627 892 1687 Garumna
908 1627 1030 1689 flumine
1045 1630 1080 1689 ad

123 1709 289 1789 Pyrenaeos
304 1714 420 1767 montes
432 1713 461 1766 et
476 1723 540 1765 eam
554 1714 669 1785 partem
680 1707 798 1777 Oceani,
815 1727 891 1785 quae
907 1719 951 1770 est
966 1711 1001 1769 ad
1014 1712 1080 1771 llis·

123 1794 249 1870 panlam,
266 1791 409 1869 pertinet;
437 1797 550 1869 spectat
569 1790 648 1850 inter
668 1809 804 1851 occasum
825 1791 896 1851 solis
918 1800 947 1851 et
961 1803 1066 1870 septen

123 1877 244 1936 triones.

93 1966 105 2016 l
185 1957 219 2018 ll.
243 1956 328 2036 hpud
348 1956 496 2017 Helvetios
517 1954 605 2032 longe
626 1954 827 2017 nobilissimus
847 1959 902 2017 luit
922 1967 952 2017 et
972 1958 1080 2019 ditissi-

123 2057 190 2102 mus
210 2040 377 2119 Orgetorix.
414 2040 441 2100 ls
461 2039 498 2100 bl.
521 2037 645 2098 Messala
669 2046 699 2099 et
719 2039 755 2099 Μ.
777 2040 884 2101 Pisone
911 2041 1081 2103 consulibus

122 2125 207 2203 regni
222 2123 381 2202 cupiditate
395 2122 535 2183 inductus
549 2123 782 2183 coniurationem
794 2123 954 2185 nobilitatis
967 2126 1037 2185 lecit
1053 2135 1082 2184 et

65 2284 70 2290 Ι
124 2209 232 2268 civitati
247 2208 409 2286 persuasit,
431 2216 464 2268 ut
484 2205 520 2265 de
541 2204 649 2265 linibus
670 2207 731 2266 suis
753 2225 818 2266 cum
836 2208 973 2268 omnibus
989 2211 1081 2286 copiis

92 2303 108 2349 2
124 2294 255 2352 exirent:
270 2289 411 2370 perfacile
426 2307 506 2359 esse,
528 2306 595 2348 cum
610 2290 719 2349 virtute
733 2290 870 2352 omnibus
884 2300 1080 2370 praestarent,

92 2377 213 2435 atotius
228 2373 338 2435 Galliae
352 2375 477 2453 imperio
492 2373 590 2451 potiri.
615 2371 647 2432 ld
662 2371 719 2432 hoc
733 2373 849 2435 lacilius
866 2377 908 2435 eis
923 2378 1080 2453 persuasit,

90 2500 93 2505 -
124 2457 203 2535 quod
223 2457 355 2534 undique
374 2456 431 2517 loci
451 2464 556 2516 natura
576 2454 702 2516 Helvetii
727 2460 930 2519 continentur:
961 2476 1020 2518 una
1045 2477 1080 2519 ex

122 2549 208 2621 parte
222 2539 344 2602 flumine
358 2540 461 2601 Rheno
476 2538 617 2599 latissimo
633 2548 722 2616 atque
736 2539 893 2610 altissimo,
911 2545 962 2617 qul
977 2559 1080 2619 agrum

123 2624 289 2685 Helvetium
305 2643 320 2685 a
336 2623 489 2685 Germanis
504 2622 619 2691 dividit,
641 2621 732 2683 altera
748 2642 783 2684 ex
799 2633 883 2703 parte
898 2632 998 2685 monte
1013 2625 1080 2685 lura

123 2707 280 2778 altissimo,
304 2709 355 2784 qul
370 2714 414 2768 est
428 2708 506 2767 inter
521 2705 674 2783 Sequanos
696 2713 725 2766 et
739 2706 897 2778 Helvetios,
914 2710 1000 2768 tertia
1016 2707 1079 2768 lacu

124 2790 273 2853 Lemanno
289 2799 319 2851 et
332 2789 454 2852 flumine
468 2788 619 2858 Rhodano,
637 2790 688 2866 qui
702 2792 882 2868 provinciam
896 2801 1029 2851 nostram
1044 2791 1081 2850 ab

93 2883 109 2931 4
123 2875 262 2936 Helvetiis
277 2873 386 2935 dividit.
424 2874 476 2935 His
491 2873 581 2934 rebus
595 2871 698 2940 fiebat,
717 2882 750 2934 ut
765 2883 795 2935 et
809 2877 906 2935 minus
922 2874 980 2934 late
996 2891 1079 2950 vaga·

124 2966 279 3045 rentur‚et
299 2959 396 3019 minus
416 2957 500 3019 facile
521 2958 650 3017 linitimis
671 2955 781 3018 bellum
801 2960 914 3019 inferre
939 2967 1080 3037 possent;

125 3058 183 3118 qua
199 3060 234 3102 ex
256 3050 341 3120 parte
355 3041 489 3103 homines
505 3039 632 3100 bellandi
647 3040 745 3117 cupidi
765 3060 871 3120 magno
892 3042 995 3102 dolore
1010 3041 1080 3101 adli·

93 3131 109 3183 5
124 3125 286 3187 ciebantur.
317 3126 374 3186 Pro
389 3125 578 3186 multitudino
592 3132 690 3184 autem
705 3122 857 3186 hominum
874 3135 903 3184 et
916 3144 973 3205 pro
988 3124 1081 3202 gloria

125 3208 194 3269 belli
213 3218 302 3287 atque
323 3209 503 3270 fortitudinis
524 3215 665 3284 angustos
686 3224 718 3267 se
738 3208 804 3268 linis
824 3207 936 3269 habere
956 3207 1080 3269 arbitra·

126 3292 249 3364 bantur,
266 3294 361 3370 quiin
375 3292 588 3371 longitudinem
603 3287 682 3350 milia
698 3307 838 3369 passuum
853 3311 948 3360 ooxn,
971 3293 1001 3351 in
1016 3290 1080 3351 lati-

124 3377 256 3438 tudinem
272 3396 373 3438 cnxxx
388 3376 534 3455 patebant.

94 3470 108 3519 t
186 3461 233 3522 lll.
259 3461 311 3522 llis
331 3459 421 3521 rebus
441 3459 558 3519 adducti
574 3470 604 3520 et
624 3461 797 3521 auctoritate
813 3460 997 3537 Orgetorigis
1012 3476 1078 3518 oer-
