2356 3870
140 170 181 236 aa
435 131 781 225 uuuuuuoeauucoy

141 331 212 410 quid
226 333 257 392 in
279 350 372 393 annos
388 329 521 410 singulos
541 328 692 407 vectigalis
712 328 823 409 populo
840 329 972 391 Romano
988 331 1105 393 Britan·

110 417 188 477 onia
202 416 362 495 penderet,
380 416 549 482 constituit:
562 414 712 474 interdicit
723 421 811 491 atque
822 415 949 494 imperat
962 413 1106 476 Cassivel-

139 499 243 568 launo,
262 517 300 560 ne
315 499 525 560 Mandubracio
541 516 600 558 neu
615 497 847 560 Trinobantibus
862 505 977 559 noceat.

114 591 126 642 t
203 584 307 644 lllllll.
335 583 496 644 Obsidibus
506 583 635 661 acceptis
651 583 815 643 exercitum
830 581 946 643 reducit
962 580 998 643 ad
1013 601 1095 644 mare

112 677 228 728 anares
242 669 354 727 invenit
368 669 503 728 reiectas.
538 665 591 728 llis
606 664 754 737 deductis,
777 665 857 743 quod
879 674 908 726 et
923 667 1107 745 captivorum

140 769 279 829 maguum
300 769 458 812 numerum
480 749 606 812 habebat
627 757 656 810 et
676 749 836 811 nonnullae
856 757 1033 828 tempestate
1055 751 1106 811 de·

139 837 291 914 perierant
311 853 416 906 nares,
444 834 561 895 duobus
581 833 794 895 commeatibus
816 836 980 895 exercitum
1001 853 1105 913 repor-

111 926 203 980 ttare
217 920 353 979 instituit.
388 922 429 980 Ac
444 921 487 980 sic
502 917 622 986 accidit,
638 918 682 977 uti
698 935 734 977 ex
749 924 831 978 tanto
846 919 964 978 narium
979 936 1108 979 numero

14 1030 23 1045 ·
139 1009 184 1063 tot
204 1003 439 1080 navigationibus
463 1018 561 1079 neque
582 1000 639 1061 hoe
658 1017 756 1077 neque
777 1003 934 1080 superiore
950 1019 1027 1062 anuo
1048 1001 1107 1063 ulla

111 1093 260 1147 somnino
275 1088 370 1156 naris,
388 1103 463 1164 quae
477 1085 586 1146 milites
603 1092 751 1165 portaret,
768 1084 1009 1155 desideraretur,
1027 1093 1055 1145 at
1071 1104 1106 1146 ex

138 1171 191 1238 iis,
215 1187 291 1246 quae
310 1171 414 1231 inanes
430 1188 465 1230 ex
487 1170 651 1230 continenti
672 1168 708 1228 ad
729 1186 797 1229 eum
817 1171 1056 1238 remitterentur,
1078 1177 1108 1230 et

139 1255 248 1333 prioris
270 1261 452 1314 commeatus
473 1254 613 1333 expositis
634 1251 777 1313 militibus
799 1258 829 1312 et
844 1268 917 1330 quas
932 1260 1036 1332 postea
1052 1253 1102 1314 La-

139 1337 245 1398 bienus
267 1337 415 1398 faciendas
431 1344 587 1398 curaverat
606 1354 732 1396 numero
747 1357 802 1406 nx,
825 1354 993 1416 perpaucae
1009 1336 1106 1400 locum

111 1426 297 1500 scaperent,
314 1420 448 1498 reliquae
464 1422 527 1482 lere
542 1439 646 1480 omnes
661 1422 857 1481 reicerentur.
876 1421 955 1491 Quas
971 1439 1039 1481 eum
1055 1421 1107 1481 ali·

140 1505 280 1582 quamdiu
302 1505 408 1566 Caesar
428 1505 540 1565 lrustra
562 1510 760 1583 expectasset,
782 1521 821 1564 ne
842 1505 911 1564 anni
933 1513 1069 1583 tempore
1092 1522 1109 1564 a

140 1589 325 1666 navigatione
356 1588 581 1656 excluderetur,
612 1587 692 1666 quod
722 1589 943 1664 aequinoctium
974 1588 1107 1656 suberat,

111 1674 307 1733 enecessario
329 1675 483 1751 angustius
504 1671 612 1732 milites
634 1671 797 1732 conlocarit
817 1689 865 1740 ac,
889 1689 1004 1733 summa
1024 1680 1107 1733 tran·

141 1755 285 1832 quillitate
307 1766 482 1826 consecuta,
508 1755 636 1816 secunda
659 1757 730 1816 inita
752 1773 821 1816 cum
841 1756 978 1818 solvisset
1000 1756 1107 1834 vigilia,

139 1841 250 1920 prima¹
266 1839 334 1901 luce
363 1847 475 1901 terram
504 1841 600 1918 attigit
629 1856 794 1916 omnesque
824 1838 990 1901 incolumes
1019 1858 1108 1901 nares

140 1923 289 2004 perduxit.
1131 1993 1133 1997 ,

114 2012 126 2066 t
202 2007 318 2069 llllllll.
347 2007 507 2068 Subductis
528 2007 652 2068 naribus
674 2006 859 2086 concilioque
881 2007 1032 2069 Gallorum
1054 2008 1122 2069 Sas

139 2090 324 2151 marobrirae
345 2099 483 2170 peracto,
508 2091 587 2168 quod
608 2109 644 2152 eo
666 2109 743 2152 anno
764 2092 948 2153 frumentum
969 2094 1000 2153 ln
1015 2091 1108 2157 Gallia

140 2182 264 2254 propter
286 2176 433 2236 siccitates
456 2176 610 2252 angustius
630 2183 822 2254 provenerat,
846 2183 967 2237 coactus
988 2183 1034 2236 est
1053 2175 1106 2237 ali·

139 2265 187 2319 ter
202 2275 236 2318 ac
251 2257 457 2326 superioribus
473 2260 557 2320 annis
573 2260 736 2320 exercitum
751 2261 782 2320 in
797 2258 930 2321 bibernis
949 2259 1108 2322 conlocare

139 2340 332 2420 legionesque
358 2343 389 2402 in
415 2342 517 2422 plures
544 2344 676 2404 civitates
706 2343 894 2405 distribuere.
932 2343 975 2405 Ex
999 2343 1108 2422 quibus

92 2447 94 2450 ⁴
142 2444 230 2486 unam
246 2428 277 2486 in
292 2425 424 2487 Morinos
447 2426 698 2487 ducendamque
715 2427 806 2488 Fabio
828 2427 925 2507 legato
945 2425 1041 2496 dedit,
1064 2427 1106 2489 al·

140 2517 235 2570 teram
261 2511 292 2570 in
320 2509 443 2571 Nervios
472 2510 581 2582 Quinto
608 2511 758 2579 Ciceroni,
784 2512 903 2573 tertiam
929 2512 960 2571 iu
981 2511 1108 2574 Esubios

141 2593 232 2653 Lucio
254 2592 379 2661 Roscio:
411 2602 545 2672 quartam
566 2597 596 2655 in
621 2595 721 2655 llemis
747 2613 815 2656 cum
835 2594 903 2656 Tito
926 2595 1055 2656 Labieno
1075 2597 1107 2659 in

113 2676 267 2738 tconfinio
283 2677 484 2738 Treverorum
498 2678 630 2739 hiemare
645 2679 747 2747 iussit;
765 2686 828 2740 tres
842 2681 873 2740 ln
888 2678 987 2757 belgis
1003 2679 1107 2740 conlo·

141 2761 230 2828 carit;
253 2759 299 2821 his
314 2761 447 2822 Marcum
463 2761 602 2823 Crassum
617 2769 806 2840 quaestorem
821 2770 850 2822 et
865 2762 989 2824 Lucium
1004 2762 1107 2825 lluna·

114 2846 213 2905 ttium
239 2845 381 2906 Plancum
413 2854 441 2906 et
471 2846 575 2906 Gaium
600 2844 782 2907 Trebonium
811 2846 923 2924 legatos
952 2848 1105 2926 praefecit.

141 2929 235 2990 Unam
251 2928 412 3007 legionem,
435 2947 523 3007 quam
544 2931 678 3009 proxime
692 2937 776 2991 trans
791 2931 902 2992 Padum
919 2932 1106 3010 conscripse-

142 3020 202 3079 rat,
221 3020 250 3072 et
266 3013 404 3074 cohortes
419 3034 438 3076 v
452 3015 484 3074 in
500 3014 669 3083 Eburones,
692 3031 819 3090 quorum
833 3033 904 3094 pars
918 3016 1045 3076 maxima
1061 3021 1107 3076 est

140 3097 219 3155 inter
234 3096 345 3157 blesam
367 3115 400 3157 ac
415 3096 566 3167 Rhenum,
590 3098 640 3174 qui
660 3098 716 3159 sub
736 3100 862 3177 imperio
877 3099 1055 3176 Ambiorigis
1077 3106 1107 3160 et

113 3179 291 3240 statuvolci
313 3187 411 3249 erant,
435 3183 522 3242 misit.
561 3182 613 3242 llis
634 3180 775 3242 militibus
793 3181 935 3254 Qtrintum
957 3183 1106 3244 Titurium

142 3262 284 3323 Sabinum
306 3272 335 3324 et
355 3264 479 3325 Lucium
493 3263 726 3327 Aurunculeium
748 3265 862 3327 Cottam
884 3267 997 3345 legatos
1018 3285 1105 3347 prae·

115 3355 207 3408 cesse
228 3349 321 3409 iussit.
360 3348 403 3409 Ad
425 3347 505 3409 hune
525 3348 646 3410 modum
662 3349 826 3411 distributis
840 3350 1008 3429 legionibus
1023 3349 1105 3412 laeil·

140 3427 222 3495 lume
236 3433 353 3514 inopiae
374 3433 585 3496 frumentariae
603 3451 669 3495 sese
684 3433 798 3496 mederi
813 3453 902 3518 posse
919 3436 1096 3498 existimarit
