2356 3870
167 233 225 296 182
500 229 538 284 llll
557 228 660 285 cutte
676 228 813 285 eutice

97 436 102 463 ·.
132 395 241 455 edum.
264 395 299 453 It
310 393 477 454 Dumnacus
492 391 617 452 adventu
629 391 839 478 Fabhcogmto
840 391 997 469 desperata
1012 390 1115 460 salute

162 480 188 537 sl
209 485 342 575 tempore
362 475 464 536 eodem
487 485 605 535 coactus
631 482 709 535 esset
730 483 759 534 et
778 459 941 534 Ilomanum
962 483 1116 536 externum

149 561 310 622 sustinere
316 559 431 619 hostem
443 567 472 619 et
482 560 631 637 respicere
646 576 679 618 ao
691 559 795 618 timere
806 556 977 656 oppidanos,
994 567 1117 636 repente

164 662 199 704 ex
216 662 250 703 eo
265 643 329 702 Ioco
345 660 412 702 cum
423 643 516 720 copIIs
530 640 642 702 recedit
657 659 750 701 necse
765 643 837 701 satis
851 649 947 702 tutum
962 642 1026 701 fore
1039 641 1116 702 arbi-

162 734 266 794 tratur,
282 727 338 786 nisi
353 725 474 786 flumine
490 726 599 802 Ligeri,
622 724 701 801 quod
722 731 785 784 erat
798 732 890 803 ponte
910 732 1035 804 propter
1056 743 1116 785 ma·

162 809 344 887 gnitudInem
374 809 600 876 transeundum,
633 809 731 886 copias
768 808 958 868 traduxisset
1001 807 1115 877 Fabius,

129 899 147 952 3
162 895 216 953 etsi
231 892 361 952 nondum
376 894 406 951 ln
422 901 610 970 conspectum
626 899 746 951 venerat
760 889 893 952 hostibus
909 907 1005 968 neque
1020 908 1052 951 se
1064 892 1116 952 Ca·

162 978 242 1037 ninio
257 977 458 1041 coniunxerat,
476 983 572 1034 tamen
583 974 686 1034 doctus
702 974 737 1034 ab
752 976 797 1041 iis,
814 976 865 1051 qui
878 974 1013 1034 locorum
1028 992 1116 1034 nove·

162 1069 229 1119 rant
243 1067 387 1126 naturam,
403 1059 587 1135 podssimum
599 1057 731 1125 credidit,
747 1056 849 1118 hostes
860 1059 1035 1136 perterritos
1050 1074 1116 1116 eum

128 1142 275 1208 elocum,
298 1158 385 1216 quem
405 1140 561 1218 petebant,
578 1143 731 1218 petIturos.
770 1141 871 1217 Itaque
891 1159 958 1202 cum
973 1142 1066 1219 copiis
1082 1141 1116 1200 ad

161 1225 287 1285 eundern
300 1231 420 1302 pontem
435 1224 586 1283 contendit
598 1226 817 1301 equitatumque
830 1233 943 1284 tantum
953 1224 1117 1302 procedere

161 1316 228 1368 ante
244 1325 347 1384 agmen
362 1308 487 1385 Imperat
501 1305 657 1384 legionum,
674 1317 816 1383 quantum
831 1325 898 1368 eum
912 1308 1112 1387 processisset,

162 1393 224 1451 sine
239 1390 445 1467 defetigatione
461 1407 605 1468 equorum
619 1391 649 1449 in
666 1391 768 1450 eadem
788 1409 821 1451 se
840 1393 987 1469 repreret
1011 1400 1114 1451 castra.

130 1475 387 1550 seonsequuntur
409 1473 521 1549 equites
542 1475 648 1541 nostri,
670 1481 703 1534 ut
723 1480 795 1555 erat,
808 1482 1013 1552 praeceptum,
1035 1475 1116 1533 inva-

161 1557 292 1634 duntque
315 1557 456 1617 Ilumnaci
476 1574 580 1634 agmen
601 1565 631 1617 et
645 1557 793 1634 fugientes
813 1559 1045 1636 perterritosque
1061 1555 1116 1616 sub

161 1642 284 1700 sarcinis
299 1641 329 1699 in
345 1641 450 1699 itinere
456 1640 589 1717 adgressi
603 1640 824 1719 magnapraeda
836 1640 937 1700 multis
952 1639 1116 1700 Interfectis

160 1726 323 1802 potluntur.
355 1723 397 1782 Ita
412 1741 445 1782 re
461 1722 535 1784 bene
550 1730 632 1800 gesta
647 1741 679 1784 se
694 1725 840 1802 recipiunt
854 1724 884 1783 In
899 1731 1004 1784 castra.

129 1815 143 1868 1
223 1806 369 1866 XXVIII.
387 1806 555 1883 Insequenti
581 1815 666 1867 nocte
686 1806 794 1868 Fabius
820 1809 935 1883 equites
955 1808 1116 1884 praemitdt

160 1891 203 1951 sic
217 1882 343 1967 paratos',
361 1896 394 1948 ut
408 1889 601 1988 confligerent
622 1895 708 1967 etque
730 1907 817 1949 omne
840 1906 944 1966 agmen
964 1907 1115 1949 moraren-

127 1979 215 2041 ¹etur,
233 1972 302 2031 dum
318 1975 572 2047 consequeretur
564 1990 636 2050 rpse.
668 1973 758 2034 Cuius
772 1975 938 2051 praeceptis
953 1980 986 2032 ut
1000 1990 1049 2032 res
1065 1989 1115 2048 ge·

159 2062 285 2123 reretur,
303 2055 427 2125 Quintus
439 2057 521 2115 Atius
538 2057 629 2116 Varus
643 2057 811 2134 praefectus
827 2057 968 2131 equitum,
985 2055 1114 2132 singula·

159 2139 200 2198 ris
215 2146 244 2197 et
259 2139 347 2197 animi
363 2145 392 2197 et
401 2138 574 2215 prudentiae
586 2140 638 2207 rIr,
654 2157 724 2199 suos
735 2138 870 2199 hortatur
882 2155 1047 2215 agmenque
1062 2137 1112 2198 ho·

158 2222 246 2280 stium
253 2228 428 2281 consecutus
444 2223 667 2301 turmaspartim
678 2223 792 2282 idoneis
807 2222 879 2282 focis
893 2221 1030 2300 dIsponit,
1047 2240 1114 2300 par·

129 2305 210 2363 etim
228 2303 359 2380 e‘quitum
374 2304 520 2382 proellum
536 2306 697 2365 committit.
728 2304 862 2382 Confligit
877 2305 1016 2366 audacius
1034 2307 1114 2381 equi-

158 2394 236 2447 tatus
252 2387 379 2446 hostium
386 2388 610 2448 succedentibus
617 2388 672 2448 sibi
683 2387 848 2467 peditibus:
866 2391 916 2465 qui
932 2389 1115 2465 totoagmine

157 2469 505 2546 subsistentesequitibus
520 2473 581 2532 suis
601 2478 703 2531 contra
718 2479 835 2532 nostros
849 2473 950 2532 ferunt
964 2471 1113 2531 auxilium.

129 2555 203 2614 aria
227 2553 372 2631 proelium
393 2555 453 2613 acri
468 2556 636 2615 certandne.
673 2555 805 2631 Namque
825 2557 918 2615 nostri
940 2557 1115 2633 contemptis

131 2670 137 2685 κ
157 2636 251 2715 pridIe
263 2637 409 2713 superatis
430 2636 577 2705 hostibus,
605 2655 672 2698 curn
698 2637 839 2714 subsequi
859 2637 991 2714 legiones
1011 2639 1114 2697 merni-

157 2721 278 2787 nIssent,
297 2726 325 2778 et
339 2719 453 2797 pudore
468 2720 591 2781 cedendi
607 2728 636 2780 et
650 2720 810 2799 cupiditate
824 2739 879 2799 per
894 2738 926 2780 se
941 2721 1114 2780 conficiendi

129 2819 146 2874 5
156 2803 260 2881 proelii
275 2803 433 2863 fortissime
454 2812 556 2864 contra
575 2804 690 2882 pedItes
705 2799 939 2882 proeliabantur,
957 2802 1115 2881 hostesque

156 2884 227 2945 nihil
249 2887 373 2964 amplius
393 2888 544 2964 copiarum
567 2905 756 2947 accessurum
778 2887 946 2956 credentes,
974 2894 1006 2947 ut
1021 2886 1114 2965 pridie

156 2978 361 3046 cognoverant,
379 2969 495 3030 delendi
511 2971 657 3046 equitatus
672 2971 766 3030 nostri
781 2971 857 3030 nacti
873 2971 1057 3031 occasionem
1074 2972 1114 3029 ri-

155 3051 309 3111 debantur.

125 3139 138 3190 l
218 3134 355 3194 XXVIIII.
385 3134 457 3195 Cum
469 3135 648 3213 ailquamdiu
663 3153 778 3196 summa
790 3137 978 3196 contentione
993 3135 1113 3196 ‹ilmica-

155 3226 253 3283 retur,
271 3217 436 3278 Dumnacus
451 3219 569 3279 instruit
584 3221 686 3287 aciem,
703 3235 778 3296 quae
793 3221 855 3280 suis
870 3228 948 3280 esset
965 3219 1114 3296 equitibus

155 3301 184 3359 ln
201 3301 292 3360 vicem
306 3301 462 3378 praesidio,
480 3320 548 3362 curn
560 3310 683 3381 repente
699 3304 849 3363 confertae
860 3303 990 3381 legiones
1006 3306 1112 3365 incon·

124 3391 290 3462 aspectum
305 3383 432 3444 hosdem
453 3387 583 3446 veniunt.
620 3384 733 3457 QuIbus
748 3387 817 3446 risls
838 3386 992 3464 perculsae
1008 3387 1112 3447 barba·

148 3485 255 3526 rorum
277 3473 392 3527 turmae
415 3485 451 3529 ac
467 3470 644 3548 perterritae
669 3470 747 3529 acies
768 3468 911 3539 hostium,
940 3470 1114 3548 perturbato
