2356 3870
136 218 176 280 26
455 217 495 274 DE
510 218 614 274 tutto
630 216 768 275 critico

93 382 205 442 titiam
219 388 308 458 atque
323 381 480 441 amicitiam
495 381 559 441 eius
578 389 674 441 morte
689 381 837 442 redimere
857 390 968 459 posset.
1007 381 1093 452 Quod

134 466 160 524 sl
174 464 358 524 discessisset
378 473 409 524 et
426 463 551 525 liberam
571 466 790 543 possessiouem
805 464 915 526 Galliae
930 464 986 526 sibi
1001 465 1092 526 tradi·

135 547 241 617 disset,
257 564 363 625 magno
379 547 508 608 suillum
523 549 655 626 praemio
670 558 932 609 remuneraturum
947 557 985 619 et,
1001 565 1093 626 quae·

135 647 262 708 cumque
276 630 353 691 bella
367 633 431 709 geri
445 630 548 702 vellet,
564 633 628 693 sine
642 631 703 692 ullo
720 634 784 693 eius
797 632 899 693 labore
915 641 945 692 et
958 631 1093 712 periculo

136 715 349 776 coniecturum.

103 805 118 858 l
196 797 335 859 XXXXV.
343 797 434 860 Multa
445 797 614 859 abCacsare
623 800 655 859 in
667 800 912 860 eamsenteutiam
924 797 1092 869 dictasunt,

135 897 227 959 quare
242 883 360 959 negotio
375 880 520 943 desistere
534 900 595 942 nou
609 892 720 961 posset,
737 890 767 943 et
781 898 881 959 neque
895 901 980 943 suam
994 898 1094 958 neque

134 965 238 1044 populi
251 966 376 1025 Romani
395 966 641 1027 consuetudinem
660 969 736 1045 pati,
757 967 801 1026 uti
817 968 928 1044 optime
942 976 1094 1026 merentes

134 1050 231 1110 socios
246 1048 412 1118 desereret,
433 1065 532 1126 neque
552 1067 585 1110 se
605 1048 751 1118 iudicare,
769 1049 892 1110 Galliam
912 1051 1012 1127 potius
1028 1067 1094 1109 csse

101 1133 268 1193 udriovisti
288 1148 376 1209 quarn
395 1131 499 1211 populi
512 1131 645 1193 Romanl.
683 1131 766 1194 Bello
787 1130 943 1212 superatos
959 1150 1025 1192 esse
1039 1135 1093 1193 dr·

132 1232 240 1276 vernos
256 1225 286 1275 et
296 1215 428 1276 Rutenos
440 1214 476 1275 ah
488 1215 597 1286 Quinto
608 1214 699 1276 Fabio
710 1216 858 1285 Maxumo,
875 1214 982 1293 quibus
997 1232 1093 1294 popu·

133 1298 181 1359 lus
200 1297 351 1359 Romanus
369 1300 530 1376 ignovisset
548 1315 646 1376 neque
670 1301 702 1358 in
725 1301 907 1377 provinciam
930 1297 1095 1376 redegisset

104 1387 231 1459 ineque
255 1381 435 1460 stipendium
459 1383 646 1460 inposuisset.
696 1381 781 1453 Quod
806 1384 832 1442 si
856 1383 1094 1459 antiquissimum

135 1465 274 1543 quodque
288 1473 405 1543 tempus
420 1466 548 1542 spectari
562 1467 724 1544 oporte'ret,
740 1465 843 1545 populi
854 1465 979 1526 Romani
992 1467 1093 1526 iustis·

135 1550 243 1609 simum
258 1565 324 1608 esse
337 1549 369 1607 in
385 1546 478 1608 Gallia
490 1549 664 1626 imperium
688 1550 715 1609 si
733 1548 877 1609 iudicium
898 1558 1020 1609 senatus
1040 1548 1094 1607 ob·

121 1632 245 1700 ,servari
257 1640 419 1709 oporteret,
431 1630 556 1691 liberam
568 1629 679 1691 debere
693 1648 759 1692 esse
770 1631 902 1702 Galliam,
915 1648 1004 1708 quam
1014 1631 1095 1693 bello

134 1717 241 1776 rictam
255 1715 317 1775 suis
330 1713 447 1792 legibus
462 1716 506 1774 uti
519 1714 669 1774 voluisset.

82 1804 117 1860 ,1
196 1796 348 1859 xxxxvt.
378 1798 454 1859 llum
473 1797 546 1857 haec
566 1799 597 1857 in
618 1796 774 1873 conloquio
794 1806 954 1875 geruntur,
977 1798 1094 1858 Caesari

134 1883 301 1943 nuntiatum
314 1888 367 1950 est,
382 1883 497 1959 equites
506 1879 643 1941 Aridvisti
652 1882 777 1959 propius
791 1880 939 1941 tumulum
953 1880 1095 1942 accedere

136 1964 330 2026 etadnostros
342 1963 521 2041 adequitare,
529 1962 642 2042 lapides
650 1964 938 2041 telaqueinnostros
947 1966 1093 2027 conicere.
1132 1988 1135 1993 ·

103 2057 120 2106 2
135 2049 242 2110 Caesar
256 2047 397 2125 loquendi
412 2049 501 2108 duem
516 2049 586 2108 lacit
600 2064 692 2125 seque
707 2047 744 2108 ad
758 2065 829 2108 suos
844 2049 959 2126 recepit
973 2050 1095 2124 suisque

103 2139 120 2191 3
133 2133 297 2210 imperarit,
309 2149 348 2191 ne
360 2131 439 2207 quod
451 2133 570 2191 omnino
583 2130 676 2192 telum
687 2133 718 2191 in
729 2130 830 2192 hostes
840 2133 998 2192 reicerent.
1020 2131 1095 2193 Nam

136 2217 192 2276 etsi
206 2216 270 2275 sine
284 2213 344 2274 ullo
359 2213 492 2293 periculo
504 2214 628 2292 legionis
639 2214 771 2275 delectae
783 2232 851 2276 oum
863 2217 995 2292 equitatu
1005 2233 1094 2293 proe-

134 2299 207 2359 lium
221 2300 287 2358 lore
301 2296 433 2367 videbat,
455 2306 554 2358 tamen
570 2297 814 2359 committendum
828 2317 889 2359 uon
902 2297 1040 2376 putabat,
1062 2307 1096 2359 ut

134 2380 230 2463 pulsis
243 2379 378 2442 hostibus
393 2381 451 2442 dici
464 2389 581 2459 posset,
604 2399 655 2441 eos
670 2380 706 2442 alr
722 2399 755 2442 se
774 2399 829 2460 per
843 2381 932 2442 tidem
945 2384 976 2441 in
992 2381 1094 2442 conlo·

104 2473 121 2522 4
135 2468 205 2545 quio
221 2466 444 2526 circumventos.
469 2465 664 2541 Posteaquam
677 2466 709 2526 in
723 2464 829 2542 vulgus
843 2465 970 2525 militum
985 2464 1096 2526 elatum

136 2558 194 2617 est,
223 2564 281 2625 qua
307 2549 478 2625 adrogantia
498 2550 529 2609 in
551 2548 708 2626 conloquio
730 2550 896 2610 Ariouistus
916 2567 990 2609 usus
1014 2551 1096 2609 omni

136 2631 228 2694 Gallia
241 2630 380 2692 Romanis
394 2632 610 2701 interdixisset,
625 2634 830 2711 impetumque
850 2634 882 2692 iu
896 2639 1015 2692 nostros
1030 2634 1096 2693 eius

136 2717 251 2793 equites
275 2716 428 2782 iecissent,
458 2732 552 2791 eaque
576 2733 626 2776 res
652 2713 842 2794 conloquium
861 2725 895 2776 ut
915 2715 1094 2786 diremisset,

134 2799 228 2861 multo
247 2800 342 2860 maior
362 2798 497 2860 alacritas
512 2798 702 2878 studiumque
721 2798 873 2877 pugnandi
893 2801 988 2860 maius
1008 2816 1094 2859 exer·

135 2886 205 2945 citui
218 2884 359 2944 iniectum
374 2892 427 2942 est.

104 2973 118 3024 1
196 2965 363 3027 xxxxvll.
387 2965 480 3026 Biduo
498 2971 567 3044 post
579 2966 743 3027 Ariovistus
758 2965 795 3026 ad
810 2966 966 3028 Caesarem
981 2965 1095 3044 legatos

134 3051 238 3110 mittit:
254 3048 336 3108 Velle
349 3066 382 3108 se
393 3046 487 3109 dehis
498 3047 597 3119 rebus,
610 3065 686 3127 quae
695 3052 774 3112 inter
786 3067 837 3110 eos
849 3052 896 3127 agi
907 3058 1029 3130 coeptae
1039 3066 1093 3110 ue·

135 3150 193 3209 que
207 3133 357 3212 perfectae
372 3141 486 3200 esseut,
503 3150 592 3209 agere
606 3151 674 3193 cum
690 3150 740 3193 eo:
763 3135 808 3194 uti
826 3142 878 3194 aut
897 3135 1007 3194 iterum
1021 3151 1092 3194 cou-

132 3215 233 3293 loquio
254 3217 333 3277 diem
354 3216 548 3275 constitueret
568 3224 633 3286 aut,
655 3218 682 3276 si
699 3217 730 3277 id
750 3219 848 3278 minus
867 3216 970 3287 vellet,
994 3235 1011 3278 e
1031 3217 1094 3278 suis

101 3297 266 3381 2[legatis]
293 3297 422 3375 aliquem
447 3298 483 3359 ad
508 3315 541 3359 so
565 3301 705 3361 mitteret.
744 3300 947 3378 Conloquendi
974 3300 1094 3362 Caesari

133 3402 220 3446 causa
233 3386 296 3444 risa
309 3400 370 3444 non
385 3388 439 3453 est,
457 3390 487 3443 et
502 3401 537 3443 eo
551 3385 654 3462 magis,
671 3382 751 3461 quod
762 3384 858 3463 pridie
869 3387 933 3445 eius
948 3383 1006 3445 diei
1018 3383 1091 3444 Ger·

131 3470 210 3529 mani
224 3468 348 3528 retineri
362 3484 423 3528 nou
436 3475 610 3547 potuerant,
633 3470 705 3545 quin
719 3469 750 3528 in
765 3476 885 3530 nostros
900 3467 958 3528 tela
974 3468 1091 3529 conice·
