2356 3870
262 209 374 289 cQMM.
389 210 438 267 ΠΙ.
459 209 536 266 cAP.
550 209 849 302 XXVllllf-XXXIII.
991 205 1032 271 83

75 377 249 456 equitesque
265 394 299 435 ex
316 375 401 454 Syria
418 376 587 437 deduxerat.
619 376 826 456 Summamque
842 379 874 437 in
889 377 1061 437 sollicita-t

75 460 176 521 dinem
191 478 226 520 ac
240 462 377 520 timorem
391 459 522 520 Parthici
543 460 614 521 belli
634 462 786 540 provincia
807 479 874 523 cum
895 464 1032 530 venisset,

76 561 111 604 ac
125 543 284 605 nonnullae
299 541 427 604 militum
442 562 528 604 voces
551 563 618 605 cum
639 545 823 616 audirentur,
840 563 915 615 sese,
932 552 1034 606 contra

74 626 191 689 hostem
209 630 234 688 si
254 628 449 696 ducerentur,
471 630 580 697 ituros,
602 636 704 689 contra
719 631 814 689 civem
835 636 864 688 et
883 630 1034 690 consulem

75 729 157 772 arma
171 730 230 772 non
251 712 375 781 laturos,
397 712 531 773 deductis
545 712 722 790 Pergamum
744 721 831 792 atque
852 715 883 774 in
903 713 1033 792 locuple·

75 797 206 856 tissimas
221 795 312 856 urbes
326 798 357 855 in
372 795 499 856 hiberna
513 795 683 874 legionibus
697 799 841 857 maximas
861 796 1034 874 largitiones

73 881 148 940 iecit
168 887 198 940 et
222 879 493 940 confirmandorum
517 881 646 941 militum
668 898 757 941 causa
778 880 961 960 diripiendas
986 881 1034 942 his

74 965 211 1024 civitates
226 963 317 1024 dedit.
887 1002 900 1016 .-

137 1047 258 1108 XXXII.
287 1047 410 1109 interim
426 1048 618 1113 acerbissime
632 1050 792 1128 imperatae
812 1052 956 1128 pecuniae
972 1055 1058 1111 total

73 1132 228 1211 provincia
253 1131 457 1209 exigebantur
505 1133 595 1195 Multa
624 1141 780 1212 praeterea
805 1136 971 1212 generatim
996 1135 1034 1194 ad

74 1216 228 1276 avaritiam
245 1216 497 1301 excogitabantur.
532 1216 566 1278 ln
581 1219 677 1297 capita
692 1218 807 1295 singula
828 1237 981 1279 servovum
997 1226 1059 1279 aon

72 1298 240 1361 liberorum
265 1295 411 1362 tributum
436 1301 598 1380 inponebat
600 1321 650 1373 ur;
681 1304 876 1373 columnaria,
903 1304 1033 1373 ostiaria,

73 1384 266 1455 trumentum,
283 1386 406 1455 milites
432 1403 522 1456 arma,
545 1389 691 1485 remiges,
712 1394 875 1459 tormenta,
895 1395 1032 1448 vecturae

50 1467 314 1552 'imperabantum
342 1471 427 1530 cuius
448 1470 535 1530 modo
554 1473 600 1531 rei
627 1488 735 1531 nomen
755 1472 886 1551 reperiri
906 1478 1030 1552 poterat,

73 1552 131 1613 hoc
146 1555 220 1613 satis
234 1571 298 1614 esse
320 1553 356 1614 ad
376 1553 524 1632 cogendas
544 1555 685 1633 pecunias
703 1554 870 1615 videbatur.
901 1555 967 1616 Non
984 1562 1059 1616 soa

73 1637 136 1698 lum
158 1636 297 1707 urbibus,
330 1638 382 1698 sed
403 1656 497 1716 paene
517 1640 591 1698 vicis
611 1638 798 1719 castellisque
821 1639 943 1716 singulis
964 1656 1032 1700 cum

73 1721 201 1800 imperio
228 1721 488 1800 praeficiebantur.
529 1720 586 1791 Qui
611 1722 718 1782 borum
743 1723 815 1802 quid
841 1722 1032 1784 acerbissime

73 1805 338 1887 crudelissimeque
354 1807 560 1875 laceratiset
573 1807 660 1866 viret
675 1806 746 1866 civis
757 1808 888 1904 optimus
902 1806 1031 1868 habeba·

73 1898 132 1951 tur.
169 1890 241 1951 Erat
260 1891 346 1970 plena
366 1891 506 1964 lictorum
521 1892 578 1951 et'
570 1892 767 1989 rmperiorum
787 1892 953 1989 provincia,
975 1891 1060 1951 dil-t

73 1975 152 2036 ierta
172 1968 332 2052 praelectis
352 1982 439 2055 atque
460 1974 662 2043 exactoribus,
689 1977 741 2054 qui
760 1992 797 2054 pr
799 1982 881 2035 aeter
905 1976 1032 2055 impera·

73 2067 120 2120 tas
146 2061 288 2138 pecunias
313 2077 369 2118 suo
393 2061 482 2120 etiam
507 2061 623 2138 privato
649 2059 823 2139 compendio
845 2059 1031 2121 serviebant.

74 2141 251 2205 dictitabant
271 2145 365 2214 enim,
392 2162 423 2204 se
445 2143 532 2204 domo
560 2144 714 2223 patriaque
735 2144 873 2224 expulsos
894 2143 1034 2206 omnibus

73 2229 254 2289 necessariis
273 2245 361 2306 egere
381 2227 487 2298 rebus,
508 2228 685 2288 cohonestat
710 2230 946 2309 praescriptione
966 2247 1030 2289 rem

74 2313 277 2390 turpissimam
296 2317 440 2389 tegerent.
475 2311 664 2372 Accedebant
686 2312 721 2372 ad
746 2312 820 2373 haec
840 2315 1059 2390 gravissimaeo

74 2413 191 2465 usurae,
208 2396 310 2487 quod
302 2414 333 2457 m
348 2395 426 2456 bebo
441 2397 618 2477 plerumque
633 2396 769 2457 accidere
785 2396 945 2467 consuevit,
965 2399 1031 2457 uni·

73 2483 170 2541 versis
189 2475 342 2559 impe'ratis
361 2482 512 2560 pecuniis;
538 2479 681 2562 quibus'
673 2497 705 2540 m
724 2479 817 2542 rebus
836 2481 1033 2561 prolationem

74 2565 137 2626 diei
158 2564 350 2626 donationem
368 2583 433 2627 esse
454 2563 604 2626 dicebant
633 2564 736 2644 ltaque
753 2583 803 2626 aes
818 2565 948 2626 alienum
962 2583 1031 2644 pro·

75 2651 190 2710 vinciae
210 2667 246 2709 eo
268 2648 389 2710 biennio
410 2649 639 2729 multiplicatum
660 2656 714 2710 est.
751 2648 854 2730 Neque
875 2651 973 2710 minus
993 2650 1060 2710 obss

75 2753 142 2794 eam
157 2751 275 2794 causam
290 2732 406 2795 civibus
420 2733 561 2795 Romanis
575 2737 640 2795 eius
654 2733 833 2812 provinciae,
855 2733 907 2795 sed
923 2734 956 2793 in
971 2735 1031 2794 sin·

74 2818 160 2897 gulos
188 2825 349 2879 conventus
378 2819 567 2899 singulasque
596 2820 731 2879 civitates
760 2825 860 2878 certae
888 2818 1033 2897 pecuniae

74 2902 315 2982 imperabantur,
337 2911 513 2982 mutuasque
533 2902 599 2963 illas
619 2920 655 2962 ex
678 2900 932 2963 senatusconsulto
953 2903 1033 2978 exigi

75 2986 265 3057 dictitabant;
287 2987 461 3067 publicanis,
486 2989 540 3048 ut
532 3004 564 3047 m
580 2986 665 3066 Syria
679 2986 827 3057 fecerant,
848 2985 1034 3065 insequentis

74 3089 143 3133 anm
135 3071 283 3147 vectigal
297 3079 497 3152 promutuum.
1091 3072 1119 3122 s

137 3155 271 3216 XXXlll.
305 3157 464 3217 Praeterea
483 3156 594 3236 Ephesi
621 3175 638 3217 a
658 3156 728 3217 fano
749 3154 860 3217 Dianae
881 3154 1058 3235 depositasl

74 3242 239 3321 antiquitus
259 3243 401 3320 pecunias
422 3240 523 3340 Scipio
546 3239 611 3301 tolli
630 3239 765 3302 iubebat.
801 3240 946 3319 Certaque
967 3242 1033 3301 eius

72 3327 119 3385 rei
140 3325 188 3385 die
209 3327 367 3386 constituta
388 3343 457 3385 cum
477 3327 510 3385 in
529 3325 631 3386 tanum
649 3332 770 3387 ventum
791 3332 871 3386 esset
891 3324 1033 3386 adhibitis

74 3408 279 3489 compluribus
298 3409 440 3471 senatorii
461 3409 589 3478 ordinis,
615 3426 690 3489 quos
711 3407 903 3470 advocaverat
922 3409 1032 3488 Scipio,

32 3547 35 3553 .
73 3492 192 3555 litterae
218 3495 247 3554 ei
272 3494 439 3556 redduntur
463 3512 480 3557 a
504 3493 668 3576 Pompeio,
696 3512 784 3559 mare
805 3495 961 3556 transisse
979 3505 1058 3550 enm

817 3593 926 3648 μ’
