2356 3870
324 232 473 290 90111111.
495 234 572 290 CAP.
586 234 782 291 bxv-LXX.
990 229 1032 294 33

70 407 160 480 atque
181 399 355 478 Octogesam
376 400 584 479 pertinebant,
607 404 714 470 castris
735 402 863 461 bostium
886 402 1031 480 oppositis

70 482 262 544 tenebantur.
292 482 352 563 Ipsi
366 483 452 544 eran't
467 485 719 546 transcendendae
732 485 820 546 valles
835 487 980 546 maximae
996 491 1059 544 aca

71 568 276 636 dillicillimae,
290 585 358 628 saxa
371 568 472 629 multis
486 568 560 630 locis
570 577 732 648 praerupta
748 571 807 629 iter
818 568 1030 648 impediebant,

71 660 105 713 ut
121 670 203 713 arma
218 670 273 730 per
288 670 393 713 manus
406 655 577 715 necessario
591 653 782 714 traderentur
799 653 969 732 militesque
985 654 1031 713 in·

72 737 148 801 ormi
170 735 374 814 sublevatique
400 735 450 796 3111
472 735 508 797 ab
530 736 595 797 aliis
615 753 752 814 magnam
773 744 889 816 partem
914 739 1033 796 itineris

71 821 263 900 conficerent.
305 819 363 879 Sed
383 819 462 880 huno
482 817 617 881 laborem
636 819 795 882 recusabat
820 837 924 888 nemo,
951 820 1058 899 quoda

72 922 142 966 eum
157 905 290 965 omnium
306 902 441 966 laborum
451 905 540 966 finem
554 905 618 964 lore
635 903 858 972 existimabant,
876 907 901 965 si
917 900 1032 965 bostem

72 987 188 1050 Hibero
203 986 403 1048 intercludere
419 995 449 1048 et
462 989 612 1055 frumento
628 988 788 1067 prohibere
803 988 979 1067 potuissent.

136 1070 279 1132 LXVIIll.
314 1071 356 1132 lo
375 1074 473 1150 primo
492 1073 645 1133 Alraniani
670 1071 782 1133 milites
801 1073 916 1133 visendi
942 1080 1058 1133 causal

72 1157 144 1217 laeti
171 1173 207 1215 ex
228 1157 336 1216 castris
360 1155 578 1233 procurrebant
603 1156 884 1236 contumeliosisque
910 1156 1033 1217 vocibus

72 1237 347 1321 prosequebantur:
369 1242 533 1300 necessarii
552 1241 649 1300 victus
668 1242 769 1320 inopia
792 1247 910 1301 coactos
927 1241 1033 1318 lugere

73 1331 165 1404 atque
179 1323 216 1384 ad
232 1322 358 1382 Ilerdam
373 1326 494 1383 reverti.
524 1324 595 1385 Erat
610 1325 689 1385 enim
710 1327 801 1385 itera
820 1327 972 1404 proposito
987 1325 1031 1385 di-

72 1425 208 1478 versum,
228 1408 468 1486 contrariamque
488 1409 521 1467 in
540 1415 656 1487 partem
674 1409 713 1469 iri
732 1408 899 1470 videbatur.
933 1408 1058 1468 [lucesa

73 1511 146 1552 vero
162 1509 265 1556 eorum
280 1491 437 1552 consilium
461 1509 548 1552 suum
569 1491 708 1553 laudibus
728 1491 880 1562 ferebant,
901 1493 979 1572 quod
1001 1511 1033 1552 se

75 1578 182 1637 castris
197 1577 380 1646 tenuissent;
402 1576 586 1656 multumque
602 1593 705 1636 eorum
725 1578 897 1655 opinionem
913 1576 1033 1636 adiuva·

75 1659 141 1729 bat,
163 1660 242 1739 quod
264 1662 329 1720 sine
344 1661 488 1720 iumentis
509 1660 791 1739 impedimentisque
807 1660 843 1720 ad
860 1662 919 1720 iter
934 1661 1003 1739 prol
1022 1692 1033 1705 ·

75 1752 140 1806 ctos
159 1742 314 1812 videbant,
341 1751 375 1804 ut
400 1762 458 1805 non
486 1762 573 1823 posse
600 1746 731 1823 inopiam
752 1738 864 1804 diutius
885 1747 1034 1805 sustinere

74 1827 269 1890 confiderent.
305 1827 363 1887 Sed
379 1827 431 1888 ubi
451 1828 594 1907 paulatim
607 1829 775 1908 retorqueri
790 1844 896 1904 agmen
911 1828 948 1887 ad
963 1828 1061 1889 dex-a

75 1922 153 1975 tram
168 1919 386 1990 conspexerunt
400 1914 518 1991 iamque
533 1914 645 1991 primos
660 1929 802 1991 superare
816 1913 971 1990 regionem
987 1930 1034 1972 oa·

76 2005 207 2059 atrorum
222 1997 354 2055 animum
369 1996 575 2066 adverterunt,
597 2015 684 2057 nemo
700 2002 764 2056 erat
779 1996 853 2056 adeo
867 1995 970 2056 tardus
985 2002 1036 2056 aut

75 2080 195 2158 lugiens
214 2078 340 2149 laboris,
362 2080 433 2159 quin
454 2083 553 2141 statim
573 2082 679 2142 castris
700 2080 868 2141 exeundum
884 2089 970 2158 atque
986 2098 1034 2140 oc·

76 2162 259 2225 currendum
273 2169 402 2242 putaret.
439 2163 643 2225 Conclamatur
658 2164 694 2224 ad
710 2182 805 2232 arma,
827 2171 917 2243 alque
932 2170 1062 2224 omnesl

74 2249 181 2327 copiae
204 2249 309 2326 paucis
328 2247 479 2326 praesidio
493 2248 608 2309 relictis
621 2247 794 2308 cohortibus
809 2254 919 2308 exeunt
939 2255 1035 2308 recto·

75 2349 136 2413 que
153 2331 189 2391 ad
204 2330 348 2391 Hiberum
366 2334 474 2392 itinere
490 2332 683 2393 contendunt.

141 2415 231 2477 Lxx.
254 2415 326 2476 Erat
341 2417 372 2475 in
387 2416 540 2479 celeritate
555 2434 641 2478 omne
656 2418 789 2495 positum
799 2423 959 2483 certamen,
975 2416 1063 2475 utril

77 2501 165 2581 prius
191 2501 342 2576 angustias
367 2506 541 2579 montesque
566 2507 761 2578 occuparent;
793 2500 844 2560 sed
871 2500 1037 2560 exercitum

78 2585 216 2648 Caesaris
240 2585 353 2643 viarum
381 2584 570 2645 difficultates
594 2583 766 2654 tardabant,
796 2584 911 2645 Afranii
937 2583 1037 2660 copias
1066 2663 1067 2666 Ἴ

78 2669 229 2748 equitatus
244 2665 379 2728 Caesaris
398 2669 560 2748 insequens
579 2667 761 2729 morabatur.
798 2666 857 2728 Res
879 2674 978 2726 tamen
999 2665 1062 2725 aba

78 2752 250 2815 Afranianis
271 2751 330 2811 huc
350 2757 415 2811 erat
435 2753 603 2813 necessario
629 2752 769 2821 deducta,
796 2759 843 2820 ut,
870 2753 896 2810 si
921 2751 1038 2828 priores

78 2843 210 2905 montes,
225 2852 300 2914 quos
319 2835 474 2914 petebant,
496 2838 678 2914 attigissent,
701 2838 760 2916 ipsi
775 2834 941 2914 periculum
964 2835 1036 2891 vita·
1084 2864 1086 2872 ·

78 2929 161 2989 rent,
183 2919 395 2997 impedimenta
409 2922 502 2981 totius
516 2922 665 2980 exercitus
680 2919 868 2999 cohortisque
884 2920 915 2977 in
931 2917 1037 2978 castris
1083 2927 1085 2930 ·

78 3004 201 3065 relictas
216 3021 335 3065 servare
349 3022 408 3080 non
428 3011 564 3082 possent;
585 3003 695 3084 quibus
715 3004 886 3069 interclusis
903 3002 1038 3062 exercitu

79 3088 217 3153 Caesaris
237 3087 378 3148 auxilium
398 3089 473 3148 ferri
498 3088 579 3148 nulla
599 3091 715 3150 ratione
741 3095 865 3167 poterat.
902 3084 1063 3146 Conlecilt

78 3175 165 3252 prior
186 3174 244 3232 iter
258 3171 366 3232 Caesar
381 3179 468 3252 atque
485 3190 521 3232 ex
541 3175 657 3250 magnis
671 3171 798 3250 rupibus
817 3179 922 3232 nactus
942 3170 1037 3249 plani·

79 3258 158 3316 ciem
172 3258 205 3316 in
220 3255 276 3316 bac
291 3263 393 3317 contra
408 3257 523 3318 hostem
538 3258 633 3316 aciem
647 3258 779 3318 instruit.
806 3256 955 3323 Afranius,
970 3271 1038 3314 oum

77 3338 118 3400 ab
134 3341 269 3420 equitatu
290 3342 481 3416 novissimum
503 3357 609 3416 agmen
627 3346 829 3419 premeretur,
852 3344 921 3398 ante
939 3357 970 3398 se
985 3338 1037 3396 ho-

79 3430 158 3485 stem
172 3424 295 3493 videret,
312 3424 417 3485 collem
433 3424 580 3504 quendam
595 3431 701 3484 nactus
715 3423 762 3485 ibi
775 3423 924 3484 constitit.
943 3419 995 3480 Cn
1005 3427 1075 3478 eon

77 3506 145 3570 leco
160 3520 216 3568 1111
230 3515 407 3570 cetratorum
423 3509 558 3572 coborlis
573 3510 606 3573 in
622 3517 772 3585 montem,
787 3512 845 3592 qui
859 3507 980 3569 eratin
992 3519 1068 3560 con-

119 3616 142 3652 o.
158 3619 211 3654 ron.
230 3619 299 3655 cara.
328 3621 358 3658 n.
380 3610 385 3618 '
848 3611 871 3662 3
