2356 3870
119 195 163 263 56
438 199 486 257 on
508 200 622 258 nunno
645 199 755 258 civim

120 369 248 429 Curione
270 367 491 437 intercedebat,
513 368 592 447 quod
613 366 751 428 tribunus
770 366 869 447 plebis
890 365 987 446 legem
1006 383 1078 446 pro·

94 452 316 529 emulgererat,
338 470 396 532 qua
416 452 482 529 lege
502 469 627 529 regnum
642 450 733 512 Iubae
754 450 966 530 publicaverat.
1000 450 1078 512 Con·

119 543 244 597 omrunt
264 537 381 615 equites
399 538 479 596 inter
500 553 547 606 se3
575 553 672 615 neque
692 553 763 596 vero
781 537 912 615 primum
934 538 1079 614 impeturn·

119 626 289 681 nostrorum
305 619 450 681 Numidae
470 620 552 680 ferre
566 627 741 699 potuerunt,
764 619 817 680 sed
837 621 1004 680 interfectis
1018 619 1078 679 cir·

119 706 196 764 citer
216 717 286 765 cxx
307 704 416 783 reliqui
437 721 468 764 se
489 705 522 765 in
541 710 639 765 castra
665 703 701 765 ad
723 703 865 782 oppidum
886 711 1080 782 receperunt.

93 787 245 849 eInterim
258 788 386 850 adventu
395 788 550 865 longarum
564 789 683 848 narium
694 788 784 849 Curio
795 789 990 868 pronuntiare
1006 804 1079 857 one,-

119 873 211 933 rariis
236 872 362 934 navibus
382 872 480 941 iubet,
510 889 586 950 quae
602 870 726 938 stabant
752 871 788 932 ad
811 872 927 933 Uticam
952 889 1081 932 numero

120 959 243 1018 circiter
263 968 319 1027 cc,
348 975 380 1016 se
403 959 432 1016 in
454 956 584 1016 bostium
604 954 778 1016 habiturum
797 955 877 1026 loco,
907 957 960 1036 qui
980 972 1040 1015 non
1061 970 1080 1015 a

93 1043 245 1118 tvestigio
260 1041 296 1101 ad
306 1041 409 1101 Castra
424 1039 599 1100 CorneIIana
613 1040 803 1100 traduxisset.
826 1038 888 1110 Qua
902 1041 1081 1119 pronuntia-

94 1174 96 1177 .
121 1126 203 1185 tione
221 1125 298 1185 lacta
316 1125 460 1202 temporis
481 1130 591 1202 puncto
610 1122 736 1185 sublatis
757 1125 874 1184 ancoris
894 1141 997 1184 omnes
1012 1123 1080 1184 Uti·

121 1225 188 1269 cam
202 1208 374 1286 relinquunt
389 1214 433 1277 et,
454 1225 514 1286 quo
530 1208 708 1286 imperatum
725 1215 785 1277 est,
801 1213 966 1269 transeunt.
996 1205 1081 1276 Quae

121 1309 171 1351 res
185 1293 316 1352 omnium
330 1309 431 1351 rerum
448 1293 532 1370 copia
548 1291 704 1370 complevit
718 1294 893 1352 exercitum.

95 1381 110 1430 1
185 1374 286 1435 XXVI.
317 1374 370 1435 llis
389 1374 481 1435 rebus
500 1377 593 1452 gestis
614 1375 703 1436 Curio
729 1393 761 1436 se
786 1378 817 1435 in
839 1382 938 1437 costra
961 1375 997 1435 ad
1022 1374 1080 1435 Ba·

121 1459 242 1536 graciam
266 1459 374 1538 recipit
396 1466 484 1537 atque
510 1459 643 1519 universi
670 1462 819 1519 exercitus
845 1459 1080 1520 conclamatione

122 1544 283 1621 imperator
309 1543 476 1622 appellatur
500 1549 677 1622 posteroque
703 1543 752 1603 dle
778 1545 941 1603 exercitum
961 1542 1081 1604 Uticam

94 1627 206 1687 educit
228 1633 259 1688 et
282 1644 376 1707 prope
401 1627 544 1706 oppidum
568 1635 663 1689 castra
688 1629 782 1706 ponit.
825 1626 963 1687 Nondum
987 1644 1081 1706 opere

121 1719 284 1772 castrorum
305 1712 439 1790 perlecto
459 1715 576 1791 cquItcs
595 1729 632 1772 ex
651 1713 777 1773 statione
797 1713 950 1779 nuntiant,
971 1727 1080 1788 magna

121 1794 230 1856 auxilia
241 1799 373 1875 equitum
388 1795 580 1875 peditumque
596 1796 633 1856 ab
642 1812 713 1873 rege
727 1797 817 1856 missa
828 1794 942 1856 Uticam
958 1796 1079 1866 venire3

122 1879 285 1958 eodemque
309 1887 444 1960 tempore
466 1882 512 1940 vis
536 1897 643 1957 magna
667 1880 798 1958 pulveris
824 1877 1018 1948 cernebatur,
1049 1885 1080 1940 et

94 1960 247 2041 ovesttgn
262 1965 406 2042 temporis
420 1965 550 2042 primum
571 1980 676 2040 agmen
691 1970 755 2023 erat
770 1964 801 2022 in
817 1970 988 2042 conspectu.
1019 1961 1080 2023 No·

121 2048 213 2107 vitate
228 2048 273 2106 rei
285 2047 375 2107 Curio
390 2053 542 2125 permotus
556 2049 720 2126 praemittit
735 2049 864 2126 equites,
880 2049 933 2126 qui
947 2049 1079 2126 primum

122 2131 267 2209 impetum
281 2133 447 2190 sustineant
462 2148 495 2191 ac
509 2137 680 2200 morentur;
701 2132 766 2209 ipse
781 2130 920 2190 celeriter
935 2129 972 2191 ab
987 2149 1080 2210 opere

93 2213 259 2274 4deductIs
277 2212 446 2291 legionibus
466 2216 560 2274 aciem
579 2216 712 2274 instruit.
741 2214 923 2294 Equitcsque
943 2217 1080 2276 commit·

120 2304 188 2358 tunt
207 2297 354 2377 proellum
374 2304 418 2366 et,
439 2300 613 2377 priusquam
629 2299 715 2377 plane
730 2298 864 2376 legiones
883 2298 1028 2377 explicari
1047 2306 1080 2360 ct

47 2455 51 2462 ἱ
120 2383 285 2442 consistere
299 2389 435 2460 possent,
457 2389 517 2442 tota
532 2383 642 2443 auxilia
656 2384 737 2459 regis
751 2382 895 2462 impedita
910 2400 944 2443 ac
958 2390 1078 2463 pertur-

120 2464 203 2534 bata,
230 2465 318 2566 quod
328 2465 408 2526 nullo
430 2465 535 2527 ordine
551 2468 660 2527 etsine
675 2468 782 2527 timore
799 2468 858 2526 iter
873 2467 1021 2538 fecerant,
1046 2470 1080 2530 in

118 2550 219 2627 lugam
235 2551 386 2610 coniciunt
401 2551 591 2649 equitatuque
606 2568 687 2610 ornnr
677 2551 763 2611 lere
778 2551 934 2619 incolumi,
951 2551 1029 2630 quod
1045 2570 1079 2613 se

118 2650 175 2714 per
190 2633 277 2693 litora
292 2633 455 2694 celeriter
447 2651 478 2694 rn
493 2634 633 2713 oppidum
644 2637 772 2714 recepIt,
789 2652 928 2712 magnum
943 2636 1080 2753 pediturn

121 2734 280 2777 numerum
295 2718 489 2778 interficiunt.

95 2805 110 2854 1
185 2800 302 2862 XXVII
345 2801 483 2862 Proxima
507 2809 594 2863 nocte
623 2804 813 2864 centuriones
837 2804 926 2864 Marsi
957 2804 1015 2864 duo
1043 2822 1079 2865 ex

120 2885 226 2946 castris
242 2884 381 2946 CurionIs
400 2903 467 2946 curn
482 2886 715 2965 manipularibus
738 2891 800 2948 suls
814 2901 891 2948 xxn
914 2888 950 2947 ad
965 2887 1080 2948 Attium

92 2967 228 3030 avarum
248 2971 432 3047 perfugiunt.
469 2970 507 3030 Ili
527 2972 605 3040 sire,
630 2989 808 3051 veroquam
829 2971 995 3032 habuerant
1014 2974 1080 3051 opi-

119 3053 254 3122 nionem,
276 3053 312 3114 ad
327 3071 395 3113 eurn
410 3055 581 3133 perferunt,
602 3056 664 3116 sire
685 3058 775 3116 etiam
795 3055 918 3116 auribus
932 3055 1000 3116 Vari
1015 3073 1080 3117 ser·

119 3137 204 3196 riunt
226 3167 270 3180 —-
293 3154 360 3197 nam
380 3155 456 3216 quae
478 3138 626 3209 volumus,
653 3145 683 3200 ct
705 3139 855 3199 credimus
877 3138 1021 3210 libenter,
1049 3147 1081 3201 et

119 3234 195 3295 quae
215 3221 360 3280 sentImus
374 3222 448 3301 ipsi,
471 3221 603 3302 reliquos
617 3225 729 3284 sentire
749 3239 904 3302 speramus
923 3255 983 3294 ·-,
1006 3242 1081 3285 oon·

119 3303 239 3363 firmant
249 3304 369 3381 quidem
379 3313 471 3374 certe,
487 3308 579 3368 totius
593 3309 744 3367 exercitus
758 3309 874 3368 animos
884 3306 997 3368 alienos
1011 3326 1081 3370 esse

120 3384 296 3457 accarone,
322 3390 507 3470 maximeque
527 3408 602 3470 opus
623 3408 704 3461 esse,
734 3393 971 3471 inconspectum
992 3410 1080 3453 exer·

118 3471 212 3534 citum
233 3473 335 3536 venire
356 3480 387 3537 et
404 3473 596 3559 colloquendi
614 3475 686 3544 dare
706 3474 887 3538 lacultatem.
929 3472 994 3546 Qua
1013 3479 1080 3558 opi·
