2356 3870
290 220 404 278 comm.
418 222 452 277 11.
476 221 552 278 coe.
565 222 795 303 xxx-mm
977 221 1020 286 59

60 402 240 465 maynaqne
259 402 297 446 en
305 387 399 464 parte
412 383 480 447 iam
496 403 545 448 me
564 404 632 449 nno
651 384 807 450 nobiscnm
826 387 864 451 de
881 408 917 451 re
935 388 1018 452 indi·

60 468 146 533 einm
158 467 319 547 faetnnnm
333 467 462 548 eonsieio.
560 508 562 516 ι

125 553 246 614 XXXII.
275 553 405 614 Dimisso
420 554 545 614 consitio
560 557 729 615 contionem
744 556 865 617 advocat
879 558 1017 619 militum.
1030 568 1044 616 1

60 638 292 706 Commemorat,
322 656 381 716 quo
402 639 442 698 sit
460 656 564 698 eorum
590 657 663 699 usus
682 640 780 699 studio
800 641 836 701 ad
858 641 1017 703 Corfinium

60 723 184 791 Caesar,
208 729 240 781 ut
254 738 390 797 magnam
405 729 519 799 partem
535 721 635 782 Italiae
651 720 796 783 beneficio
817 731 903 803 atque
919 733 1018 786 auoto-

58 808 149 866 ritate
164 823 267 866 eorum
278 821 360 864 suam
376 806 492 865 fecerit.
522 801 583 866 Vos
596 803 679 866 enim
692 807 886 885 aestrnmqne
897 806 1043 886 faetnme

58 887 183 964 omnio,
205 890 318 967 inquit,
340 886 481 966 deinceps
501 886 676 968 muninime
695 893 769 951 snnt
781 894 900 967 senato,
921 910 1018 971 neone

57 972 128 1035 sine
141 988 239 1034 consa
253 973 282 1033 et
297 967 415 1034 Gaesao
436 971 623 1034 amicissime
637 971 773 1036 devotis
787 976 816 1036 et
833 973 883 1037 itti
894 975 1017 1054 oravis-

58 1056 137 1119 sime
157 1054 381 1118 indicaverant.
413 1051 582 1135 Pompeias
601 1055 684 1118 enim
705 1055 791 1120 nniio
806 1057 926 1137 proelio
939 1058 1042 1138 ont-s

58 1156 115 1202 sns
142 1137 236 1202 oasim
262 1136 341 1216 faeti
364 1138 564 1218 manndieio
588 1138 726 1203 demotus
749 1138 851 1204 Italia
875 1143 1017 1220 excessit,-

59 1221 181 1301 Gaesar
195 1241 257 1298 me,
279 1240 369 1301 qnam
382 1221 444 1285 sibi
463 1222 662 1285 eorissiemm
675 1222 800 1301 iatnit,
816 1226 1017 1305 provinciam

57 1305 204 1372 Siciliam
218 1308 309 1385 atone
321 1303 484 1383 Africam,
505 1306 573 1369 sine
587 1306 699 1385 qnibns
712 1306 820 1370 arbem
839 1311 931 1388 atqne
946 1309 1016 1373 Ita

57 1390 138 1456 tiam
158 1388 238 1453 tneri
251 1408 316 1452 non
323 1392 437 1470 potest,
458 1393 577 1453 nestrae
595 1390 670 1471 fidei
683 1392 844 1454 commisit.
878 1390 1043 1472 Adsnnt,4

56 1473 115 1556 qni
133 1491 187 1536 eos
206 1472 381 1551 tententur,
404 1477 440 1536 nt
459 1493 480 1536 o
494 1473 583 1537 nobis
602 1474 784 1538 deseosoatis.
831 1472 915 1553 Qam
933 1478 1017 1541 enim

57 1561 105 1622 est
117 1556 181 1620 iilis
194 1557 338 1637 optatius,
355 1575 451 1636 qnam
464 1576 527 1620 nno
541 1560 674 1637 monnone
687 1561 783 1635 einos
796 1559 1017 1625 eirenmoenire

57 1645 88 1706 et
106 1659 160 1705 nos
173 1640 295 1720 nefario
315 1640 424 1704 sceiere
444 1639 655 1720 obstmnaeee?
683 1644 741 1704 ant
755 1641 833 1721 qnid
849 1642 928 1705 irati
939 1664 1016 1724 yro-
1051 1638 1056 1645 '

57 1725 129 1790 eins
142 1725 178 1787 ete
191 1724 276 1788 nobis
289 1724 402 1788 sentire
411 1726 552 1804 possam,
569 1743 665 1803 qnam
678 1727 714 1787 nt
727 1743 777 1788 eos
785 1725 945 1805 prodatis,
960 1727 1017 1806 qni

56 1827 91 1873 se
113 1807 198 1872 vobis
219 1808 327 1871 omnio
349 1807 454 1872 debere
473 1807 628 1885 indicant,
657 1808 695 1870 in
713 1827 819 1872 eornm
834 1812 1016 1890 potestatem

57 1892 200 1968 veniatis,
217 1892 272 1971 qni
284 1910 317 1954 se
325 1911 386 1972 per
399 1909 453 1954 eos
461 1892 581 1971 perisse
594 1890 796 1955 existimant?
814 1890 880 1956 ¹An
893 1913 964 1957 aero
977 1896 1041 1958 ino

57 1975 225 2058 Hispania
244 1993 294 2038 res
311 1979 414 2056 aestas
429 1972 576 2039 Caesaris
595 1994 659 2038 non
674 1975 830 2039 amatistes?
852 1977 930 2040 dnos
937 1977 1012 2058 pni-

57 2078 108 2124 sos
133 2057 307 2123 exereitns?
341 2058 419 2122 dnos
442 2063 604 2138 snperatos
628 2058 742 2122 ainees?
774 2059 855 2124 oinos
879 2066 1015 2142 reseptos

53 2141 260 2226 provincias?
280 2141 355 2206 haee
369 2145 440 2206 oeta
455 2142 561 2206 diebos
574 2159 627 2220 xo,
650 2142 762 2223 qnibns
775 2143 811 2207 in
825 2148 1015 2225 oonspeetnm

57 2227 313 2292 adversariornm
326 2227 443 2290 emerit
458 2224 599 2291 Caesar?
619 2224 690 2304 An,
711 2228 766 2307 qni
779 2227 946 2292 incolumes
966 2241 1042 2292 reo

56 2312 165 2376 sistere
178 2330 243 2374 non
251 2313 435 2391 potnerunt,
445 2310 565 2390 perditi
578 2309 748 2374 resistant?
768 2329 821 2374 oos
841 2315 946 2376 antem
964 2313 1014 2376 in·

56 2398 143 2477 certa
169 2394 301 2458 matoria
328 2391 493 2458 Gaesarem
520 2393 615 2457 semoti
643 2394 818 2458 diindieata
845 2395 913 2458 iam
944 2394 1015 2459 oeae

54 2477 188 2558 [ortano
207 2478 323 2542 vietam
341 2477 534 2556 sequamini,
556 2496 627 2541 enm
647 2478 741 2541 nestri
759 2476 857 2559 officii
868 2479 1015 2558 proemio

52 2562 211 2644 penitere
231 2559 386 2625 debeatis?
407 2559 553 2625 Desertos
571 2561 656 2625 enim
673 2579 706 2624 se
720 2579 758 2624 oe
765 2562 907 2642 proditos
926 2583 948 2627 a
961 2573 1040 2626 oon

57 2644 107 2710 oo
134 2645 242 2709 diennt
266 2649 295 2708 et
312 2644 435 2725 prioris
458 2644 648 2709 soeramenti
673 2645 857 2710 mentionem
880 2644 1012 2724 foeinnt.

64 2727 165 2793 Vosne
187 2747 257 2792 aero
278 2726 317 2790 L.
333 2725 524 2806 Domitium,
547 2748 591 2792 an
609 2747 662 2792 eos
676 2725 837 2811 Domitios
857 2728 1040 2793 desernitte

57 2810 174 2876 Nonne
194 2816 363 2876 eaeteemom
378 2812 451 2892 pati
469 2811 632 2892 fontanam
644 2816 780 2894 paratos
788 2813 921 2893 proiecit
940 2811 1015 2876 iile?

56 2915 161 2960 nonne
174 2896 235 2960 sibi
249 2895 334 2959 eiamw
343 2896 429 2959 vobis
441 2896 574 2960 salntem
587 2895 667 2976 faya
676 2895 810 2976 petivit?
822 2914 927 2960 mnne
936 2914 1012 2977 nro-

56 2980 117 3043 diti
129 3000 191 3060 per
209 2979 300 3044 ittam
316 2977 462 3044 Caesaris
481 2979 624 3062 beneficio
645 2980 717 3044 estis
737 2978 931 3044 conservati?
952 2978 1039 3043 Sne

56 3067 214 3128 eramento
235 3063 360 3143 quidem
378 3082 431 3127 eos
451 3067 551 3127 tenere
570 3063 626 3144 qni
640 3063 760 3144 potnit,
783 3082 856 3127 enm
867 3064 1016 3144 proiectis

54 3146 194 3228 saseibns
214 3151 243 3210 et
263 3147 397 3228 deposito
416 3147 547 3228 imperio
562 3147 710 3228 miootns
730 3151 759 3210 et
772 3150 882 3228 eaptns
895 3148 1016 3229 ipsein

57 3231 197 3296 atienam
210 3231 341 3294 oenisset
347 3230 552 3312 potestatem?
574 3229 778 3310 Relinqnitm
792 3251 875 3296 noea
894 3231 1012 3312 reliqio,

56 3319 94 3379 nt
117 3335 150 3380 eo
175 3314 306 3395 neoieeto
330 3319 537 3393 sacramento,
566 3334 626 3395 qno
653 3315 814 3392 teneenini,
840 3314 1016 3396 respiciatis

55 3397 151 3476 inni,
160 3408 164 3413 ’
173 3399 256 3479 qnid
275 3398 427 3463 deditione
442 3398 529 3462 eineis
542 3402 572 3462 et
585 3397 697 3478 eapitis
717 3397 928 3463 deminutione
941 3397 1014 3462 snb-

54 3481 157 3550 iatnm
181 3485 233 3548 est.
272 3479 331 3560 At,
357 3482 458 3563 ereata,
478 3483 522 3568 si,
537 3479 708 3551 Caesonem
730 3482 898 3570 probatis,
919 3482 961 3546 im
983 3491 1087 3544 mem
