2356 3870
359 184 436 241 CAP.
450 184 727 239 XXXVI—XXXX
982 180 1025 245 23

54 335 160 395 locum
183 334 316 402 deduxit,
340 353 399 413 quo
422 335 542 411 longius
565 336 762 395 constituerat
779 353 863 396 suam
878 353 937 395 non
954 353 1024 413 pro·

52 419 171 479 ducere
193 421 299 479 aciem.
344 418 426 477 lnter
449 419 502 478 lias
524 421 619 478 lossas
642 421 736 478 aciem
759 437 877 497 semper
894 422 1062 479 instrue-4

57 503 126 572 bat,
151 505 317 582 equitatum
339 511 438 561 autem
463 520 582 562 omnem
606 501 642 561 ab
658 501 805 562 lateribus
818 505 1024 563 extralossam
1052 525 1053 529 ¹

55 586 242 655 collocabat;
266 587 318 665 qui
340 604 437 664 neque
460 586 548 646 aliter
571 586 654 645 utilis
676 604 742 646 esse
764 593 881 664 poterat
895 595 925 647 et
939 586 1016 647 mul·

56 679 123 730 tum
145 688 271 731 numero
293 669 427 730 anteibat
447 678 584 731 nostrum
606 672 781 747 equitatum.

122 753 292 814 XXXVllll.
343 752 492 814 Domitius
521 762 638 823 autern,
669 772 737 814 cum
765 755 899 815 Caesaris
926 757 1057 832 magisl

58 839 199 918 periculo
221 856 309 916 quam
333 856 387 897 suo
411 846 665 905 commoveretur,
694 856 791 917 neque
819 857 851 898 se
872 845 938 898 tuto
962 839 1023 898 dis·

58 941 218 982 cessurum
240 921 458 990 arbitraretur,
488 924 514 981 si
544 923 746 991 condiciones,
770 940 843 1001 quas
864 924 1023 990 reiecerat,

58 1024 167 1066 rursus
202 1006 358 1084 adpeteret
391 1013 443 1065 aut
473 1007 539 1066 sine
575 1008 739 1066 certamine
771 1005 953 1073 discederet,
987 1023 1024 1066 ex

58 1093 241 1169 propinquis
264 1092 372 1150 castris
395 1092 427 1150 in
449 1091 545 1150 aciem
569 1092 734 1151 exercitum
758 1090 876 1158 eduxit3
899 1101 1060 1152 xxxvm

57 1175 211 1252 legionem
234 1176 265 1233 in
289 1174 393 1234 dextro
416 1192 511 1234 cornu
527 1175 694 1242 collocavit,
716 1173 870 1235 Ponticam
894 1175 925 1233 in
948 1175 1023 1233 sini·

57 1266 141 1326 stro,
163 1257 298 1318 Deiotari
320 1258 455 1335 legiones
479 1260 509 1318 in
532 1259 661 1319 mediam
684 1260 780 1319 aciem
796 1258 932 1326 contulit,
955 1259 1042 1336 qui·,
1124 1267 1127 1274 '

58 1341 118 1401 bus
139 1349 240 1402 tamen
268 1343 513 1418 angustissimam
544 1341 733 1402 intervallum
762 1344 870 1402 lrontis
898 1342 1024 1420 reliquit

58 1424 187 1503 reliquis
210 1424 387 1485 cohortibus
410 1426 442 1484 in
464 1424 609 1486 subsidiis
632 1425 796 1486 collocatis.
842 1425 892 1485 Sic
914 1428 1024 1486 utrim-

54 1528 118 1588 que
141 1510 206 1569 acie
230 1511 375 1569 instructa
397 1526 572 1587 processum
596 1509 699 1569 estad
723 1509 937 1569 dimicandum.

123 1591 240 1653 XXXX.
285 1592 376 1670 Signo
404 1592 460 1652 sub
489 1592 568 1652 idem
595 1602 714 1671 tempus
741 1593 778 1652 ab
801 1600 929 1671 utroque
952 1592 1020 1653 dato
1044 1611 1059 1659 1

56 1679 270 1738 concurritur:
294 1679 406 1736 acriter
427 1678 570 1755 varieque
593 1684 753 1755 pugnatur.
803 1676 877 1736 Nam
899 1690 1021 1735 xxxvr.

57 1761 157 1839 legio,
181 1779 248 1821 cum
272 1768 355 1820 extra
378 1762 488 1820 lossam
511 1763 543 1820 in
566 1763 682 1839 equites
704 1763 785 1837 regis
808 1762 953 1838 impetum
980 1763 1023 1820 le-

54 1848 166 1913 cisset,
201 1845 275 1904 adeo
308 1843 474 1904 secundum
503 1845 651 1922 proelium
680 1845 768 1912 lecit,
802 1853 835 1904 ut
862 1843 1022 1905 moenibus

55 1929 164 2008 oppidi
186 1927 363 1989 succederet
386 1929 555 2006 fossamque
568 1929 711 1988 transiret
731 1946 908 2006 aversosque
920 1928 1022 1988 hostes

54 2012 290 2091 adgrederetur.
336 2012 374 2073 lt
399 2011 524 2072 Pontica
546 2031 582 2072 ex
605 2013 698 2073 altera
721 2020 805 2091 parte
829 2012 921 2089 legio,
953 2025 1058 2074 cume

57 2097 183 2176 paulum
195 2114 298 2158 aversa
320 2095 458 2156 hostibus
481 2098 615 2165 cessiset,
638 2100 746 2157 lossam
770 2105 868 2157 antem
891 2098 1021 2157 circum·

56 2185 104 2242 ire
127 2200 162 2242 ac
184 2180 397 2242 transcendere
418 2189 523 2241 conata
547 2190 640 2250 esset,
668 2189 702 2241 ut
730 2189 832 2259 aperto
853 2181 947 2242 latere
970 2179 1022 2240 ad·

54 2266 238 2344 grederetur
260 2265 391 2334 hostem,
421 2266 453 2324 in
481 2266 547 2342 ipso
569 2268 698 2325 transitu
720 2267 817 2326 lossae
846 2266 962 2326 confixa
991 2273 1022 2325 et

57 2365 203 2430 oppressa
227 2357 281 2410 est.
325 2348 459 2408 Deiotari
481 2368 552 2410 vero
574 2349 708 2426 legiones
730 2351 778 2408 vix
800 2346 936 2425 primum
965 2352 1021 2408 im·

57 2442 162 2513 petum
185 2437 402 2495 sustinuerunt.
447 2432 491 2492 lta
513 2434 654 2492 victrices
676 2435 777 2509 regiae
800 2436 903 2512 copiae
926 2445 1058 2494 cornua

55 2536 114 2578 suo
137 2518 242 2578 dextro
265 2517 421 2595 mediaque
450 2519 515 2577 acie
544 2525 757 2577 converterunt
780 2536 811 2577 se
834 2516 870 2576 ad
897 2530 1021 2576 xxxvr.

57 2602 220 2680 legionem.
273 2601 354 2672 Quae
388 2610 487 2661 tamen
515 2601 636 2662 sortiter
663 2602 847 2662 vincentium
876 2604 1021 2679 impetum

55 2687 222 2765 sustinuit,
244 2688 361 2762 magnis
383 2687 479 2763 copiis
506 2685 638 2746 hostium
666 2685 850 2747 circumdata
879 2704 1021 2765 praesen-

57 2772 176 2830 tissimo
200 2772 300 2830 animo
321 2786 458 2848 pugnans
482 2772 512 2829 in
536 2769 640 2831 orbem
664 2789 695 2831 se
717 2771 835 2846 recepit
849 2768 886 2829 ad
903 2770 1022 2829 radices

56 2856 222 2921 montium;
257 2871 316 2931 quo
344 2852 513 2913 Pharnaces
535 2855 654 2932 insequi
680 2861 804 2932 propter
832 2854 1022 2930 iniquitatem

57 2938 119 2998 loci
141 2938 250 2999 noluit.
305 2937 349 2996 lta
377 2937 501 2997 Pontica
530 2937 648 3015 legione
682 2954 776 3015 paene
809 2942 871 2996 tota
903 2938 1061 3005 amissa,4

56 3039 165 3099 magna
188 3028 273 3100 parte
294 3020 428 3082 Deiotari
449 3022 580 3082 militum
608 3023 767 3081 interiecta
794 3031 917 3080 xxxvl.
942 3020 1022 3098 legio

59 3109 91 3167 in
114 3107 181 3166 loca
203 3125 235 3166 se
258 3104 414 3184 superiora
437 3105 566 3166 contulit
587 3122 648 3164 non
671 3105 799 3183 amplius
819 3115 883 3164 cot
907 3103 1021 3164 desire·

57 3194 143 3251 ratis
189 3190 372 3251 Ceciderunt
394 3208 429 3249 eo
452 3190 569 3269 proelio
591 3189 740 3268 splendidi
765 3195 852 3266 atque
880 3191 1059 3255 inlustresd

57 3277 117 3334 viri
139 3274 293 3342 nonnulli,
317 3276 434 3353 equites
456 3274 592 3334 Romani.
637 3273 702 3344 Quo
719 3282 817 3333 tamen
833 3272 1022 3333 incommodo

56 3358 207 3419 Domitius
229 3366 353 3436 accepto
380 3359 527 3436 reliquias
555 3359 706 3418 exercitus
734 3358 871 3435 dissipati
898 3357 1023 3434 collegit

56 3442 282 3521 itineribusque
295 3444 369 3503 tutis
381 3460 436 3521 per
448 3442 666 3522 Cappadociam
687 3460 718 3502 se
738 3444 769 3501 in
782 3442 883 3503 Asiam
896 3442 1030 3519 recepit=
