2356 3870
155 228 197 294 10
474 234 522 290 DE
544 234 659 291 Bunno
682 233 791 290 CIVILI

53 407 54 410 ’
131 410 144 459 t
219 400 307 462 XVll.
337 402 379 462 Re
392 403 510 479 cognita
524 400 671 462 Domitius
686 400 722 461 ad
737 401 911 479 Pompeium
927 401 959 460 in
975 399 1110 479 Apuliam

153 487 267 563 peritos
287 487 442 564 regionum
464 503 570 562 magno
590 487 741 565 proposito
762 486 894 564 praemio
915 502 982 544 cum
1002 484 1111 545 litteris

154 571 262 639 mittit,
279 573 330 650 qui
344 577 447 651 petant
461 576 549 648 atque
565 578 665 638 orent,
681 576 716 630 ut
731 568 790 629 sihi
805 568 974 629 subveniat:
1005 567 1110 629 Caesa·

154 671 219 713 rem
235 653 350 714 duohus
365 653 545 714 exercitibus
561 661 590 714 et
606 653 737 714 locorum
755 655 900 730 angustiis
915 652 1001 712 facile
1016 655 1110 714 inter·

128 746 143 794 ι
156 736 235 798 cludi
249 756 336 816 posse
351 738 560 817 frumentoque
574 735 740 817 prohiberi.
770 735 854 807 Quod
872 738 931 797 nisi
945 738 1061 804 lecerit.
1077 756 1110 803 se

154 821 349 901 cohortesque
371 823 497 901 amplius
511 835 586 881 xxx
601 838 799 898 magnumque
819 838 976 881 numerum
992 831 1109 882 senato·

153 923 219 965 rum
240 912 328 984 atque
350 909 482 985 equitum
500 905 700 966 Romanorum
720 909 751 964 in
772 905 937 984 periculum
959 923 1024 964 esse
1040 924 1110 965 ven·

126 997 264 1050 aturum.
295 989 417 1051 Interim
432 1008 502 1050 suos
513 990 683 1050 cohortatus
696 996 844 1049 tormenta
858 990 890 1048 in
902 991 996 1049 muris
1011 988 1110 1066 dispo·

154 1075 199 1132 nit
213 1081 369 1152 certasque
387 1076 493 1152 cuique
508 1079 609 1152 partes
625 1073 661 1134 ad
680 1074 844 1134 custodiam
860 1071 944 1133 urhis
959 1071 1109 1143 attribuit;

126 1157 303 1219 tmilitihus
322 1161 354 1218 in
375 1160 513 1218 contione
533 1174 621 1234 agros
635 1175 672 1218 ex
687 1159 750 1218 suis
768 1156 1008 1236 possessionibus
1026 1157 1110 1235 polli-

153 1247 252 1310 cetur,
269 1250 413 1320 quaterna
428 1245 459 1302 in
475 1241 608 1319 singulos
623 1243 727 1319 iugera
742 1248 772 1301 et
791 1259 847 1320 pro
862 1247 927 1301 rata
941 1248 1025 1319 parte
1041 1259 1110 1300 cen·

155 1325 324 1386 turionihus
339 1328 538 1404 evocatisque.

128 1416 143 1465 1
218 1408 321 1470 XVlll.
343 1411 467 1471 Interim
481 1409 601 1471 Caesari
617 1411 781 1479 nuntiatur,
798 1409 1016 1479 Sulmonenses,
1033 1409 1111 1488 quod

127 1526 129 1532 ·
156 1493 298 1572 oppidum
317 1512 334 1554 a
355 1494 482 1556 Corfinio
497 1507 548 1554 V11
567 1493 684 1554 milium
704 1493 859 1555 intervallo
881 1492 978 1562 abest,
1001 1511 1111 1571 cupere

154 1571 189 1636 da
202 1577 319 1649 lacere,
341 1597 415 1658 quae
431 1577 534 1647 vellet,
556 1577 608 1640 sed
624 1595 641 1638 a
655 1576 690 1648 Q.
706 1578 844 1639 Lucretio
862 1585 998 1638 senatore
1015 1583 1045 1636 et
1059 1578 1110 1636 At·

154 1663 196 1721 tio
216 1661 356 1739 Paeligno
376 1661 548 1742 prohiberi,
577 1664 630 1741 qui
656 1662 686 1722 id
712 1662 854 1741 oppidum
873 1675 924 1721 vn
945 1661 1112 1721 cohortium

126 1746 305 1823 spraestdio
319 1746 470 1807 tenebant.
505 1746 597 1808 Mittit
616 1763 652 1806 eo
671 1745 710 1807 Μ.
723 1748 882 1807 Antonium
897 1763 965 1806 cum
984 1746 1112 1822 legionis

153 1843 229 1890 xlu.
246 1830 419 1891 cohortibus
433 1842 466 1892 V.
497 1830 722 1900 Sulmonenses,
744 1831 833 1890 simul
853 1838 941 1910 atque
958 1831 1042 1907 signa
1057 1848 1110 1889 no·

154 1922 216 1974 stra
230 1915 379 1983 viderunt,
394 1920 497 1993 portas
512 1921 693 1990 aperuerunt
707 1915 908 1993 universique,
925 1919 955 1974 et
970 1913 1110 1993 oppidani

56 2034 60 2044 κ
126 2004 186 2057 aet
198 1997 323 2068 milites,
347 1997 464 2058 obviam
479 1998 660 2075 gratulantes
674 1999 803 2059 Antonio
818 2000 965 2058 exierunt.
1000 1998 1110 2058 Lucre·

154 2083 213 2141 tius
229 2088 259 2142 ct
273 2085 370 2142 Attius
385 2081 421 2141 de
436 2100 521 2142 muro
537 2081 762 2142 sedeiecernnt.
793 2082 890 2143 Attius
904 2081 939 2142 ad
951 2082 1111 2141 Antonium

155 2165 299 2225 deductus
312 2167 398 2243 petit,
414 2173 447 2226 ut
462 2165 497 2226 ad
509 2165 665 2226 Caesarem
676 2168 855 2227 mitteretur.
884 2166 1029 2226 Antonius
1044 2184 1111 2225 cnm

155 2247 326 2309 cohortibus
341 2255 372 2309 et
386 2249 466 2310 Attio
481 2250 585 2310 eodem
600 2251 663 2320 die,
679 2269 739 2329 quo
753 2252 904 2330 proiectus
917 2258 995 2319 erat,
1012 2267 1111 2309 rever-

124 2334 237 2392 4titur.
281 2332 387 2395 Caesar
408 2351 457 2394 eas
478 2333 614 2395 cohortes
639 2353 707 2395 curn
728 2337 861 2396 exercitu
882 2353 935 2395 suo
958 2335 1112 2394 coniunxit

154 2417 326 2494 Attiumque
356 2418 534 2479 incolumem
564 2418 686 2479 dimisit.
738 2418 845 2480 Caesar
873 2419 978 2497 primis
1006 2418 1113 2478 diebus

153 2507 250 2560 castra
266 2503 380 2578 magnis
395 2502 537 2580 operibus
551 2504 667 2563 munire
683 2510 714 2564 et
731 2521 767 2563 ex
781 2505 925 2565 finitumis
939 2503 1112 2580 municipiis

152 2585 335 2644 frumentum
355 2593 540 2665 comportare
561 2586 751 2666 reliquasque
771 2591 871 2668 copias
887 2594 1043 2666 expectare
1065 2588 1111 2645 in·

127 2670 260 2728 astituit.
297 2668 340 2729 Eo
360 2670 460 2729 triduo
481 2670 560 2747 legio
575 2684 656 2748 v111„
672 2672 709 2732 ad
730 2689 797 2734 eum
812 2674 894 2732 venit
915 2671 1111 2748 cohortesque

154 2769 191 2812 ex
212 2754 296 2814 novis
311 2752 423 2815 Galliae
445 2753 609 2816 delectihus
624 2769 702 2815 xxu
723 2758 897 2836 equitesque
913 2754 950 2815 ab
965 2770 1036 2831 rege
1052 2748 1111 2812 No·

153 2838 217 2897 rico
237 2839 359 2898 circiter
375 2850 447 2898 ccc.
482 2836 615 2908 Quorum
634 2840 761 2900 adventu
782 2840 875 2901 altera
895 2846 992 2900 castra
1013 2837 1049 2898 ad
1070 2836 1112 2897 al·

152 2930 247 2982 teram
255 2922 357 3001 oppidi
367 2930 483 3002 partem
494 2925 593 3002 ponit;
609 2923 657 2985 his
667 2923 772 2984 castris
784 2925 942 2986 Curionem
953 2923 1111 3002 praefecit.

126 3003 288 3083 cueuqms
309 3006 417 3068 diebus
436 3008 577 3086 oppidum
592 3007 667 3068 vallo
688 3007 875 3086 castellisque
893 3007 1112 3067 circumvenire

154 3090 294 3149 instituit.
330 3090 421 3152 Cuius
437 3094 537 3169 operis
551 3094 677 3152 maxima
698 3097 782 3170 parte
800 3090 912 3159 effecta,
928 3089 1033 3150 eodem
1048 3089 1111 3148 sere

154 3180 288 3250 tempore
303 3175 388 3234 missi
403 3194 420 3235 a
435 3174 577 3254 Pompeio
592 3182 794 3236 reverttmtur.

128 3265 142 3314 1
218 3255 334 3318 XVllll.
374 3257 497 3318 Litteris
525 3259 668 3338 perlectis
693 3259 839 3320 Domitius
863 3257 1052 3327 dissimulans
1081 3259 1113 3316 in

153 3338 279 3401 concilio
304 3341 498 3419 pronunciat.
523 3343 697 3423 Pompeium
723 3342 866 3404 celeriter
886 3341 1020 3403 subsidio
1041 3358 1112 3401 ven·

153 3432 262 3493 turum,
279 3424 473 3504 hortaturque
490 3445 550 3496 eos,
567 3445 604 3487 ne
621 3429 719 3488 animo
731 3427 878 3497 deficiant,
895 3444 1029 3506 quaeque
1044 3426 1113 3485 usui

112 3509 188 3563 ead
197 3509 422 3572 defendendum
438 3511 582 3594 oppidum
593 3512 671 3574 siut.
692 3519 809 3595 parent.
838 3510 904 3593 lpse
920 3529 1030 3572 arcano
1046 3526 1114 3571 cum
