2356 3870
120 199 159 258 td
440 199 480 254 bb
495 198 598 254 uitio
614 197 752 254 Gnttlco

89 365 168 420 reos
189 358 309 421 domurn
325 362 449 421 remittit
465 367 494 419 et
510 356 576 421 cum
590 362 629 421 iis
643 379 702 421 una
717 360 889 429 Commium,
907 377 995 437 quem
1008 361 1072 438 ipse

116 441 306 504 Atrebatibus
332 446 480 524 superatis
506 461 608 521 regem
633 443 675 504 ibi
700 444 907 511 constituerat,
933 444 1017 503 cuius
1044 450 1074 502 et

118 527 256 587 virtutem
278 535 308 586 et
328 527 483 588 consilium
497 526 643 605 probabat
658 534 687 587 et
702 543 791 603 quem
806 525 862 586 sibi
875 525 993 587 fidelem
1008 543 1073 586 esse

119 608 332 680 arbitrabatur,
349 613 493 687 crurisque
507 612 668 671 auctoritas
683 611 714 670 in
728 608 774 670 bis
789 608 960 687 regionibus
975 610 1074 685 magui

88 698 104 748 8
119 691 297 762 habebatur,
314 695 412 754 mittit.
444 693 520 755 Huic
533 695 675 772 imperat,
693 710 765 769 quas
779 695 888 770 possit,
905 692 990 753 adeat
1005 693 1073 752 oin·

120 782 195 836 tates
219 774 431 854 horteturque,
464 784 495 839 ut
508 776 613 857 populi
638 776 763 837 Romani
788 776 876 836 fldem
900 782 1073 852 sequantur,

88 865 104 916 9
119 875 210 935 seque
225 858 363 921 celeriter
380 880 415 922 eo
430 868 588 921 venturum
608 861 735 920 nuntiet,
767 859 932 920 Volusenus
951 876 1073 937 perspe-

121 944 175 1002 ctis
190 943 361 1020 regionibus
377 943 524 1012 cnmibus,
541 950 683 1019 quantum
699 944 725 1002 ei
738 941 883 1003 facultatis
894 942 958 1002 dari
967 942 1072 1019 potuit,

121 1027 171 1101 qui
190 1029 257 1085 navi
278 1027 380 1104 egredi
399 1045 433 1087 ac
453 1045 486 1087 se
505 1025 640 1087 barbaris
661 1026 846 1086 committere
865 1043 926 1086 nou
941 1024 1073 1092 auderet,

122 1110 224 1184 quinto
240 1108 287 1170 die
302 1110 338 1171 ad
351 1110 506 1171 Caesarem
520 1111 689 1179 revertitur,
707 1125 841 1185 quaeque
853 1107 895 1168 ibi
905 1108 1073 1188 perspexis-

121 1198 176 1260 set,
192 1195 351 1253 renuntiat.

93 1282 104 1332 1
183 1274 272 1336 XXII.
296 1276 373 1337 Dum
399 1277 430 1336 io
452 1274 498 1336 lris
519 1275 591 1338 locis
612 1275 718 1337 Caesar
738 1278 856 1337 navium
877 1274 1075 1354 parandarum

122 1375 209 1417 causa
224 1366 366 1427 moratur,
384 1378 421 1419 ex
436 1376 541 1436 magna
555 1367 641 1438 parte
655 1359 838 1420 llorinorum
853 1359 889 1419 ad
905 1376 973 1419 eum
986 1358 1075 1435 legati

122 1448 280 1510 venerunt,
304 1442 355 1518 qui
374 1461 407 1502 se
429 1442 466 1502 de
481 1444 644 1520 superioris
660 1445 801 1522 temporis
816 1441 937 1503 consilio
953 1458 1074 1501 excusa·

121 1531 203 1592 rent,
226 1524 305 1599 quod
325 1524 460 1586 bomines
475 1524 594 1586 barbari
609 1533 639 1586 et
652 1533 770 1587 nostrae
785 1524 1006 1587 consuetudinis
1019 1525 1074 1582 im·

122 1607 211 1686 periti
230 1606 342 1669 bellum
362 1608 474 1688 populo
494 1608 626 1670 Romano
646 1610 801 1679 fecissent,
824 1625 916 1686 seque
930 1626 978 1678 ca,
1001 1622 1075 1684 quae

91 1692 313 1769 ²lnrperasset,
335 1693 466 1754 facturos
486 1691 707 1771 pollicerentur.
737 1693 800 1753 lloc
814 1692 871 1753 sibi
886 1691 992 1753 Caesar
1006 1691 1076 1751 satis

122 1781 291 1852 opportune
311 1775 452 1836 accidisse
474 1774 647 1846 arbitratus,
670 1775 749 1853 quod
763 1792 861 1852 neque
874 1782 944 1854 post
958 1781 1076 1852 tergum

122 1856 240 1916 hostem
267 1857 438 1935 relinquere
464 1858 580 1921 volebat
605 1876 702 1936 neque
721 1857 792 1919 belli
811 1857 935 1936 gerendi
953 1865 1076 1937 propter

123 1941 192 2000 anni
217 1947 334 2019 ternpus
359 1942 528 2004 facultatem
554 1941 681 2003 habebat
705 1958 803 2018 neque
822 1941 876 2002 has
897 1939 1076 2001 tantularum

123 2041 225 2084 rerum
250 2026 458 2104 occupationes
478 2027 650 2088 Britanniae
675 2023 893 2104 anteponendas
918 2023 1074 2091 iudicabat,

123 2123 262 2183 magnum
276 2108 312 2167 iis
327 2127 484 2169 numerum
499 2108 635 2170 obsidum
648 2109 783 2188 imperat
811 2106 924 2179 Quibus
944 2106 1076 2169 adductis

92 2194 175 2249 teos
200 2191 230 2248 in
256 2190 343 2250 fidem
369 2194 491 2270 recepit,
537 2191 665 2253 Navibus
691 2192 808 2252 circiter
828 2212 911 2252 mx
932 2192 1076 2251 onerariis

126 2274 234 2333 coactis
255 2276 485 2353 contractisque,
509 2275 588 2352 quod
609 2276 680 2336 satis
701 2293 766 2335 osse
787 2273 911 2336 adduas
925 2281 1076 2352 uanspor·

125 2355 226 2415 tandas
246 2355 377 2432 legiones
399 2358 597 2428 existimabat,
620 2358 698 2436 quod
712 2367 867 2437 praeterea
880 2359 999 2419 navium
1012 2355 1076 2416 lon·

123 2456 227 2514 garum
243 2438 379 2510 habebat,
396 2444 555 2518 quaestori,
571 2443 675 2519 legatis
686 2443 905 2520 praefectisque
916 2439 1075 2502 distribuit.

93 2521 187 2582 alluo
208 2522 387 2584 accedebant
405 2545 486 2587 xvnr
506 2526 660 2586 onerariae
680 2542 785 2594 naves,
807 2541 882 2602 quae
903 2543 938 2585 ex
961 2542 997 2584 eo
1010 2523 1077 2584 loco

124 2603 160 2664 ab
181 2604 300 2667 milibus
314 2625 456 2685 passuum
471 2628 531 2671 rur
545 2617 631 2669 vento
647 2608 840 2677 tenebantur,
862 2624 921 2684 quo
936 2609 1034 2668 minus
1047 2608 1077 2666 in

125 2687 252 2747 eundem
272 2696 392 2767 portum
412 2692 514 2751 venire
528 2697 665 2770 possent:
687 2691 740 2752 has
755 2690 903 2768 equitibus
918 2690 1076 2752 distribuit

93 2769 282 2846 oReliquum
319 2775 481 2834 exercitum
509 2774 618 2846 Quinto
647 2775 762 2835 Titurio
791 2773 900 2836 Sabino
930 2783 960 2834 et
988 2773 1077 2834 Lucio

124 2855 324 2917 Aurunculeio
355 2857 456 2919 Cottae
485 2857 588 2934 legatis
616 2858 648 2917 in
671 2857 822 2936 Menapios
851 2864 939 2934 atque
966 2858 998 2917 in
1028 2874 1078 2916 eos

125 2955 217 3015 pagos
231 2939 424 3011 Morinorum,
441 2940 477 3002 ab
493 2940 600 3018 quibus
615 2940 652 3001 ad
667 2959 736 3002 eum
749 2940 839 3020 legati
852 2959 912 3002 nou
925 2951 1076 3007 venerant,

94 3019 293 3083 edocendum
322 3023 416 3092 dedit;
452 3024 589 3085 Publium
618 3022 782 3103 Sulpicium
810 3024 921 3086 Rufum
949 3023 1078 3101 legatum

125 3121 193 3164 cum
214 3122 249 3164 eo
269 3107 433 3184 praesidio,
456 3108 535 3184 quod
557 3109 627 3168 satis
642 3126 707 3168 esse
722 3107 936 3176 arbitrabatur,
957 3112 1077 3185 portum

125 3193 228 3247 tenere
241 3189 335 3250 iussit.

97 3279 108 3328 1
187 3269 289 3333 Xlllll.
314 3272 367 3334 llis
392 3276 558 3336 constitutis
578 3274 669 3336 rebus
688 3282 793 3336 nactus
811 3274 948 3336 idoneam
969 3272 1005 3334 ad
1025 3290 1076 3331 na·

124 3353 282 3430 rigandum
308 3364 513 3436 tempestatem
539 3360 626 3420 tertia
645 3359 709 3419 fere
728 3358 825 3436 vigilia
843 3355 929 3418 solvit
948 3357 1077 3433 equites-

125 3453 183 3515 que
204 3438 234 3498 in
255 3438 427 3503 ulteriorem
442 3449 562 3522 portum
575 3441 717 3522 progredi
731 3448 762 3502 et
773 3457 863 3504 nares
878 3438 1079 3503 conscendere
