<?xml version="1.0" encoding="UTF-8"?>
<!DOCTYPE html PUBLIC "-//W3C//DTD XHTML 1.0 Transitional//EN"
    "http://www.w3.org/TR/xhtml1/DTD/xhtml1-transitional.dtd">
<html xmlns="http://www.w3.org/1999/xhtml" xml:lang="en" lang="en">
 <head>
  <title>
</title>
<meta http-equiv="Content-Type" content="text/html;charset=utf-8" />
  <meta name='ocr-system' content='tesseract 3.04.00' />
  <meta name='ocr-capabilities' content='ocr_page ocr_carea ocr_par ocr_line ocrx_word'/>
</head>
<body>
  <div class='ocr_page' id='page_1' title='image "./commentariicuma00caesgoog_0142.png"; bbox 0 0 2356 3870; ppageno 0'>
   <div class='ocr_carea' id='block_1_1' title="bbox 350 202 1027 268">
    <p class='ocr_par' dir='ltr' id='par_1_1' title="bbox 350 202 1027 268">
     <span class='ocr_line' id='line_1_1' title="bbox 350 202 1027 268; baseline 0.01 -8"><span class='ocrx_word' id='word_1_1' title='bbox 350 203 448 260; x_wconf 87' lang='lat' dir='ltr'><strong>COllll.</strong></span> <span class='ocrx_word' id='word_1_2' title='bbox 465 203 515 258; x_wconf 90' lang='lat' dir='ltr'><strong>Vll.</strong></span> <span class='ocrx_word' id='word_1_3' title='bbox 543 202 612 259; x_wconf 79' lang='lat' dir='ltr'><strong>CAP.</strong></span> <span class='ocrx_word' id='word_1_4' title='bbox 627 203 731 260; x_wconf 86' lang='lat' dir='ltr'><strong>l-llll.</strong></span> <span class='ocrx_word' id='word_1_5' title='bbox 967 207 1027 268; x_wconf 79' lang='lat'><strong>127</strong></span> 
     </span>
    </p>
   </div>
   <div class='ocr_carea' id='block_1_2' title="bbox 55 365 1126 3536">
    <p class='ocr_par' dir='ltr' id='par_1_2' title="bbox 64 365 1055 862">
     <span class='ocr_line' id='line_1_2' title="bbox 68 365 1055 449; baseline -0.002 -20"><span class='ocrx_word' id='word_1_6' title='bbox 68 370 202 429; x_wconf 85' lang='lat' dir='ltr'><strong>exercitu</strong></span> <span class='ocrx_word' id='word_1_7' title='bbox 215 367 440 428; x_wconf 80' lang='lat' dir='ltr'><strong>intercludatur.</strong></span> <span class='ocrx_word' id='word_1_8' title='bbox 470 366 502 426; x_wconf 95' lang='lat' dir='ltr'><strong>ld</strong></span> <span class='ocrx_word' id='word_1_9' title='bbox 524 385 589 427; x_wconf 86' lang='lat' dir='ltr'><strong>esse</strong></span> <span class='ocrx_word' id='word_1_10' title='bbox 609 365 703 435; x_wconf 82' lang='lat' dir='ltr'><strong>facile,</strong></span> <span class='ocrx_word' id='word_1_11' title='bbox 720 366 799 443; x_wconf 95' lang='lat' dir='ltr'><strong>quod</strong></span> <span class='ocrx_word' id='word_1_12' title='bbox 819 384 916 443; x_wconf 87' lang='lat' dir='ltr'><strong>neque</strong></span> <span class='ocrx_word' id='word_1_13' title='bbox 935 366 1055 449; x_wconf 49' lang='lat' dir='ltr'><strong>legioni</strong></span> 
     </span>
     <span class='ocr_line' id='line_1_3' title="bbox 68 449 1026 530; baseline -0.001 -18"><span class='ocrx_word' id='word_1_14' title='bbox 68 469 118 512; x_wconf 86' lang='lat' dir='ltr'><strong>nes</strong></span> <span class='ocrx_word' id='word_1_15' title='bbox 134 451 262 512; x_wconf 87' lang='lat' dir='ltr'><strong>audeant</strong></span> <span class='ocrx_word' id='word_1_16' title='bbox 275 449 396 512; x_wconf 86' lang='lat' dir='ltr'><strong>absente</strong></span> <span class='ocrx_word' id='word_1_17' title='bbox 410 452 590 530; x_wconf 79' lang='lat' dir='ltr'><strong>imperatore</strong></span> <span class='ocrx_word' id='word_1_18' title='bbox 606 467 641 509; x_wconf 88' lang='lat' dir='ltr'><strong>ex</strong></span> <span class='ocrx_word' id='word_1_19' title='bbox 657 449 788 510; x_wconf 91' lang='lat' dir='ltr'><strong>hibernis</strong></span> <span class='ocrx_word' id='word_1_20' title='bbox 804 450 912 528; x_wconf 80' lang='lat' dir='ltr'>egredi,</span> <span class='ocrx_word' id='word_1_21' title='bbox 929 468 1026 527; x_wconf 89' lang='lat' dir='ltr'><strong>neque</strong></span> 
     </span>
     <span class='ocr_line' id='line_1_4' title="bbox 65 532 1055 613; baseline -0.003 -19"><span class='ocrx_word' id='word_1_22' title='bbox 65 537 228 613; x_wconf 87' lang='lat' dir='ltr'><strong>imperator</strong></span> <span class='ocrx_word' id='word_1_23' title='bbox 242 535 306 595; x_wconf 90' lang='lat' dir='ltr'><strong>sine</strong></span> <span class='ocrx_word' id='word_1_24' title='bbox 321 533 467 612; x_wconf 88' lang='lat' dir='ltr'><strong>praesidio</strong></span> <span class='ocrx_word' id='word_1_25' title='bbox 479 532 515 593; x_wconf 90' lang='lat' dir='ltr'><strong>ad</strong></span> <span class='ocrx_word' id='word_1_26' title='bbox 530 532 661 610; x_wconf 83' lang='lat' dir='ltr'><strong>legiones</strong></span> <span class='ocrx_word' id='word_1_27' title='bbox 669 535 825 612; x_wconf 88' lang='lat' dir='ltr'><strong>pervenire</strong></span> <span class='ocrx_word' id='word_1_28' title='bbox 840 535 940 611; x_wconf 90' lang='lat' dir='ltr'><strong>possit.</strong></span> <span class='ocrx_word' id='word_1_29' title='bbox 969 535 1024 594; x_wconf 91' lang='lat' dir='ltr'><strong>Po·</strong></span> <span class='ocrx_word' id='word_1_30' title='bbox 1041 540 1055 591; x_wconf 78' lang='lat' dir='ltr'><strong>e</strong></span> 
     </span>
     <span class='ocr_line' id='line_1_5' title="bbox 66 617 1025 697; baseline 0.001 -21"><span class='ocrx_word' id='word_1_31' title='bbox 66 626 176 678; x_wconf 88' lang='lat' dir='ltr'><strong>strerno</strong></span> <span class='ocrx_word' id='word_1_32' title='bbox 191 619 222 678; x_wconf 89' lang='lat' dir='ltr'><strong>in</strong></span> <span class='ocrx_word' id='word_1_33' title='bbox 238 619 300 678; x_wconf 87' lang='lat' dir='ltr'><strong>acie</strong></span> <span class='ocrx_word' id='word_1_34' title='bbox 314 623 466 697; x_wconf 84' lang='lat' dir='ltr'><strong>praestare</strong></span> <span class='ocrx_word' id='word_1_35' title='bbox 481 617 615 684; x_wconf 82' lang='lat' dir='ltr'><strong>interfici,</strong></span> <span class='ocrx_word' id='word_1_36' title='bbox 633 633 720 693; x_wconf 90' lang='lat' dir='ltr'><strong>quam</strong></span> <span class='ocrx_word' id='word_1_37' title='bbox 735 635 794 676; x_wconf 94' lang='lat' dir='ltr'><strong>non</strong></span> <span class='ocrx_word' id='word_1_38' title='bbox 811 624 940 678; x_wconf 89' lang='lat' dir='ltr'><strong>veterem</strong></span> <span class='ocrx_word' id='word_1_39' title='bbox 954 617 1025 678; x_wconf 93' lang='lat' dir='ltr'><strong>belli</strong></span> 
     </span>
     <span class='ocr_line' id='line_1_6' title="bbox 64 699 1021 779; baseline 0 -19"><span class='ocrx_word' id='word_1_40' title='bbox 64 703 188 777; x_wconf 80' lang='lat' dir='ltr'><strong>gloriam</strong></span> <span class='ocrx_word' id='word_1_41' title='bbox 203 700 443 778; x_wconf 81' lang='lat' dir='ltr'><strong>libertatemque,</strong></span> <span class='ocrx_word' id='word_1_42' title='bbox 466 717 554 777; x_wconf 86' lang='lat' dir='ltr'><strong>quam</strong></span> <span class='ocrx_word' id='word_1_43' title='bbox 569 718 585 760; x_wconf 93' lang='lat' dir='ltr'><strong>a</strong></span> <span class='ocrx_word' id='word_1_44' title='bbox 601 699 761 761; x_wconf 89' lang='lat' dir='ltr'><strong>maioribus</strong></span> <span class='ocrx_word' id='word_1_45' title='bbox 776 702 958 779; x_wconf 85' lang='lat' dir='ltr'><strong>acceperint,</strong></span> <span class='ocrx_word' id='word_1_46' title='bbox 974 720 1021 761; x_wconf 94' lang='lat' dir='ltr'><strong>re·</strong></span> 
     </span>
     <span class='ocr_line' id='line_1_7' title="bbox 64 802 218 862; baseline 0.013 -19"><span class='ocrx_word' id='word_1_47' title='bbox 64 802 218 862; x_wconf 86' lang='lat' dir='ltr'><strong>euperare.</strong></span> 
     </span>
    </p>

    <p class='ocr_par' dir='ltr' id='par_1_3' title="bbox 61 865 1054 1676">
     <span class='ocr_line' id='line_1_8' title="bbox 126 865 1053 945; baseline -0.002 -18"><span class='ocrx_word' id='word_1_48' title='bbox 126 867 162 927; x_wconf 93' lang='lat' dir='ltr'><strong>ll.</strong></span> <span class='ocrx_word' id='word_1_49' title='bbox 194 867 245 928; x_wconf 80' lang='lat' dir='ltr'><strong>lits</strong></span> <span class='ocrx_word' id='word_1_50' title='bbox 259 866 350 927; x_wconf 86' lang='lat' dir='ltr'><strong>rebus</strong></span> <span class='ocrx_word' id='word_1_51' title='bbox 364 868 479 944; x_wconf 88' lang='lat' dir='ltr'><strong>agitatis</strong></span> <span class='ocrx_word' id='word_1_52' title='bbox 493 867 669 945; x_wconf 83' lang='lat' dir='ltr'><strong>profitentur</strong></span> <span class='ocrx_word' id='word_1_53' title='bbox 685 867 842 935; x_wconf 83' lang='lat' dir='ltr'><strong>Carnutes,</strong></span> <span class='ocrx_word' id='word_1_54' title='bbox 863 884 895 926; x_wconf 91' lang='lat' dir='ltr'><strong>se</strong></span> <span class='ocrx_word' id='word_1_55' title='bbox 910 865 1024 928; x_wconf 91' lang='lat' dir='ltr'><strong>nullum</strong></span> <span class='ocrx_word' id='word_1_56' title='bbox 1041 875 1053 925; x_wconf 92' lang='lat'>1</span> 
     </span>
     <span class='ocr_line' id='line_1_9' title="bbox 63 949 1022 1046; baseline 0 -36"><span class='ocrx_word' id='word_1_57' title='bbox 63 949 229 1029; x_wconf 89' lang='lat' dir='ltr'><strong>periculum</strong></span> <span class='ocrx_word' id='word_1_58' title='bbox 245 952 410 1010; x_wconf 87' lang='lat' dir='ltr'><strong>communis</strong></span> <span class='ocrx_word' id='word_1_59' title='bbox 424 949 527 1010; x_wconf 91' lang='lat' dir='ltr'><strong>salutis</strong></span> <span class='ocrx_word' id='word_1_60' title='bbox 541 967 628 1010; x_wconf 86' lang='lat' dir='ltr'><strong>causa</strong></span> <span class='ocrx_word' id='word_1_61' title='bbox 643 968 797 1019; x_wconf 91' lang='lat' dir='ltr'><strong>recusare,</strong></span> <span class='ocrx_word' id='word_1_62' title='bbox 813 951 1022 1046; x_wconf 83' lang='lat' dir='ltr'><strong>principesque</strong></span> 
     </span>
     <span class='ocr_line' id='line_1_10' title="bbox 63 1031 1054 1112; baseline -0.002 -18"><span class='ocrx_word' id='word_1_63' title='bbox 63 1052 99 1094; x_wconf 91' lang='lat' dir='ltr'><strong>ex</strong></span> <span class='ocrx_word' id='word_1_64' title='bbox 121 1033 258 1094; x_wconf 89' lang='lat' dir='ltr'><strong>omnibus</strong></span> <span class='ocrx_word' id='word_1_65' title='bbox 279 1031 431 1093; x_wconf 88' lang='lat' dir='ltr'><strong>belluml</strong></span> <span class='ocrx_word' id='word_1_66' title='bbox 417 1034 547 1094; x_wconf 83' lang='lat' dir='ltr'><strong>facturos</strong></span> <span class='ocrx_word' id='word_1_67' title='bbox 570 1031 748 1112; x_wconf 87' lang='lat' dir='ltr'><strong>pollicentur</strong></span> <span class='ocrx_word' id='word_1_68' title='bbox 769 1040 813 1102; x_wconf 87' lang='lat' dir='ltr'><strong>et,</strong></span> <span class='ocrx_word' id='word_1_69' title='bbox 840 1034 977 1109; x_wconf 90' lang='lat' dir='ltr'><strong>quoniam</strong></span> <span class='ocrx_word' id='word_1_70' title='bbox 992 1036 1054 1093; x_wconf 72' lang='lat' dir='ltr'><strong>ine</strong></span> 
     </span>
     <span class='ocr_line' id='line_1_11' title="bbox 62 1116 1021 1196; baseline -0.001 -19"><span class='ocrx_word' id='word_1_71' title='bbox 62 1118 231 1196; x_wconf 81' lang='lat' dir='ltr'><strong>praesentia</strong></span> <span class='ocrx_word' id='word_1_72' title='bbox 247 1116 398 1177; x_wconf 83' lang='lat' dir='ltr'><strong>obsidibus</strong></span> <span class='ocrx_word' id='word_1_73' title='bbox 419 1135 522 1178; x_wconf 85' lang='lat' dir='ltr'><strong>cavere</strong></span> <span class='ocrx_word' id='word_1_74' title='bbox 542 1117 620 1176; x_wconf 87' lang='lat' dir='ltr'><strong>inter</strong></span> <span class='ocrx_word' id='word_1_75' title='bbox 641 1132 673 1176; x_wconf 89' lang='lat' dir='ltr'><strong>se</strong></span> <span class='ocrx_word' id='word_1_76' title='bbox 694 1117 896 1195; x_wconf 89' lang='lat' dir='ltr'><strong>nonpossint,</strong></span> <span class='ocrx_word' id='word_1_77' title='bbox 920 1133 1021 1176; x_wconf 89' lang='lat' dir='ltr'><strong>nores</strong></span> 
     </span>
     <span class='ocr_line' id='line_1_12' title="bbox 62 1186 1020 1298; baseline -0.001 -38"><span class='ocrx_word' id='word_1_78' title='bbox 62 1200 214 1269; x_wconf 79' lang='lat' dir='ltr'><strong>efferatur,</strong></span> <span class='ocrx_word' id='word_1_79' title='bbox 230 1207 263 1260; x_wconf 95' lang='lat' dir='ltr'><strong>ut</strong></span> <span class='ocrx_word' id='word_1_80' title='bbox 278 1200 469 1261; x_wconf 87' lang='lat' dir='ltr'><strong>iureiurando</strong></span> <span class='ocrx_word' id='word_1_81' title='bbox 485 1200 589 1260; x_wconf 80' lang='lat' dir='ltr'><strong>antido</strong></span> <span class='ocrx_word' id='word_1_82' title='bbox 604 1201 767 1270; x_wconf 88' lang='lat' dir='ltr'><strong>sanciatur,</strong></span> <span class='ocrx_word' id='word_1_83' title='bbox 790 1206 903 1298; x_wconf 80' lang='lat' dir='ltr'><strong>petunt,</strong></span> <span class='ocrx_word' id='word_1_84' title='bbox 921 1186 1020 1260; x_wconf 81' lang='lat' dir='ltr'><strong>conla-</strong></span> 
     </span>
     <span class='ocr_line' id='line_1_13' title="bbox 62 1282 1019 1362; baseline -0.001 -19"><span class='ocrx_word' id='word_1_85' title='bbox 62 1285 99 1343; x_wconf 91' lang='lat' dir='ltr'><strong>tis</strong></span> <span class='ocrx_word' id='word_1_86' title='bbox 115 1282 329 1344; x_wconf 88' lang='lat' dir='ltr'><strong>militaribus</strong></span> <span class='ocrx_word' id='word_1_87' title='bbox 305 1286 412 1362; x_wconf 88' lang='lat' dir='ltr'><strong>srgnis,</strong></span> <span class='ocrx_word' id='word_1_88' title='bbox 434 1301 492 1361; x_wconf 94' lang='lat' dir='ltr'><strong>quo</strong></span> <span class='ocrx_word' id='word_1_89' title='bbox 514 1301 596 1343; x_wconf 91' lang='lat' dir='ltr'><strong>more</strong></span> <span class='ocrx_word' id='word_1_90' title='bbox 619 1301 722 1343; x_wconf 87' lang='lat' dir='ltr'><strong>eorum</strong></span> <span class='ocrx_word' id='word_1_91' title='bbox 742 1285 912 1361; x_wconf 89' lang='lat' dir='ltr'><strong>gravissima</strong></span> <span class='ocrx_word' id='word_1_92' title='bbox 927 1284 1019 1342; x_wconf 87' lang='lat' dir='ltr'><strong>caeri-</strong></span> 
     </span>
     <span class='ocr_line' id='line_1_14' title="bbox 62 1365 1019 1444; baseline 0.001 -18"><span class='ocrx_word' id='word_1_93' title='bbox 62 1368 160 1427; x_wconf 87' lang='lat' dir='ltr'><strong>monia</strong></span> <span class='ocrx_word' id='word_1_94' title='bbox 170 1370 347 1436; x_wconf 87' lang='lat' dir='ltr'><strong>continetur,</strong></span> <span class='ocrx_word' id='word_1_95' title='bbox 359 1369 480 1428; x_wconf 87' lang='lat' dir='ltr'><strong>nelacto</strong></span> <span class='ocrx_word' id='word_1_96' title='bbox 489 1368 572 1427; x_wconf 86' lang='lat' dir='ltr'><strong>initio</strong></span> <span class='ocrx_word' id='word_1_97' title='bbox 579 1365 649 1427; x_wconf 83' lang='lat' dir='ltr'><strong>balb</strong></span> <span class='ocrx_word' id='word_1_98' title='bbox 658 1365 694 1427; x_wconf 89' lang='lat' dir='ltr'><strong>ab</strong></span> <span class='ocrx_word' id='word_1_99' title='bbox 705 1366 826 1444; x_wconf 82' lang='lat' dir='ltr'><strong>reliquis</strong></span> <span class='ocrx_word' id='word_1_100' title='bbox 837 1365 1019 1428; x_wconf 88' lang='lat' dir='ltr'><strong>deserantur.</strong></span> 
     </span>
     <span class='ocr_line' id='line_1_15' title="bbox 61 1448 1054 1519; baseline 0 -9"><span class='ocrx_word' id='word_1_101' title='bbox 61 1450 137 1510; x_wconf 85' lang='lat' dir='ltr'><strong>Tum</strong></span> <span class='ocrx_word' id='word_1_102' title='bbox 153 1449 527 1518; x_wconf 84' lang='lat' dir='ltr'><strong>conlaudatisCarnutibus,</strong></span> <span class='ocrx_word' id='word_1_103' title='bbox 544 1451 611 1511; x_wconf 90' lang='lat' dir='ltr'><strong>dato</strong></span> <span class='ocrx_word' id='word_1_104' title='bbox 621 1450 812 1512; x_wconf 86' lang='lat' dir='ltr'><strong>iureiurando</strong></span> <span class='ocrx_word' id='word_1_105' title='bbox 823 1448 860 1511; x_wconf 89' lang='lat' dir='ltr'><strong>ab</strong></span> <span class='ocrx_word' id='word_1_106' title='bbox 875 1448 1020 1519; x_wconf 91' lang='lat' dir='ltr'><strong>omnibus,</strong></span> <span class='ocrx_word' id='word_1_107' title='bbox 1036 1456 1054 1510; x_wconf 75' lang='lat' dir='ltr'><strong>t</strong></span> 
     </span>
     <span class='ocr_line' id='line_1_16' title="bbox 62 1531 1019 1612; baseline 0 -19"><span class='ocrx_word' id='word_1_108' title='bbox 62 1534 112 1609; x_wconf 92' lang='lat' dir='ltr'><strong>qui</strong></span> <span class='ocrx_word' id='word_1_109' title='bbox 126 1533 258 1602; x_wconf 80' lang='lat' dir='ltr'><strong>aderant,</strong></span> <span class='ocrx_word' id='word_1_110' title='bbox 275 1542 409 1612; x_wconf 83' lang='lat' dir='ltr'><strong>tempore</strong></span> <span class='ocrx_word' id='word_1_111' title='bbox 424 1537 488 1595; x_wconf 87' lang='lat' dir='ltr'><strong>eius</strong></span> <span class='ocrx_word' id='word_1_112' title='bbox 504 1535 548 1594; x_wconf 91' lang='lat' dir='ltr'><strong>rei</strong></span> <span class='ocrx_word' id='word_1_113' title='bbox 559 1535 718 1594; x_wconf 88' lang='lat' dir='ltr'><strong>constituto</strong></span> <span class='ocrx_word' id='word_1_114' title='bbox 734 1533 771 1595; x_wconf 93' lang='lat' dir='ltr'><strong>ab</strong></span> <span class='ocrx_word' id='word_1_115' title='bbox 786 1532 909 1594; x_wconf 89' lang='lat' dir='ltr'><strong>concilio</strong></span> <span class='ocrx_word' id='word_1_116' title='bbox 925 1531 1019 1593; x_wconf 89' lang='lat' dir='ltr'><strong>disce·</strong></span> 
     </span>
     <span class='ocr_line' id='line_1_17' title="bbox 61 1616 148 1676; baseline 0.011 -1"><span class='ocrx_word' id='word_1_117' title='bbox 61 1616 148 1676; x_wconf 91' lang='lat' dir='ltr'><strong>ditur.</strong></span> 
     </span>
    </p>

    <p class='ocr_par' dir='ltr' id='par_1_4' title="bbox 57 1700 1067 2762">
     <span class='ocr_line' id='line_1_18' title="bbox 126 1700 1050 1769; baseline 0.002 -9"><span class='ocrx_word' id='word_1_118' title='bbox 126 1700 171 1761; x_wconf 88' lang='lat' dir='ltr'><strong>lll.</strong></span> <span class='ocrx_word' id='word_1_119' title='bbox 213 1700 268 1762; x_wconf 89' lang='lat' dir='ltr'><strong>Ubi</strong></span> <span class='ocrx_word' id='word_1_120' title='bbox 284 1719 317 1761; x_wconf 89' lang='lat' dir='ltr'><strong>ea</strong></span> <span class='ocrx_word' id='word_1_121' title='bbox 329 1701 392 1762; x_wconf 87' lang='lat' dir='ltr'><strong>dies</strong></span> <span class='ocrx_word' id='word_1_122' title='bbox 406 1702 501 1769; x_wconf 84' lang='lat' dir='ltr'><strong>venit,</strong></span> <span class='ocrx_word' id='word_1_123' title='bbox 525 1701 668 1762; x_wconf 85' lang='lat' dir='ltr'><strong>Carnutes</strong></span> <span class='ocrx_word' id='word_1_124' title='bbox 683 1700 827 1761; x_wconf 88' lang='lat' dir='ltr'><strong>Gutruato</strong></span> <span class='ocrx_word' id='word_1_125' title='bbox 843 1709 873 1761; x_wconf 92' lang='lat' dir='ltr'><strong>et</strong></span> <span class='ocrx_word' id='word_1_126' title='bbox 888 1702 1019 1763; x_wconf 92' lang='lat' dir='ltr'><strong>Concon·</strong></span> <span class='ocrx_word' id='word_1_127' title='bbox 1036 1710 1050 1762; x_wconf 88' lang='lat' dir='ltr'><strong>l</strong></span> 
     </span>
     <span class='ocr_line' id='line_1_19' title="bbox 61 1781 1019 1863; baseline 0.003 -21"><span class='ocrx_word' id='word_1_128' title='bbox 61 1783 241 1845; x_wconf 89' lang='lat' dir='ltr'><strong>netodumuo</strong></span> <span class='ocrx_word' id='word_1_129' title='bbox 257 1783 390 1853; x_wconf 80' lang='lat' dir='ltr'><strong>ducibm,</strong></span> <span class='ocrx_word' id='word_1_130' title='bbox 403 1783 566 1862; x_wconf 87' lang='lat' dir='ltr'><strong>desperetis</strong></span> <span class='ocrx_word' id='word_1_131' title='bbox 578 1781 755 1853; x_wconf 90' lang='lat' dir='ltr'><strong>bominibus,</strong></span> <span class='ocrx_word' id='word_1_132' title='bbox 772 1783 920 1846; x_wconf 84' lang='lat' dir='ltr'><strong>Cenabum</strong></span> <span class='ocrx_word' id='word_1_133' title='bbox 936 1787 1019 1863; x_wconf 90' lang='lat' dir='ltr'><strong>signo</strong></span> 
     </span>
     <span class='ocr_line' id='line_1_20' title="bbox 60 1865 1020 1944; baseline 0.005 -19"><span class='ocrx_word' id='word_1_134' title='bbox 60 1865 128 1926; x_wconf 89' lang='lat' dir='ltr'><strong>dato</strong></span> <span class='ocrx_word' id='word_1_135' title='bbox 144 1875 327 1928; x_wconf 90' lang='lat' dir='ltr'><strong>concurrunt</strong></span> <span class='ocrx_word' id='word_1_136' title='bbox 341 1869 477 1944; x_wconf 86' lang='lat' dir='ltr'><strong>civesque</strong></span> <span class='ocrx_word' id='word_1_137' title='bbox 491 1867 653 1936; x_wconf 87' lang='lat' dir='ltr'><strong>Romanos,</strong></span> <span class='ocrx_word' id='word_1_138' title='bbox 675 1869 726 1943; x_wconf 93' lang='lat' dir='ltr'><strong>qui</strong></span> <span class='ocrx_word' id='word_1_139' title='bbox 741 1867 911 1944; x_wconf 87' lang='lat' dir='ltr'><strong>negotiandi</strong></span> <span class='ocrx_word' id='word_1_140' title='bbox 932 1887 1020 1930; x_wconf 88' lang='lat' dir='ltr'><strong>causa</strong></span> 
     </span>
     <span class='ocr_line' id='line_1_21' title="bbox 59 1948 1019 2019; baseline 0.001 -10"><span class='ocrx_word' id='word_1_141' title='bbox 59 1948 102 2009; x_wconf 89' lang='lat' dir='ltr'><strong>ibi</strong></span> <span class='ocrx_word' id='word_1_142' title='bbox 121 1951 323 2019; x_wconf 84' lang='lat' dir='ltr'><strong>constiterant,</strong></span> <span class='ocrx_word' id='word_1_143' title='bbox 345 1952 375 2011; x_wconf 91' lang='lat' dir='ltr'><strong>in</strong></span> <span class='ocrx_word' id='word_1_144' title='bbox 401 1949 447 2010; x_wconf 84' lang='lat' dir='ltr'><strong>lais</strong></span> <span class='ocrx_word' id='word_1_145' title='bbox 467 1949 571 2011; x_wconf 84' lang='lat' dir='ltr'><strong>Gaium</strong></span> <span class='ocrx_word' id='word_1_146' title='bbox 591 1950 705 2010; x_wconf 77' lang='lat' dir='ltr'><strong>Fufium</strong></span> <span class='ocrx_word' id='word_1_147' title='bbox 727 1950 834 2019; x_wconf 86' lang='lat' dir='ltr'><strong>Citam,</strong></span> <span class='ocrx_word' id='word_1_148' title='bbox 862 1949 1019 2012; x_wconf 80' lang='lat' dir='ltr'><strong>honestum</strong></span> 
     </span>
     <span class='ocr_line' id='line_1_22' title="bbox 60 2032 1067 2109; baseline 0.003 -17"><span class='ocrx_word' id='word_1_149' title='bbox 60 2035 189 2108; x_wconf 82' lang='lat' dir='ltr'><strong>equitem</strong></span> <span class='ocrx_word' id='word_1_150' title='bbox 210 2032 390 2103; x_wconf 86' lang='lat' dir='ltr'><strong>Romanum,</strong></span> <span class='ocrx_word' id='word_1_151' title='bbox 418 2035 470 2109; x_wconf 92' lang='lat' dir='ltr'><strong>qui</strong></span> <span class='ocrx_word' id='word_1_152' title='bbox 490 2035 535 2093; x_wconf 90' lang='lat' dir='ltr'><strong>rei</strong></span> <span class='ocrx_word' id='word_1_153' title='bbox 555 2033 763 2095; x_wconf 81' lang='lat' dir='ltr'><strong>frumentariae</strong></span> <span class='ocrx_word' id='word_1_154' title='bbox 784 2037 865 2094; x_wconf 89' lang='lat' dir='ltr'><strong>iussu</strong></span> <span class='ocrx_word' id='word_1_155' title='bbox 887 2033 1019 2096; x_wconf 90' lang='lat' dir='ltr'><strong>Caesaris</strong></span> <span class='ocrx_word' id='word_1_156' title='bbox 1063 2103 1067 2108; x_wconf 13' lang='lat'>⁸</span> 
     </span>
     <span class='ocr_line' id='line_1_23' title="bbox 60 2115 1050 2195; baseline -0.002 -21"><span class='ocrx_word' id='word_1_157' title='bbox 60 2123 206 2193; x_wconf 81' lang='lat' dir='ltr'><strong>praeerat,</strong></span> <span class='ocrx_word' id='word_1_158' title='bbox 222 2117 403 2177; x_wconf 75' lang='lat' dir='ltr'><strong>interficiunt</strong></span> <span class='ocrx_word' id='word_1_159' title='bbox 416 2115 553 2193; x_wconf 89' lang='lat' dir='ltr'><strong>bonaque</strong></span> <span class='ocrx_word' id='word_1_160' title='bbox 568 2134 673 2177; x_wconf 88' lang='lat' dir='ltr'><strong>eorum</strong></span> <span class='ocrx_word' id='word_1_161' title='bbox 687 2117 837 2195; x_wconf 87' lang='lat' dir='ltr'><strong>diripiunt.</strong></span> <span class='ocrx_word' id='word_1_162' title='bbox 876 2116 1019 2178; x_wconf 86' lang='lat' dir='ltr'><strong>Celeriter</strong></span> <span class='ocrx_word' id='word_1_163' title='bbox 1034 2125 1050 2172; x_wconf 82' lang='lat'>2</span> 
     </span>
     <span class='ocr_line' id='line_1_24' title="bbox 59 2198 1017 2277; baseline 0.003 -19"><span class='ocrx_word' id='word_1_164' title='bbox 59 2198 96 2258; x_wconf 89' lang='lat' dir='ltr'><strong>ad</strong></span> <span class='ocrx_word' id='word_1_165' title='bbox 111 2217 214 2259; x_wconf 88' lang='lat' dir='ltr'><strong>omnes</strong></span> <span class='ocrx_word' id='word_1_166' title='bbox 230 2198 339 2261; x_wconf 82' lang='lat' dir='ltr'><strong>Calliae</strong></span> <span class='ocrx_word' id='word_1_167' title='bbox 359 2201 490 2260; x_wconf 89' lang='lat' dir='ltr'><strong>civitates</strong></span> <span class='ocrx_word' id='word_1_168' title='bbox 510 2199 586 2261; x_wconf 85' lang='lat' dir='ltr'><strong>lama</strong></span> <span class='ocrx_word' id='word_1_169' title='bbox 600 2200 760 2277; x_wconf 81' lang='lat' dir='ltr'><strong>perfertur.</strong></span> <span class='ocrx_word' id='word_1_170' title='bbox 795 2200 868 2262; x_wconf 84' lang='lat' dir='ltr'><strong>Nam</strong></span> <span class='ocrx_word' id='word_1_171' title='bbox 884 2200 1017 2262; x_wconf 89' lang='lat' dir='ltr'><strong>ubicum-</strong></span> 
     </span>
     <span class='ocr_line' id='line_1_25' title="bbox 59 2281 1018 2362; baseline 0.002 -20"><span class='ocrx_word' id='word_1_172' title='bbox 59 2299 118 2358; x_wconf 89' lang='lat' dir='ltr'><strong>que</strong></span> <span class='ocrx_word' id='word_1_173' title='bbox 133 2283 227 2342; x_wconf 86' lang='lat' dir='ltr'><strong>maior</strong></span> <span class='ocrx_word' id='word_1_174' title='bbox 240 2291 329 2360; x_wconf 92' lang='lat' dir='ltr'><strong>atque</strong></span> <span class='ocrx_word' id='word_1_175' title='bbox 344 2282 498 2344; x_wconf 87' lang='lat' dir='ltr'><strong>inlustrior</strong></span> <span class='ocrx_word' id='word_1_176' title='bbox 513 2281 615 2343; x_wconf 91' lang='lat' dir='ltr'><strong>incidit</strong></span> <span class='ocrx_word' id='word_1_177' title='bbox 629 2301 692 2353; x_wconf 89' lang='lat' dir='ltr'><strong>ros,</strong></span> <span class='ocrx_word' id='word_1_178' title='bbox 713 2283 842 2345; x_wconf 91' lang='lat' dir='ltr'><strong>clamore</strong></span> <span class='ocrx_word' id='word_1_179' title='bbox 862 2302 916 2362; x_wconf 91' lang='lat' dir='ltr'><strong>per</strong></span> <span class='ocrx_word' id='word_1_180' title='bbox 931 2302 1018 2362; x_wconf 88' lang='lat' dir='ltr'><strong>agros</strong></span> 
     </span>
     <span class='ocr_line' id='line_1_26' title="bbox 59 2365 1019 2446; baseline 0.003 -23"><span class='ocrx_word' id='word_1_181' title='bbox 59 2367 256 2442; x_wconf 77' lang='lat' dir='ltr'><strong>regionesque</strong></span> <span class='ocrx_word' id='word_1_182' title='bbox 277 2367 455 2444; x_wconf 78' lang='lat' dir='ltr'><strong>significant;</strong></span> <span class='ocrx_word' id='word_1_183' title='bbox 478 2365 557 2428; x_wconf 91' lang='lat' dir='ltr'><strong>bunc</strong></span> <span class='ocrx_word' id='word_1_184' title='bbox 588 2365 637 2427; x_wconf 81' lang='lat' dir='ltr'><strong>alii</strong></span> <span class='ocrx_word' id='word_1_185' title='bbox 658 2366 798 2446; x_wconf 87' lang='lat' dir='ltr'><strong>deinceps</strong></span> <span class='ocrx_word' id='word_1_186' title='bbox 819 2369 969 2445; x_wconf 89' lang='lat' dir='ltr'><strong>excipiunt</strong></span> <span class='ocrx_word' id='word_1_187' title='bbox 989 2374 1019 2428; x_wconf 91' lang='lat' dir='ltr'><strong>et</strong></span> 
     </span>
     <span class='ocr_line' id='line_1_27' title="bbox 59 2448 1050 2528; baseline 0.001 -21"><span class='ocrx_word' id='word_1_188' title='bbox 59 2450 214 2526; x_wconf 83' lang='lat' dir='ltr'><strong>proxumis</strong></span> <span class='ocrx_word' id='word_1_189' title='bbox 225 2449 356 2519; x_wconf 84' lang='lat' dir='ltr'><strong>tradunt,</strong></span> <span class='ocrx_word' id='word_1_190' title='bbox 367 2457 406 2512; x_wconf 57' lang='lat' dir='ltr'><strong>&gt;ut</strong></span> <span class='ocrx_word' id='word_1_191' title='bbox 420 2458 482 2511; x_wconf 92' lang='lat' dir='ltr'><strong>tum</strong></span> <span class='ocrx_word' id='word_1_192' title='bbox 493 2448 607 2510; x_wconf 86' lang='lat' dir='ltr'><strong>accidit.</strong></span> <span class='ocrx_word' id='word_1_193' title='bbox 628 2449 700 2513; x_wconf 86' lang='lat' dir='ltr'><strong>Nam</strong></span> <span class='ocrx_word' id='word_1_194' title='bbox 709 2465 783 2528; x_wconf 90' lang='lat' dir='ltr'><strong>quae</strong></span> <span class='ocrx_word' id='word_1_195' title='bbox 790 2449 898 2512; x_wconf 86' lang='lat' dir='ltr'><strong>Cenabi</strong></span> <span class='ocrx_word' id='word_1_196' title='bbox 905 2450 1019 2511; x_wconf 88' lang='lat' dir='ltr'><strong>oriente</strong></span> <span class='ocrx_word' id='word_1_197' title='bbox 1033 2455 1050 2508; x_wconf 74' lang='lat' dir='ltr'><strong>a</strong></span> 
     </span>
     <span class='ocr_line' id='line_1_28' title="bbox 58 2531 1017 2612; baseline 0.002 -22"><span class='ocrx_word' id='word_1_198' title='bbox 58 2531 121 2591; x_wconf 89' lang='lat' dir='ltr'><strong>sole</strong></span> <span class='ocrx_word' id='word_1_199' title='bbox 132 2539 214 2608; x_wconf 83' lang='lat' dir='ltr'><strong>gesta</strong></span> <span class='ocrx_word' id='word_1_200' title='bbox 230 2539 337 2602; x_wconf 81' lang='lat' dir='ltr'><strong>essent</strong></span> <span class='ocrx_word' id='word_1_201' title='bbox 352 2540 421 2595; x_wconf 89' lang='lat' dir='ltr'><strong>ante</strong></span> <span class='ocrx_word' id='word_1_202' title='bbox 436 2534 561 2611; x_wconf 78' lang='lat' dir='ltr'><strong>prinum</strong></span> <span class='ocrx_word' id='word_1_203' title='bbox 575 2533 738 2595; x_wconf 78' lang='lat' dir='ltr'><strong>conlectam</strong></span> <span class='ocrx_word' id='word_1_204' title='bbox 758 2532 884 2612; x_wconf 84' lang='lat' dir='ltr'><strong>vigiliam</strong></span> <span class='ocrx_word' id='word_1_205' title='bbox 906 2533 936 2597; x_wconf 87' lang='lat' dir='ltr'><strong>in</strong></span> <span class='ocrx_word' id='word_1_206' title='bbox 952 2533 1017 2593; x_wconf 89' lang='lat' dir='ltr'><strong>tini·</strong></span> 
     </span>
     <span class='ocr_line' id='line_1_29' title="bbox 59 2613 1017 2695; baseline 0.003 -22"><span class='ocrx_word' id='word_1_207' title='bbox 59 2613 321 2677; x_wconf 71' lang='lat' dir='ltr'><strong>busdrverneran</strong></span> <span class='ocrx_word' id='word_1_208' title='bbox 329 2615 430 2678; x_wconf 78' lang='lat' dir='ltr'><strong>audita</strong></span> <span class='ocrx_word' id='word_1_209' title='bbox 441 2623 517 2685; x_wconf 90' lang='lat' dir='ltr'><strong>sunt,</strong></span> <span class='ocrx_word' id='word_1_210' title='bbox 533 2616 613 2692; x_wconf 92' lang='lat' dir='ltr'><strong>quod</strong></span> <span class='ocrx_word' id='word_1_211' title='bbox 626 2619 752 2695; x_wconf 86' lang='lat' dir='ltr'><strong>spatium</strong></span> <span class='ocrx_word' id='word_1_212' title='bbox 765 2624 810 2679; x_wconf 91' lang='lat' dir='ltr'><strong>est</strong></span> <span class='ocrx_word' id='word_1_213' title='bbox 823 2616 935 2681; x_wconf 89' lang='lat' dir='ltr'><strong>milium</strong></span> <span class='ocrx_word' id='word_1_214' title='bbox 951 2634 1017 2695; x_wconf 89' lang='lat' dir='ltr'><strong>pas·</strong></span> 
     </span>
     <span class='ocr_line' id='line_1_30' title="bbox 57 2699 475 2762; baseline 0.01 -6"><span class='ocrx_word' id='word_1_215' title='bbox 57 2715 145 2758; x_wconf 77' lang='lat' dir='ltr'><strong>surum</strong></span> <span class='ocrx_word' id='word_1_216' title='bbox 159 2699 279 2760; x_wconf 74' lang='lat' dir='ltr'><strong>cimber</strong></span> <span class='ocrx_word' id='word_1_217' title='bbox 292 2708 412 2762; x_wconf 76' lang='lat' dir='ltr'><strong>eentum</strong></span> <span class='ocrx_word' id='word_1_218' title='bbox 426 2720 475 2760; x_wconf 81' lang='lat' dir='ltr'><strong>xx.</strong></span> 
     </span>
    </p>

    <p class='ocr_par' dir='ltr' id='par_1_5' title="bbox 55 2780 1126 3536">
     <span class='ocr_line' id='line_1_31' title="bbox 121 2780 1086 2862; baseline 0 -20"><span class='ocrx_word' id='word_1_219' title='bbox 121 2780 182 2844; x_wconf 87' lang='lat' dir='ltr'><strong>llll.</strong></span> <span class='ocrx_word' id='word_1_220' title='bbox 220 2781 449 2845; x_wconf 75' lang='lat' dir='ltr'><strong>Siniliratione</strong></span> <span class='ocrx_word' id='word_1_221' title='bbox 473 2781 514 2845; x_wconf 78' lang='lat' dir='ltr'><strong>ibi</strong></span> <span class='ocrx_word' id='word_1_222' title='bbox 535 2785 771 2862; x_wconf 83' lang='lat' dir='ltr'><strong>Vercingetorix,</strong></span> <span class='ocrx_word' id='word_1_223' title='bbox 803 2783 909 2845; x_wconf 88' lang='lat' dir='ltr'><strong>Celtilli</strong></span> <span class='ocrx_word' id='word_1_224' title='bbox 931 2782 1047 2852; x_wconf 74' lang='lat' dir='ltr'><strong>illust</strong></span> <span class='ocrx_word' id='word_1_225' title='bbox 1084 2854 1086 2858; x_wconf 21' lang='lat'><strong><em>¹</em></strong></span> 
     </span>
     <span class='ocr_line' id='line_1_32' title="bbox 57 2866 1016 2946; baseline 0.001 -21"><span class='ocrx_word' id='word_1_226' title='bbox 57 2869 217 2938; x_wconf 73' lang='lat' dir='ltr'><strong>Arvernus,</strong></span> <span class='ocrx_word' id='word_1_227' title='bbox 232 2883 365 2928; x_wconf 78' lang='lat' dir='ltr'><strong>samniae</strong></span> <span class='ocrx_word' id='word_1_228' title='bbox 376 2867 525 2946; x_wconf 84' lang='lat' dir='ltr'><strong>potentiae</strong></span> <span class='ocrx_word' id='word_1_229' title='bbox 535 2866 723 2936; x_wconf 81' lang='lat' dir='ltr'><strong>adulescens,</strong></span> <span class='ocrx_word' id='word_1_230' title='bbox 738 2867 822 2928; x_wconf 87' lang='lat' dir='ltr'><strong>cuius</strong></span> <span class='ocrx_word' id='word_1_231' title='bbox 836 2872 920 2945; x_wconf 89' lang='lat' dir='ltr'><strong>pater</strong></span> <span class='ocrx_word' id='word_1_232' title='bbox 934 2867 1016 2944; x_wconf 85' lang='lat' dir='ltr'><strong>prin·</strong></span> 
     </span>
     <span class='ocr_line' id='line_1_33' title="bbox 58 2947 1016 3032; baseline 0.002 -24"><span class='ocrx_word' id='word_1_233' title='bbox 58 2949 190 3026; x_wconf 81' lang='lat' dir='ltr'><strong>cipetum</strong></span> <span class='ocrx_word' id='word_1_234' title='bbox 204 2947 315 3011; x_wconf 82' lang='lat' dir='ltr'><strong>Calliae</strong></span> <span class='ocrx_word' id='word_1_235' title='bbox 326 2952 420 3032; x_wconf 13' lang='lat' dir='ltr'><strong>vuum</strong></span> <span class='ocrx_word' id='word_1_236' title='bbox 434 2950 647 3017; x_wconf 71' lang='lat' dir='ltr'><strong>ohannem-et</strong></span> <span class='ocrx_word' id='word_1_237' title='bbox 661 2949 779 3014; x_wconf 79' lang='lat' dir='ltr'><strong>obeant</strong></span> <span class='ocrx_word' id='word_1_238' title='bbox 794 2967 921 3018; x_wconf 89' lang='lat' dir='ltr'><strong>causam,</strong></span> <span class='ocrx_word' id='word_1_239' title='bbox 938 2949 1016 3027; x_wconf 91' lang='lat' dir='ltr'><strong>quod</strong></span> 
     </span>
     <span class='ocr_line' id='line_1_34' title="bbox 59 3031 1126 3112; baseline 0.004 -20"><span class='ocrx_word' id='word_1_240' title='bbox 59 3048 185 3110; x_wconf 82' lang='lat' dir='ltr'><strong>regnum</strong></span> <span class='ocrx_word' id='word_1_241' title='bbox 199 3031 365 3112; x_wconf 79' lang='lat' dir='ltr'><strong>adpetebat,</strong></span> <span class='ocrx_word' id='word_1_242' title='bbox 381 3032 418 3095; x_wconf 80' lang='lat' dir='ltr'><strong>ab</strong></span> <span class='ocrx_word' id='word_1_243' title='bbox 432 3035 548 3100; x_wconf 81' lang='lat' dir='ltr'><strong>civitate</strong></span> <span class='ocrx_word' id='word_1_244' title='bbox 563 3041 627 3097; x_wconf 83' lang='lat' dir='ltr'><strong>erat</strong></span> <span class='ocrx_word' id='word_1_245' title='bbox 645 3034 833 3102; x_wconf 82' lang='lat' dir='ltr'><strong>interiectus,</strong></span> <span class='ocrx_word' id='word_1_246' title='bbox 851 3035 1016 3096; x_wconf 84' lang='lat' dir='ltr'><strong>convocatis</strong></span> <span class='ocrx_word' id='word_1_247' title='bbox 1123 3079 1126 3087; x_wconf 83' lang='lat'><em>.</em></span> 
     </span>
     <span class='ocr_line' id='line_1_35' title="bbox 57 3114 1048 3195; baseline -0.003 -18"><span class='ocrx_word' id='word_1_248' title='bbox 57 3116 120 3177; x_wconf 81' lang='lat' dir='ltr'><strong>anis</strong></span> <span class='ocrx_word' id='word_1_249' title='bbox 140 3114 298 3178; x_wconf 67' lang='lat' dir='ltr'><strong>dieutilm</strong></span> <span class='ocrx_word' id='word_1_250' title='bbox 317 3116 404 3178; x_wconf 85' lang='lat' dir='ltr'><strong>lacile</strong></span> <span class='ocrx_word' id='word_1_251' title='bbox 428 3117 585 3180; x_wconf 27' lang='lat' dir='ltr'><strong>incendit.»</strong></span> <span class='ocrx_word' id='word_1_252' title='bbox 608 3117 732 3195; x_wconf 88' lang='lat' dir='ltr'><strong>Cognito</strong></span> <span class='ocrx_word' id='word_1_253' title='bbox 752 3118 817 3179; x_wconf 88' lang='lat' dir='ltr'><strong>eius</strong></span> <span class='ocrx_word' id='word_1_254' title='bbox 837 3116 959 3181; x_wconf 85' lang='lat' dir='ltr'><strong>oonsilio</strong></span> <span class='ocrx_word' id='word_1_255' title='bbox 981 3117 1048 3178; x_wconf 80' lang='lat' dir='ltr'><strong>ada</strong></span> 
     </span>
     <span class='ocr_line' id='line_1_36' title="bbox 56 3200 1014 3280; baseline -0.001 -19"><span class='ocrx_word' id='word_1_256' title='bbox 56 3216 139 3261; x_wconf 76' lang='lat' dir='ltr'><strong>arma</strong></span> <span class='ocrx_word' id='word_1_257' title='bbox 150 3201 349 3265; x_wconf 64' lang='lat' dir='ltr'><strong>memoritur.</strong></span> <span class='ocrx_word' id='word_1_258' title='bbox 358 3200 543 3264; x_wconf 85' lang='lat' dir='ltr'><strong>Prohibetur</strong></span> <span class='ocrx_word' id='word_1_259' title='bbox 553 3200 820 3270; x_wconf 76' lang='lat' dir='ltr'><strong>abCebannitione.</strong></span> <span class='ocrx_word' id='word_1_260' title='bbox 832 3207 938 3280; x_wconf 78' lang='lat' dir='ltr'><strong>patruo</strong></span> <span class='ocrx_word' id='word_1_261' title='bbox 950 3218 1014 3269; x_wconf 86' lang='lat' dir='ltr'><strong>suo,</strong></span> 
     </span>
     <span class='ocr_line' id='line_1_37' title="bbox 56 3281 1016 3364; baseline 0.003 -20"><span class='ocrx_word' id='word_1_262' title='bbox 56 3281 241 3360; x_wconf 78' lang='lat' dir='ltr'><strong>reliquisque</strong></span> <span class='ocrx_word' id='word_1_263' title='bbox 261 3284 460 3364; x_wconf 85' lang='lat' dir='ltr'><strong>principibus,</strong></span> <span class='ocrx_word' id='word_1_264' title='bbox 482 3286 534 3362; x_wconf 84' lang='lat' dir='ltr'><strong>qui</strong></span> <span class='ocrx_word' id='word_1_265' title='bbox 554 3284 630 3348; x_wconf 89' lang='lat' dir='ltr'><strong>banc</strong></span> <span class='ocrx_word' id='word_1_266' title='bbox 650 3284 849 3364; x_wconf 84' lang='lat' dir='ltr'><strong>temptandam</strong></span> <span class='ocrx_word' id='word_1_267' title='bbox 868 3285 1016 3347; x_wconf 80' lang='lat' dir='ltr'><strong>fortunam</strong></span> 
     </span>
     <span class='ocr_line' id='line_1_38' title="bbox 56 3366 1119 3448; baseline 0 -22"><span class='ocrx_word' id='word_1_268' title='bbox 56 3383 117 3428; x_wconf 93' lang='lat' dir='ltr'><strong>non</strong></span> <span class='ocrx_word' id='word_1_269' title='bbox 134 3366 353 3439; x_wconf 83' lang='lat' dir='ltr'><strong>existimabant,</strong></span> <span class='ocrx_word' id='word_1_270' title='bbox 369 3367 526 3448; x_wconf 85' lang='lat' dir='ltr'><strong>expellitur</strong></span> <span class='ocrx_word' id='word_1_271' title='bbox 541 3367 699 3448; x_wconf 86' lang='lat' dir='ltr'><strong>exoppido</strong></span> <span class='ocrx_word' id='word_1_272' title='bbox 715 3367 873 3448; x_wconf 69' lang='lat' dir='ltr'><strong>Gergoviae</strong></span> <span class='ocrx_word' id='word_1_273' title='bbox 890 3385 950 3432; x_wconf 85' lang='lat' dir='ltr'><strong>nen</strong></span> <span class='ocrx_word' id='word_1_274' title='bbox 965 3367 1047 3427; x_wconf 78' lang='lat' dir='ltr'><strong>‹le-a</strong></span> <span class='ocrx_word' id='word_1_275' title='bbox 1117 3397 1119 3403; x_wconf 69' lang='lat'><strong>,</strong></span> 
     </span>
     <span class='ocr_line' id='line_1_39' title="bbox 55 3451 1027 3536; baseline 0 -26"><span class='ocrx_word' id='word_1_276' title='bbox 55 3451 131 3511; x_wconf 78' lang='lat' dir='ltr'><strong>stidt</strong></span> <span class='ocrx_word' id='word_1_277' title='bbox 145 3459 244 3513; x_wconf 84' lang='lat' dir='ltr'><strong>tamen</strong></span> <span class='ocrx_word' id='word_1_278' title='bbox 254 3453 384 3520; x_wconf 74' lang='lat' dir='ltr'><strong>amena</strong></span> <span class='ocrx_word' id='word_1_279' title='bbox 395 3453 474 3531; x_wconf 86' lang='lat' dir='ltr'><strong>agris</strong></span> <span class='ocrx_word' id='word_1_280' title='bbox 482 3451 571 3515; x_wconf 79' lang='lat' dir='ltr'><strong>babet</strong></span> <span class='ocrx_word' id='word_1_281' title='bbox 582 3451 732 3520; x_wconf 84' lang='lat' dir='ltr'><strong>delectum</strong></span> <span class='ocrx_word' id='word_1_282' title='bbox 742 3453 897 3536; x_wconf 73' lang='lat' dir='ltr'><strong>egentium</strong></span> <span class='ocrx_word' id='word_1_283' title='bbox 907 3469 945 3516; x_wconf 83' lang='lat' dir='ltr'><strong>ac</strong></span> <span class='ocrx_word' id='word_1_284' title='bbox 954 3468 1027 3532; x_wconf 73' lang='lat' dir='ltr'><strong>pex-</strong></span> 
     </span>
    </p>
   </div>
   <div class='ocr_carea' id='block_1_3' title="bbox 0 0 1182 3870">
    <p class='ocr_par' dir='ltr' id='par_1_6' title="bbox 0 0 1182 3870">
     <span class='ocr_line' id='line_1_40' title="bbox 0 0 1182 3870; baseline 0 2"><span class='ocrx_word' id='word_1_285' title='bbox 0 0 1182 3870; x_wconf 95' lang='lat' dir='ltr'><strong> </strong></span> 
     </span>
    </p>
   </div>
  </div>
 </body>
</html>
