2356 3870
122 186 164 253 88
445 188 628 246 DE'BELLO
651 190 760 247 OIVILI

122 362 209 441 peius
222 361 301 421 enim
323 360 419 438 primo
434 360 575 436 ignorans
589 360 654 418 eius
674 358 843 428 consilium,
864 360 942 440 quod
961 357 1084 421 diverso

122 444 160 506 ab
181 463 215 505 ea
236 446 358 521 regione
384 444 492 504 itinere
517 444 685 523 profectum
706 443 839 513 videbat,
869 444 1015 524 angustiis
1034 447 1082 506 rel

121 530 337 590 frumentariae
359 527 542 607 compulsum
564 527 736 588 discessisse
753 530 955 601 existimabat;
977 537 1084 607 postea

122 632 177 693 per
192 613 394 692 exploratores
409 614 520 673 certior
540 613 636 672 factus
655 619 775 692 postero
791 613 840 673 die
861 622 958 677 castra
978 615 1080 684 movit,

96 698 260 758 abreviore
286 699 396 758 itinere
416 715 449 757 se
476 714 634 757 occurrere
656 698 684 757 ei
710 714 796 776 posse
821 716 955 776 sperans.
995 695 1083 766 Quod

121 784 186 843 fore
207 783 371 860 suspicatus
391 780 498 842 Caesar
524 781 692 860 militesque
714 779 901 853 adhortatus,
926 790 960 844 ut
985 799 1086 860 aequo

122 869 221 927 animo
242 866 374 927 lahorem
388 866 517 934 ferrent,
539 883 629 944 parva
650 873 735 944 parte
750 868 847 926 noctis
861 869 971 928 itinere
985 867 1082 926 inter·

123 953 215 1011 misso
240 969 325 1011 mane
352 950 569 1028 Dyrrhachium
593 950 688 1018 venit,
719 967 786 1010 cum
815 952 945 1030 primum
974 967 1085 1028 agmen

122 1036 245 1114 Pompei
261 1033 365 1114 procul
381 1041 565 1104 cerneretur,
582 1039 670 1114 atque
685 1032 730 1094 ibi
745 1043 841 1095 castra
856 1038 964 1113 posuit.

98 1123 113 1174 1
187 1116 333 1179 XXXXII.
363 1117 522 1196 Pompeius
537 1117 716 1180 interclusus
730 1118 924 1198 Dyrrhachio,
942 1118 994 1180 ubi
1009 1135 1081 1196 pro·

121 1205 251 1283 positum
270 1210 373 1263 tenere
395 1220 454 1262 non
475 1204 586 1281 potuit,
613 1203 743 1263 secundo
763 1220 842 1263 usus
855 1203 979 1265 consilio
1000 1203 1088 1264 edito
1117 1213 1119 1217 ’

121 1288 202 1357 loco,
224 1288 276 1367 qui
291 1286 456 1366 appellatur
470 1286 559 1346 Petra
575 1287 747 1366 aditumque
768 1286 859 1348 habet
878 1287 1003 1349 navibus
1017 1306 1082 1347 me·

123 1372 254 1431 diocrem
275 1377 363 1450 atque
384 1389 435 1431 eas
459 1389 475 1430 a
494 1369 672 1449 quibusdam
697 1372 827 1450 protegit
846 1375 956 1442 ventis,
984 1379 1083 1434 castra

95 1456 295 1517 2communit.
325 1454 367 1515 Eo
382 1461 498 1534 partem
513 1456 632 1515 navium
652 1455 805 1534 longarum
820 1458 994 1527 convenire,
1015 1458 1087 1517 fruv

122 1546 253 1601 mentum
270 1545 523 1619 commeatumque
543 1537 580 1599 ab
595 1540 664 1600 Asia
685 1547 773 1619 atque
793 1540 931 1601 omnibus
950 1541 1086 1619 regioni·-

95 1624 193 1693 ³hus,
215 1642 288 1702 quas
309 1621 444 1690 tenebat,
466 1625 647 1703 comportari
666 1626 803 1702 imperat.
835 1625 944 1686 Caesar
962 1624 1088 1703 longius

121 1707 233 1769 bellum
250 1708 370 1768 ductum
390 1708 429 1767 iri
451 1709 622 1770 existimans
637 1714 668 1768 et
688 1708 723 1768 de
738 1707 850 1769 Italicis
865 1708 1085 1771 commeatibus

122 1793 293 1873 desperans,
310 1793 388 1872 quod
403 1799 485 1853 tanta
500 1792 655 1870 diligentia
670 1794 769 1853 omnia
789 1792 877 1853 litora
894 1811 910 1854 a
924 1793 1085 1873 Pompeia·-

120 1879 168 1937 nis
189 1875 366 1937 tenebantur
387 1876 555 1956 classesque
572 1877 680 1955 ipsius,
702 1895 775 1956 quas
795 1877 892 1937 hieme
913 1879 945 1938 in
967 1877 1082 1948 Sicilia,

121 1960 224 2030 Gallia,
240 1960 323 2021 ltalia
338 1962 459 2029 fecerat,
474 1958 677 2029 morabantur,
693 1962 724 2020 in
738 1961 864 2039 Epirum
879 1963 925 2021 rei
945 1962 1085 2022 frumen·

121 2047 214 2106 tariae
235 2062 323 2104 causa
343 2043 377 2114 Q.
394 2043 515 2105 Tillium
536 2051 567 2104 et
591 2044 625 2105 L.
641 2044 814 2106 Canuleium
839 2045 968 2123 legatum
988 2047 1079 2116 misit,

121 2129 258 2209 quodque
279 2128 335 2187 hae
355 2131 494 2205 regiones
515 2127 639 2189 aberant
658 2128 791 2205 longius,
812 2128 884 2190 locis
904 2132 995 2191 certis
1009 2130 1084 2191 hor·

121 2232 173 2274 rea
195 2212 349 2272 constituit
369 2220 564 2291 vecturasque
586 2214 729 2274 frumenti
755 2214 891 2274 finitimis
910 2214 1084 2277 civitatibus

94 2297 287 2376 4descripsit.
300 2292 391 2357 'ltem
407 2296 493 2357 Lisso
508 2297 715 2376 Parthinisque
732 2305 762 2357 et
781 2297 919 2359 omnibus
939 2298 1083 2370 castellis,

94 2381 202 2460 dquod
217 2387 296 2442 esset
309 2381 463 2451 frumenti,
476 2384 613 2461 conquiri
629 2383 726 2441 iussit.
755 2380 788 2441 ld
804 2388 869 2442 erat
882 2385 1080 2461 perexiguum

120 2484 187 2526 cum
208 2467 303 2544 ipsius
323 2466 386 2542 agri
407 2473 526 2534 natura,
548 2466 628 2544 quod
649 2472 718 2525 sunt
737 2465 801 2526 loca
821 2483 925 2544 aspera
944 2471 975 2527 et
995 2485 1083 2528 mon·

120 2559 218 2620 tuosa,
247 2567 280 2609 ac
301 2548 474 2628 plerumque
495 2550 647 2609 frumento
673 2556 799 2610 utuntur
823 2551 988 2629 inportato,
1014 2557 1082 2612 tum

120 2634 198 2713 quod
219 2632 378 2711 Pompeius
403 2633 477 2693 haec
503 2633 674 2711 providerat
695 2642 726 2694 et
746 2633 952 2712 superioribus
972 2634 1084 2696 diebus

119 2717 248 2797 praedae
277 2714 342 2777 loco
367 2716 525 2777 Parthinos
553 2715 699 2778 habuerat
724 2717 964 2797 frumentumque
990 2736 1079 2778 omne

120 2803 320 2881 conquisitum
333 2801 466 2881 spoliatis
478 2801 651 2880 effossisque
663 2819 766 2862 eorum
776 2801 914 2862 domibus
928 2820 983 2882 per
994 2804 1082 2882 equi·

120 2893 167 2946 tes
182 2893 389 2964 comportarat.
785 2952 792 2959 ,

94 2973 108 3020 1
186 2969 349 3030 ΧΧΧΧΙΙΙ.
389 2969 502 3040 Quibus
527 2969 618 3031 rebus
643 2972 768 3048 cognitis
789 2970 897 3031 Caesar
921 2970 1081 3031 consilium

120 3056 200 3132 capit
214 3071 249 3112 ex
270 3053 327 3113 loci
349 3063 465 3115 natura.
500 3054 592 3114 Erant
613 3056 694 3115 enim
709 3057 822 3114 circum
844 3063 940 3114 castra
954 3054 1080 3133 Pompei

123 3137 261 3216 permulti
282 3137 355 3198 editi
376 3146 463 3218 atque
486 3141 584 3217 asperi
601 3137 702 3199 colles.
736 3138 797 3198 Hos
819 3141 949 3217 primum
965 3141 1079 3217 praesi-

93 3227 108 3273 2
122 3222 179 3281 diis
195 3221 292 3281 tenuit
305 3221 483 3301 castellaque
499 3221 542 3282 ibi
557 3225 731 3284 communit.
761 3222 842 3292 lnde,
858 3229 892 3283 ut
906 3222 963 3282 loci
980 3223 1094 3282 cuius-v

120 3323 177 3384 que
206 3312 309 3366 natura
334 3306 465 3374 ferebat,
493 3325 529 3366 ex
554 3307 674 3368 castello
699 3308 730 3366 in
757 3307 910 3367 castellum
935 3305 1080 3385 perducta

93 3391 285 3449 amunitione
307 3390 528 3451 circumvallare
550 3391 724 3470 Pompeium
749 3391 890 3458 instituit,
918 3391 992 3451 haec
1014 3408 1080 3468 spe·

114 3481 214 3545 clane
243 3473 324 3556 quod
345 3483 524 3558 angustare
545 3476 744 3538 frumentaria
761 3474 918 3544 utebatur,
942 3472 1103 3563 quodque
