2356 3870
72 213 76 217 ’
154 233 216 299 120
477 237 793 296 cucumerum

151 408 231 469 lama
246 422 349 466 rerum
364 411 515 485 gestarum
538 405 665 466 infirmis
680 405 796 466 auxiliis
818 406 968 483 proticisci
982 424 1043 467 non
1058 406 1114 468 du·

152 490 308 561 bitaverat,
320 507 412 569 aeque
425 507 543 550 omnem
554 488 611 550 sibi
624 487 721 550 locum
734 496 832 551 tutum
847 491 912 550 lore
928 493 1113 553 existimans.

126 575 349 637 tAlexaudriae
365 573 401 634 de
409 573 533 652 Pompei
547 580 643 634 morte
658 574 808 651 cognoscit
818 581 906 653 atque
922 573 965 635 ibi
979 577 1114 654 primum

153 678 170 719 e
190 677 264 719 nave
284 658 443 736 egrediens
463 657 624 719 clamorem
645 657 773 718 militum
794 659 891 728 audit,
913 677 988 737 quos
1008 677 1062 719 rex
1082 662 1115 720 in

153 743 263 823 oppido
277 742 418 823 praesidii
433 760 521 804 causa
532 743 703 822 reliquerat,
715 751 745 802 et
759 759 935 803 concursum
947 743 983 804 ad
999 763 1031 804 se
1046 745 1115 805 fieri

152 829 242 898 videt,
258 827 338 907 quod
351 828 449 888 lasocs
464 828 693 888 anteferrentur.
723 826 758 887 In
772 826 828 887 hoc
843 829 941 888 omnis
955 827 1114 889 multitudo

126 914 339 973 tmaiestatem
359 913 473 989 regiam
493 914 588 972 minui
613 909 815 991 praedicabat.
854 911 917 972 Hoc
938 911 1040 972 sedato
1066 919 1114 974 tu·

151 996 247 1058 multu
261 996 385 1057 crebrae
401 996 549 1057 continuis
568 995 675 1056 diebus
690 1013 726 1054 ex
747 1012 894 1056 concursu
916 996 1115 1058 multitudinis

153 1081 365 1141 concitationes
389 1080 501 1140 fiebant
526 1079 753 1161 compluresque
776 1080 887 1140 milites
915 1080 1002 1141 huius
1028 1080 1115 1141 urbis

153 1163 292 1225 omnibus
306 1163 443 1244 partibus
457 1163 722 1225 interficiebantur.

128 1255 143 1306 1
218 1247 300 1309 cvlt.
330 1247 445 1320 Quibus
464 1249 557 1310 rebus
572 1248 784 1310 animadversis
803 1248 936 1326 legiones
958 1248 1018 1311 sibi
1039 1250 1115 1310 alias

152 1350 189 1393 ex
202 1334 271 1394 Asia
288 1333 395 1393 adduci
410 1335 513 1402 iussit,
536 1350 610 1411 quas
624 1351 660 1393 ex
676 1332 865 1411 Pompeianis
880 1332 1028 1394 militibus
1043 1352 1113 1395 con·

152 1418 275 1476 lecerat.
304 1417 371 1495 lpse
386 1420 467 1477 enim
482 1420 652 1479 necessario
663 1417 766 1477 etesiis
780 1415 948 1487 tenebatur,
964 1420 1017 1496 qui
1032 1420 1114 1479 navi·

124 1499 292 1578 egentibus
304 1500 480 1562 Alexandria
495 1511 565 1562 sunt
579 1501 780 1562 adversissimi
794 1503 885 1574 venti.
907 1501 1032 1563 Interim
1042 1520 1113 1563 con·

152 1587 315 1646 troversias
334 1603 439 1664 regum
460 1585 496 1648 ad
517 1585 659 1665 populum
673 1584 838 1645 Romanum
858 1593 889 1646 et
909 1585 945 1646 ad
963 1604 1009 1657 sc,
1034 1587 1114 1662 quod

152 1678 232 1731 esset
246 1669 363 1739 consul,
383 1673 538 1751 pertinere
560 1672 732 1730 existimans
746 1677 835 1749 atque
856 1688 891 1730 eo
906 1672 1001 1747 magis
1016 1671 1114 1731 cilicio

152 1772 205 1814 suo
221 1756 396 1824 convenire,
417 1754 496 1834 quod
511 1756 667 1834 superiore
682 1753 837 1814 consulatu
856 1771 924 1814 cum
944 1759 1028 1834 patre
1043 1755 1114 1816 Pto·

150 1838 264 1900 lemaeo
295 1845 327 1897 et
350 1836 416 1916 lege
444 1849 476 1899 et
501 1837 756 1899 senatusconsulto
782 1840 910 1899 societas
935 1845 1000 1898 erat
1023 1839 1113 1910 iacta,

151 1922 290 1990 ostendit,
307 1920 363 1982 sibi
378 1923 505 2002 placere,
521 1939 622 2000 regem
634 1921 835 1982 Ptolemaeum
850 1931 937 2001 atque
953 1925 1020 1983 cius
1030 1942 1113 1984 soro-

151 2023 216 2066 rem
236 2005 422 2085 Cleopatram
443 2008 605 2075 exercitus,
631 2022 705 2085 quos
725 2004 885 2075 haherent,
910 2006 1060 2068 dimittere
1080 2015 1113 2068 et

151 2090 187 2149 de
203 2092 415 2150 controversiis
429 2092 495 2150 iure
511 2090 588 2169 apud
604 2107 635 2149 se
656 2089 753 2168 potius
767 2107 856 2168 quam
866 2092 955 2155 „inter
975 2110 1007 2152 se
1023 2091 1112 2152 armis

152 2172 329 2251 disceptare.

125 2266 140 2314 1
215 2254 313 2317 CVlll.
349 2258 422 2318 Erat
442 2259 473 2319 in
500 2261 710 2338 procuratione
731 2262 816 2336 regui
841 2269 965 2338 propter
984 2267 1114 2321 aetatem

151 2343 239 2418 pueri
253 2343 403 2403 nutricius
418 2345 493 2412 eius,
509 2344 664 2403 eunuchus
678 2345 798 2403 nomine
812 2343 970 2404 Pothinus.
1006 2343 1034 2405 ls
1049 2347 1112 2425 pri·

151 2443 230 2486 mum
251 2428 332 2486 inter
354 2445 423 2487 suos
444 2430 530 2503 queri
546 2435 632 2507 atque
648 2427 798 2505 indignari
819 2432 931 2507 coepit,
952 2446 1054 2506 regem
1075 2430 1113 2490 ad

150 2527 269 2589 causam
285 2510 439 2571 dicendam
452 2514 586 2582 evocari;
601 2512 709 2572 deiude
722 2512 873 2573 adiutores
883 2511 1026 2591 quosdam
1041 2530 1113 2573 con·
1149 2576 1151 2578 ,

150 2593 201 2653 sili
223 2595 269 2653 sui
291 2601 396 2655 nactus
411 2612 447 2654 ex
467 2597 548 2673 regis
570 2598 675 2656 amicis
690 2598 854 2657 exercitum
871 2616 887 2658 a
902 2597 1020 2657 Pelusio
1035 2597 1113 2658 clam

150 2676 357 2737 Alexandriam
373 2681 506 2738 evocavit
526 2686 613 2759 atque
635 2679 762 2741 eundem
777 2680 935 2750 Achillam,
957 2683 1042 2741 cuius
1062 2699 1111 2742 su·

123 2768 206 2840 upra
221 2763 426 2831 meminimus,
449 2763 587 2824 omnibus
602 2766 697 2844 copiis
712 2766 866 2843 praefecit.
901 2765 986 2825 Hunc
1005 2765 1111 2826 incita·

148 2853 212 2905 tum
228 2848 327 2907 esuis
348 2854 379 2906 et
398 2849 479 2924 regis
499 2847 634 2908 inllatum
656 2848 933 2927 pollicitationibus,
954 2868 1029 2927 quae
1045 2852 1112 2910 lieri

121 2929 248 2997 stellet,
261 2930 371 2991 litteris
381 2931 552 3011 nuntiisque
563 2932 689 2992 edocuit.
716 2932 749 2993 ln
761 2941 938 2994 testamento
950 2934 1112 2994 Ptolemaei

148 3015 243 3091 patris
263 3014 390 3074 heredes
405 3024 491 3075 erant
513 3018 618 3094 scripti
637 3035 674 3076 ex
690 3015 807 3077 duobus
826 3017 894 3078 tiliis
908 3020 1004 3078 maior
1023 3025 1055 3078 et
1075 3037 1113 3078 ex

148 3095 265 3156 duabus
284 3097 402 3158 filiabus
423 3116 472 3167 ea,
498 3116 575 3178 quae
596 3106 692 3162 aetate
715 3101 917 3161 antecedebat.
960 3101 1040 3162 Haeo
1066 3105 1113 3162 uti

148 3181 269 3250 tierent,
291 3199 346 3260 per
362 3200 464 3242 omnes
480 3182 551 3244 deos
569 3202 681 3264 perque
697 3185 828 3255 foedera,
850 3204 925 3265 quae
941 3185 1051 3247 Romae
1067 3188 1112 3246 le-

148 3266 247 3334 cisset,
264 3265 369 3325 eodem
393 3274 570 3328 testamento
585 3268 771 3329 Ptolemaeus
789 3270 931 3349 populum
946 3270 1112 3331 Romanum

119 3345 363 3410 {obtestabatun
396 3349 526 3412 Tabulae
546 3355 715 3413 testamenti
736 3371 813 3413 unae
833 3372 888 3433 per
913 3354 1026 3432 legatos
1046 3357 1113 3416 eius

146 3430 270 3493 Romam
291 3443 377 3495 erant
398 3434 517 3504 allatae,
538 3439 623 3497 utin
647 3439 764 3497 aerario
778 3446 962 3516 ponerentur
982 3473 1025 3483 -
1044 3440 1111 3508 hae,

133 3532 205 3577 oum
218 3524 355 3600 propter
369 3517 514 3603 publicas
534 3523 750 3604 occupationes
767 3523 842 3603 poni
859 3540 922 3583 non
933 3525 1111 3600 pouxissent.
