2356 3870
157 218 218 283 112
415 221 417 226 ’
475 222 523 277 DE
544 219 659 277 BELLO
682 219 811 277 ctum

157 391 242 460 saris,
260 392 311 469 qui
327 390 481 469 superiore
497 406 574 448 anno
590 387 667 466 apud
684 404 751 448 cum
772 388 901 466 primum
916 385 1010 466 pilum
1026 388 1058 446 in
1072 385 1118 448 lo·

130 478 246 553 ugione
265 488 299 534 x.
321 474 460 542 morat,
482 474 527 559 pir
549 472 692 550 singulari
711 474 831 531 virtute.
863 471 918 531 llic
934 472 1021 548 signo
1036 471 1116 540 dato,

157 555 335 636 Sequimini
349 574 406 634 me,
428 558 540 636 inquit,
561 551 778 634 manipulares
792 552 853 616 mei
872 552 928 633 qai
945 552 1067 631 fuistis,
1089 555 1120 617 oi

156 645 255 704 oestro
284 639 484 721 imperatori,
514 657 611 719 qaam
635 637 850 715 constituistis,
879 655 1007 718 operam
1035 636 1116 700 date.

162 722 271 789 Unam
284 724 341 788 boc
351 722 507 805 proeiiam
519 724 674 803 caperest·
694 739 755 801 qao
770 719 901 798 consecto
916 724 946 784 at
957 719 1011 784 alie
1023 738 1118 784 saam

129 808 342 890 adiqaitatam
353 809 601 871 atmosmostram
613 804 784 869 libertatem
790 803 1051 886 coimperabiams.
1069 807 1117 867 Si·

157 896 218 956 mul
231 896 397 973 respiciens
408 893 574 961 Caesarem,
586 887 732 967 Faciam,
747 892 853 971 inquit,
869 887 967 966 bodie,
979 888 1117 970 impera·

129 981 214 1054 sar,
229 979 266 1040 at
279 979 336 1040 aat
348 975 418 1041 aiao
427 974 508 1038 mmi
521 977 579 1039 aat
588 976 709 1037 moriac
721 973 847 1054 quatias
858 990 944 1054 aqas.
961 975 1116 1035 Haeccum

156 1063 290 1132 dixisset,
306 1063 421 1141 primus
435 1079 472 1121 ex
487 1061 592 1121 dextro
607 1077 700 1120 cornu
715 1061 921 1138 procucurrit,
943 1066 1032 1139 atque
1048 1077 1118 1120 eum

157 1147 245 1207 electi
267 1145 378 1206 milites
399 1145 520 1205 circiter
535 1156 606 1204 cxx
625 1144 786 1205 voluntarii
808 1142 940 1203 eiusdem
961 1145 1116 1204 centuriae

157 1237 228 1292 sunt
245 1228 406 1308 prosecuti.
895 1286 896 1290 ,

132 1322 146 1371 1
220 1312 393 1374 Lxxxxu.
432 1312 513 1373 luter
538 1312 611 1372 duras
635 1313 716 1372 acies
741 1318 857 1372 tantum
882 1317 949 1372 crat
976 1311 1116 1375 relictum

157 1399 262 1477 spatii,
283 1404 318 1457 ut
337 1399 409 1456 satis
424 1403 503 1456 esset
523 1396 558 1455 ad
580 1413 757 1456 concursum
777 1398 934 1475 utriusque
956 1399 1115 1457 exercitus.

129 1491 145 1539 2
159 1482 216 1542 Sed
232 1481 391 1560 Pompeius
406 1482 469 1541 suis
482 1480 682 1558 praedixerat,
698 1487 732 1540 ut
747 1479 884 1541 Caesaris
904 1482 1050 1560 impetum
1065 1499 1117 1541 ex·

157 1569 294 1645 ciperent
313 1583 387 1626 neve
409 1582 441 1625 se
461 1562 526 1624 loco
547 1571 702 1624 moverent
721 1565 875 1643 aciemque
901 1567 967 1624 eius
989 1564 1117 1625 distrahi

155 1657 348 1730 paterentur3
369 1649 459 1726 idque
475 1649 628 1709 admonitu
644 1647 676 1709 C.
692 1646 804 1731 Triarii
825 1649 932 1708 secisse
948 1647 1116 1718 dicebatur,

156 1742 190 1795 ut
204 1737 320 1813 primus
335 1751 479 1794 excursus
492 1736 596 1811 visque
607 1732 734 1793 militum
749 1732 966 1810 infringeretur
977 1734 1117 1812 aciesque

157 1818 390 1886 distenderetur,
406 1824 495 1893 atque
510 1819 541 1877 in
557 1818 620 1877 suis
634 1814 790 1876 ordinibus
805 1816 943 1895 dispositi
964 1817 1117 1895 dispersos

157 1903 361 1971 adorirentur;
384 1901 538 1979 leviusque
557 1918 662 1961 casura
685 1900 746 1978 pila
768 1899 908 1979 sperabat
927 1902 959 1960 in
981 1900 1046 1961 loco
1066 1918 1116 1961 rc·

157 1989 247 2047 tentis
257 1984 412 2053 militibus,
425 2002 514 2062 quam
526 1987 551 2045 si
563 1986 622 2063 ipsi
637 1986 772 2045 inmissis
785 1984 855 2045 telis
866 1987 1115 2054 occucurrissent.

157 2069 245 2130 simul
259 2070 338 2137 lore,
361 2075 394 2127 ut
408 2067 558 2146 duplicato
580 2085 669 2128 cursu
685 2068 820 2129 Caesaris
838 2068 950 2129 milites
964 2072 1115 2130 exanima·

128 2160 263 2212 arentur
283 2159 314 2212 et
335 2151 507 2213 lassitudine
522 2153 751 2212 conficerentur.
787 2150 871 2222 Quod
893 2151 980 2213 nobis
994 2154 1117 2232 quidem

156 2236 235 2297 nulla
249 2238 366 2318 ratione
382 2237 494 2296 iactum
509 2254 526 2296 a
541 2236 684 2315 Pompeio
698 2237 832 2305 videtur,
855 2244 1014 2316 propterea
1036 2238 1117 2380 ‹puod

156 2329 203 2381 cst
222 2321 369 2399 quaedam
389 2321 481 2380 animi
506 2321 641 2380 incitatio
661 2327 749 2398 atque
775 2320 915 2380 alacritas
939 2327 1044 2382 natura
1057 2324 1118 2382 iter

129 2402 432 2481 sinnataomnibus,
460 2421 535 2482 quae
556 2404 655 2465 studio
674 2421 791 2482 pugnae
816 2405 997 2466 incenditur.
1033 2405 1117 2466 Hanc

156 2507 215 2548 non
237 2491 419 2567 reprimere,
448 2488 500 2549 sed
520 2505 630 2566 augere
650 2490 847 2567 imperatores
867 2488 993 2560 debent;
1017 2496 1117 2568 neque

155 2574 268 2632 frustra
288 2574 452 2651 antiquitus
473 2574 642 2632 institutum
657 2582 718 2640 est,
739 2578 773 2632 ut
793 2575 877 2645 signa
899 2573 1031 2652 undique
1046 2591 1117 2634 con·

156 2657 294 2716 cinercnt
314 2656 531 2735 clamoremque
552 2657 683 2716 universi
708 2655 862 2726 tollerent;
889 2656 1000 2733 quibus
1024 2656 1118 2718 rebus

156 2746 187 2800 ct
201 2739 302 2800 hostes
316 2742 425 2800 terreri
441 2746 472 2800 et
486 2758 555 2800 suos
569 2741 688 2801 incitari
704 2741 958 2802 existimaverunt.

128 2831 144 2882 ι
218 2822 403 2885 LXXXXlll.
428 2822 486 2884 Sed
501 2826 596 2884 nostri
612 2824 723 2885 milites
739 2824 807 2884 dato
818 2827 903 2902 signo
915 2843 983 2886 cum
997 2826 1118 2888 infestis

156 2908 225 2986 pilis
245 2910 507 2986 procucurrissent
527 2915 614 2987 atque
638 2908 931 2979 animadvertissent,
958 2928 1017 2970 non
1045 2928 1116 2970 con·

155 2993 237 3051 curri
259 3010 275 3051 a
295 2990 499 3071 Pompeianis,
526 3010 583 3052 usu
603 2994 695 3072 periti
716 3011 749 3052 ac
772 2992 980 3072 superioribus
1006 2997 1118 3073 pugnis

155 3075 312 3135 exercitati
328 3093 379 3136 sua
395 3084 499 3156 sponte
515 3094 636 3137 cursum
650 3084 861 3155 represserunt
880 3084 913 3137 et
932 3078 967 3138 nd
983 3078 1118 3139 mediam

154 3159 219 3218 iere
235 3159 363 3237 spatium
379 3160 590 3230 constiterunt,
612 3178 649 3220 ne
670 3163 854 3241 consumptis
870 3162 986 3223 viribus
1007 3162 1116 3241 adpro·

154 3243 351 3320 pinquarent,
374 3261 524 3323 parvoque
540 3245 712 3304 intermisso
727 3247 872 3325 temporis
886 3245 982 3324 spatio
998 3264 1032 3307 ac
1047 3263 1117 3306 rur·

154 3342 206 3386 rus
227 3334 368 3387 renovato
390 3346 479 3388 cursu
499 3328 560 3407 pila
580 3331 728 3388 miserunt
753 3330 965 3410 celeriterque,
991 3337 1026 3390 ut
1051 3339 1119 3392 erat

126 3417 347 3490 epraeceptum
365 3430 381 3471 a
396 3411 536 3482 Caesare,
559 3412 673 3490 gladios
687 3415 882 3474 strinxerunt.
918 3413 1022 3494 Neque
1044 3432 1118 3475 vero

140 3493 325 3580 Pompeiani
344 3495 418 3561 duic
432 3498 481 3560 rei
502 3496 676 3560 doluerunt.
703 3497 781 3558 Nam
793 3504 827 3558 et
842 3497 904 3558 tela
916 3500 1007 3560 missa
1027 3515 1118 3560 exce·
