2356 3870
158 216 199 286 td
478 219 794 279 nonannooamroo

157 382 262 462 legatis
280 385 422 463 imperat,
446 399 520 462 quos
540 383 705 461 legionibus
724 386 923 465 praefecerat,
945 388 1003 456 uti,
1026 403 1114 465 quam

156 467 300 547 plurimas
321 476 458 546 possent,
484 467 582 528 hieme
607 486 696 529 naves
722 469 914 530 aedificandas
938 479 1114 549 veteresque

156 551 330 612 reficiendas
345 559 493 611 curarent.
523 552 632 612 Earum
647 553 768 612 modum
789 554 974 630 formamque
989 554 1106 615 demon·

128 641 238 696 astrat.
279 635 322 696 Ad
351 634 530 696 celeritatem
560 635 700 696 onerandi
729 634 999 714 subductionesque
1024 639 1114 717 paulo

156 719 226 778 facit
240 717 427 788 humiliores,
444 735 532 797 quam
546 719 654 796 quibus
667 721 698 779 in
714 726 817 780 nostro
833 721 909 780 mari
925 723 969 782 uti
986 739 1112 782 consue-

158 803 261 872 vimus,
277 808 366 880 atquc
379 802 410 862 id
425 820 460 863 eo
475 804 577 880 magis,
594 803 806 882 quodpropter
818 803 938 865 crebras
950 812 1112 865 commuta·

156 887 251 946 tiones
266 892 400 946 aestuum
415 886 512 946 minus
527 902 649 964 magnos
664 887 704 946 ibi
719 885 827 948 fluctus
841 887 906 948 fieri
917 897 1110 966 cognoverat;

156 969 192 1028 ad
218 986 308 1029 onera
328 986 362 1029 ac
387 969 603 1030 multitudinem
628 972 828 1030 iumentorum
854 973 1111 1051 transportandam

155 1051 243 1131 paulo
257 1052 391 1120 latiores,
414 1069 502 1131 quam
523 1053 630 1129 quibus
649 1053 681 1112 in
700 1053 823 1130 reliquis
838 1057 950 1115 utimur
970 1056 1109 1116 maribus,

127 1135 213 1196 3Has
228 1153 330 1196 omnes
345 1138 489 1196 actuarias
508 1138 635 1214 imperat
653 1137 731 1206 fieri,
755 1154 843 1214 quam
863 1138 899 1198 ad
914 1156 978 1199 rem
993 1138 1109 1198 humili·

127 1226 200 1279 dtas
220 1219 345 1279 multum
366 1219 489 1280 adiuvat.
527 1220 581 1288 Ea,
611 1228 776 1296 quaesunt
802 1223 869 1281 usui
895 1221 931 1281 ad
957 1222 1112 1282 armandas

125 1310 252 1372 onares,
269 1321 303 1363 ex
319 1302 456 1381 Hispania
472 1303 621 1381 adportari
635 1303 725 1363 iubet.
753 1304 820 1382 lpse
836 1304 1028 1366 conventibus
1044 1305 1110 1365 Gal·

154 1385 211 1446 liae
232 1386 377 1447 citerioris
397 1388 525 1464 peractis
545 1389 576 1446 in
596 1385 745 1466 Illyricum
766 1388 977 1467 proficiscitur,
1001 1389 1111 1466 quoda

154 1469 278 1530 Pirustis
293 1470 454 1530 finitumam
469 1477 584 1548 partem
596 1470 764 1548 provinciae
775 1471 994 1533 incursionibus
1007 1474 1112 1532 vastari

126 1552 297 1613 baudiebat.
334 1553 377 1613 Eo
403 1571 470 1614 cum
495 1555 637 1622 venisset,
665 1553 829 1615 civitatibus
853 1554 961 1616 milites
985 1557 1112 1633 imperat

126 1643 327 1713 tcertumque
351 1638 381 1696 in
406 1635 504 1697 locum
531 1638 689 1697 convenire
708 1637 800 1698 iubet.
838 1638 955 1709 Quare
979 1640 1111 1699 nuntiata

153 1720 287 1781 Pirustae
301 1720 414 1797 legatos
428 1719 464 1780 ad
480 1738 546 1780 eum
562 1722 691 1790 mittunt,
708 1723 758 1798 qui
772 1722 906 1790 doceant,
922 1721 993 1782 nihil
1010 1739 1111 1781 earum

154 1821 256 1864 rerum
271 1803 391 1882 publico
406 1804 515 1864 factum
532 1802 670 1871 consilio,
693 1821 819 1882 seseque
838 1812 957 1883 paratos
979 1823 1044 1865 esse
1059 1805 1110 1865 de·

126 1891 319 1948 amonstrant
334 1886 470 1947 omnibus
484 1887 648 1948 rationibus
663 1887 700 1947 de
711 1888 826 1947 iniuriis
838 1889 1016 1948 satisfacere.
1039 1888 1111 1949 Per·

156 1978 240 2049 cepta
259 1972 392 2031 oratione
414 1988 517 2031 eorum
533 1970 640 2031 Caesar
660 1970 777 2031 obsides
796 1972 923 2049 imperat
944 1987 1054 2047 eosque
1075 1971 1111 2031 ad

155 2060 266 2114 certam
281 2054 358 2114 diem
374 2053 479 2114 adduci
493 2053 590 2121 iubet:
611 2055 668 2114 nisi
682 2056 723 2114 ita
738 2054 877 2121 fecerint,
894 2071 960 2114 sese
975 2053 1053 2114 bello
1070 2056 1110 2114 ci·

127 2137 271 2196 fluitatem
292 2143 519 2215 persecuturum
534 2137 726 2198 demonstrat.
756 2137 795 2198 Iis
810 2137 845 2198 ad
868 2137 945 2197 diem
967 2136 1109 2206 adductis,

154 2227 187 2280 ut
211 2221 420 2298 imperaverat,
451 2220 679 2282 arbitrosinter
706 2221 835 2281 civitates
861 2220 924 2288 dat,
955 2222 1003 2297 qui
1030 2220 1110 2281 litem

155 2310 321 2364 aestument
334 2320 520 2383 poenamque
535 2305 724 2365 constituant.

127 2392 140 2443 l
217 2386 252 2447 ΙΙ.
283 2386 335 2447 llis
351 2387 492 2447 confectis
506 2386 597 2448 rebus
613 2387 865 2464 conventibusque
878 2390 1009 2467 peractis
1024 2388 1053 2448 in
1070 2391 1111 2448 ci·

154 2472 294 2531 teriorem
310 2470 431 2530 Galliam
447 2473 607 2532 revertitur
621 2478 710 2547 atque
725 2470 794 2531 inde
810 2470 846 2531 ad
862 2473 1025 2533 exercitum
1040 2489 1111 2550 pro·

125 2555 302 2614 adciscitur.
343 2555 386 2615 Eo
407 2572 474 2614 cum
495 2556 636 2623 venisset,
665 2555 795 2614 circuitis
816 2553 954 2614 omnibus
979 2553 1111 2615 hibernis

153 2637 295 2715 singulari
314 2637 440 2698 militum
463 2638 559 2698 studio
574 2640 604 2698 in
620 2655 734 2698 summa
750 2638 880 2698 omnium
896 2655 997 2698 rerum
1012 2639 1111 2716 inopia
1162 2699 1170 2712 ,

154 2722 273 2782 circiter
288 2727 441 2782 sexcentas
457 2723 520 2782 eius
539 2723 672 2799 generis,
696 2722 779 2782 cuius
794 2737 883 2800 supra
899 2720 1111 2780 domonstravi-

153 2823 229 2875 mus,
244 2822 333 2866 naves
348 2813 377 2866 et
391 2803 494 2882 longas
503 2824 604 2867 xxr111
614 2806 725 2865 invenit
738 2806 906 2872 instructas,
922 2820 1020 2881 neque
1035 2803 1111 2863 mul-

154 2897 217 2949 tum
242 2889 345 2949 abesse
366 2888 402 2950 ab
424 2907 475 2958 eo,
496 2890 573 2966 quin
598 2889 700 2968 paucis
726 2888 830 2948 diebus
855 2887 962 2949 deduci
986 2889 1110 2967 possint.

126 2971 341 3032 aconlaudatis
363 2972 503 3033 militibus
524 2981 612 3049 atque
632 2974 684 3040 iis,
706 2973 756 3048 qui
776 2973 895 3048 negotio
909 2974 1110 3050 praefuerant,

155 3054 225 3130 quid
245 3055 411 3123 derivelit,
439 3056 567 3116 ostendit
586 3065 676 3133 atque
702 3072 805 3115 omnes
827 3054 863 3114 ad
883 3062 1002 3134 portum
1023 3054 1111 3113 ltium

155 3139 311 3199 convenire
325 3138 417 3208 iubet,
435 3156 492 3216 quo
508 3158 544 3200 ox
560 3147 649 3218 portu
664 3138 934 3201 commodissimum
949 3139 978 3197 in
995 3137 1111 3196 Britan·

154 3224 232 3282 niam
247 3223 403 3282 traiectum
419 3240 483 3283 esse
498 3229 690 3300 cognouerat,
712 3222 829 3283 circiter
843 3219 955 3281 mdium
970 3237 1111 3299 passuum

154 3326 215 3365 xxx
232 3303 467 3385 [transmissum]
484 3324 500 3366 a
522 3307 699 3367 continenti:
721 3304 791 3365 huic
805 3305 849 3366 rei
865 3304 943 3381 quod
959 3305 1030 3365 satis
1046 3320 1112 3362 esse

127 3390 246 3450 laisum
269 3396 314 3450 est
339 3389 476 3459 militum,
499 3390 627 3468 reliquit.
658 3391 727 3469 lpse
747 3406 814 3451 cum
834 3387 1000 3465 legionibus
1022 3403 1111 3463 expe·

154 3472 221 3535 ditis
236 3492 287 3534 nn
309 3480 338 3533 et
358 3473 506 3551 equitibus
525 3493 608 3536 nooo
625 3476 655 3534 in
681 3474 755 3534 fines
775 3472 974 3534 Treverorum
994 3469 1110 3550 profici·
