<?xml version="1.0" encoding="UTF-8"?>
<!DOCTYPE html PUBLIC "-//W3C//DTD XHTML 1.0 Transitional//EN"
    "http://www.w3.org/TR/xhtml1/DTD/xhtml1-transitional.dtd">
<html xmlns="http://www.w3.org/1999/xhtml" xml:lang="en" lang="en">
 <head>
  <title>
</title>
<meta http-equiv="Content-Type" content="text/html;charset=utf-8" />
  <meta name='ocr-system' content='tesseract 3.04.00' />
  <meta name='ocr-capabilities' content='ocr_page ocr_carea ocr_par ocr_line ocrx_word'/>
</head>
<body>
  <div class='ocr_page' id='page_1' title='image "./commentariicuma00caesgoog_0083.png"; bbox 0 0 2356 3870; ppageno 0'>
   <div class='ocr_carea' id='block_1_1' title="bbox 131 215 767 284">
    <p class='ocr_par' dir='ltr' id='par_1_1' title="bbox 131 215 767 284">
     <span class='ocr_line' id='line_1_1' title="bbox 131 215 767 284; baseline -0.009 -8"><span class='ocrx_word' id='word_1_1' title='bbox 131 221 171 284; x_wconf 83' lang='lat'>68</span> <span class='ocrx_word' id='word_1_2' title='bbox 460 219 499 275; x_wconf 80' lang='lat' dir='ltr'>DE</span> <span class='ocrx_word' id='word_1_3' title='bbox 513 217 617 274; x_wconf 76' lang='lat' dir='ltr'>Bucco</span> <span class='ocrx_word' id='word_1_4' title='bbox 629 215 767 272; x_wconf 76' lang='lat' dir='ltr'>cancico</span> 
     </span>
    </p>
   </div>
   <div class='ocr_carea' id='block_1_2' title="bbox 98 377 1091 3551">
    <p class='ocr_par' dir='ltr' id='par_1_2' title="bbox 101 377 1083 628">
     <span class='ocr_line' id='line_1_2' title="bbox 101 377 1083 463; baseline 0.001 -25"><span class='ocrx_word' id='word_1_5' title='bbox 101 391 116 438; x_wconf 77' lang='lat'><strong>5</strong></span> <span class='ocrx_word' id='word_1_6' title='bbox 130 383 371 463; x_wconf 88' lang='lat' dir='ltr'>procumberent,</span> <span class='ocrx_word' id='word_1_7' title='bbox 387 381 433 442; x_wconf 90' lang='lat' dir='ltr'>his</span> <span class='ocrx_word' id='word_1_8' title='bbox 447 384 518 442; x_wconf 91' lang='lat' dir='ltr'>item</span> <span class='ocrx_word' id='word_1_9' title='bbox 534 381 681 441; x_wconf 90' lang='lat' dir='ltr'>contraria</span> <span class='ocrx_word' id='word_1_10' title='bbox 695 379 754 439; x_wconf 93' lang='lat' dir='ltr'>duo</span> <span class='ocrx_word' id='word_1_11' title='bbox 769 379 805 439; x_wconf 92' lang='lat' dir='ltr'>ad</span> <span class='ocrx_word' id='word_1_12' title='bbox 821 377 947 440; x_wconf 89' lang='lat' dir='ltr'>eundem</span> <span class='ocrx_word' id='word_1_13' title='bbox 963 378 1083 440; x_wconf 90' lang='lat' dir='ltr'>modum</span> 
     </span>
     <span class='ocr_line' id='line_1_3' title="bbox 131 463 1083 544; baseline -0.006 -16"><span class='ocrx_word' id='word_1_14' title='bbox 131 471 230 528; x_wconf 89' lang='lat' dir='ltr'>iuncta</span> <span class='ocrx_word' id='word_1_15' title='bbox 249 464 401 526; x_wconf 83' lang='lat' dir='ltr'>intervallo</span> <span class='ocrx_word' id='word_1_16' title='bbox 421 465 531 544; x_wconf 91' lang='lat' dir='ltr'>pedum</span> <span class='ocrx_word' id='word_1_17' title='bbox 552 464 773 541; x_wconf 78' lang='lat' dir='ltr'>quadragenum</span> <span class='ocrx_word' id='word_1_18' title='bbox 793 463 829 523; x_wconf 88' lang='lat' dir='ltr'>ab</span> <span class='ocrx_word' id='word_1_19' title='bbox 843 463 985 523; x_wconf 79' lang='lat' dir='ltr'>inferiore</span> <span class='ocrx_word' id='word_1_20' title='bbox 999 464 1083 542; x_wconf 85' lang='lat' dir='ltr'>parte</span> 
     </span>
     <span class='ocr_line' id='line_1_4' title="bbox 132 547 1080 628; baseline -0.007 -17"><span class='ocrx_word' id='word_1_21' title='bbox 132 558 234 611; x_wconf 90' lang='lat' dir='ltr'>contra</span> <span class='ocrx_word' id='word_1_22' title='bbox 259 552 317 608; x_wconf 81' lang='lat' dir='ltr'>vim</span> <span class='ocrx_word' id='word_1_23' title='bbox 343 556 431 626; x_wconf 92' lang='lat' dir='ltr'>atque</span> <span class='ocrx_word' id='word_1_24' title='bbox 451 552 593 628; x_wconf 91' lang='lat' dir='ltr'>impetum</span> <span class='ocrx_word' id='word_1_25' title='bbox 614 548 743 608; x_wconf 86' lang='lat' dir='ltr'>fluminis</span> <span class='ocrx_word' id='word_1_26' title='bbox 764 563 905 608; x_wconf 81' lang='lat' dir='ltr'>conversa</span> <span class='ocrx_word' id='word_1_27' title='bbox 926 547 1080 607; x_wconf 80' lang='lat' dir='ltr'>statuebat.</span> 
     </span>
    </p>

    <p class='ocr_par' dir='ltr' id='par_1_3' title="bbox 101 630 1084 794">
     <span class='ocr_line' id='line_1_5' title="bbox 101 630 1082 712; baseline -0.002 -21"><span class='ocrx_word' id='word_1_28' title='bbox 101 640 117 691; x_wconf 82' lang='lat' dir='ltr'>u</span> <span class='ocrx_word' id='word_1_29' title='bbox 131 635 210 693; x_wconf 90' lang='lat' dir='ltr'>llaec</span> <span class='ocrx_word' id='word_1_30' title='bbox 222 641 348 709; x_wconf 81' lang='lat' dir='ltr'>utraque</span> <span class='ocrx_word' id='word_1_31' title='bbox 358 635 482 712; x_wconf 90' lang='lat' dir='ltr'>insuper</span> <span class='ocrx_word' id='word_1_32' title='bbox 493 630 677 710; x_wconf 81' lang='lat' dir='ltr'>bipedalibus</span> <span class='ocrx_word' id='word_1_33' title='bbox 691 631 825 691; x_wconf 82' lang='lat' dir='ltr'>trabibus</span> <span class='ocrx_word' id='word_1_34' title='bbox 834 632 974 699; x_wconf 89' lang='lat' dir='ltr'>inmissis,</span> <span class='ocrx_word' id='word_1_35' title='bbox 990 647 1082 707; x_wconf 88' lang='lat' dir='ltr'>quan·</span> 
     </span>
     <span class='ocr_line' id='line_1_6' title="bbox 133 713 1084 794; baseline -0.003 -18"><span class='ocrx_word' id='word_1_36' title='bbox 133 724 196 776; x_wconf 93' lang='lat' dir='ltr'>tum</span> <span class='ocrx_word' id='word_1_37' title='bbox 222 735 326 778; x_wconf 92' lang='lat' dir='ltr'>eorum</span> <span class='ocrx_word' id='word_1_38' title='bbox 346 718 494 794; x_wconf 81' lang='lat' dir='ltr'>tignorum</span> <span class='ocrx_word' id='word_1_39' title='bbox 513 719 651 776; x_wconf 90' lang='lat' dir='ltr'>iunctura</span> <span class='ocrx_word' id='word_1_40' title='bbox 671 714 812 782; x_wconf 88' lang='lat' dir='ltr'>distabat,</span> <span class='ocrx_word' id='word_1_41' title='bbox 838 713 916 774; x_wconf 91' lang='lat' dir='ltr'>binis</span> <span class='ocrx_word' id='word_1_42' title='bbox 935 717 1084 790; x_wconf 85' lang='lat' dir='ltr'>utrimque</span> 
     </span>
    </p>

    <p class='ocr_par' dir='ltr' id='par_1_4' title="bbox 101 797 1085 1044">
     <span class='ocr_line' id='line_1_7' title="bbox 101 797 1085 879; baseline 0.002 -24"><span class='ocrx_word' id='word_1_43' title='bbox 101 799 229 861; x_wconf 80' lang='lat' dir='ltr'>aiibulis</span> <span class='ocrx_word' id='word_1_44' title='bbox 249 800 285 860; x_wconf 90' lang='lat' dir='ltr'>ab</span> <span class='ocrx_word' id='word_1_45' title='bbox 307 806 438 860; x_wconf 92' lang='lat' dir='ltr'>extrema</span> <span class='ocrx_word' id='word_1_46' title='bbox 458 807 543 879; x_wconf 92' lang='lat' dir='ltr'>parte</span> <span class='ocrx_word' id='word_1_47' title='bbox 562 797 794 865; x_wconf 76' lang='lat' dir='ltr'>dIstinebantur;</span> <span class='ocrx_word' id='word_1_48' title='bbox 820 797 929 874; x_wconf 89' lang='lat' dir='ltr'>quihus</span> <span class='ocrx_word' id='word_1_49' title='bbox 949 797 1085 859; x_wconf 85' lang='lat' dir='ltr'>disclusis</span> 
     </span>
     <span class='ocr_line' id='line_1_8' title="bbox 133 883 1085 962; baseline -0.004 -18"><span class='ocrx_word' id='word_1_50' title='bbox 133 892 221 960; x_wconf 92' lang='lat' dir='ltr'>atque</span> <span class='ocrx_word' id='word_1_51' title='bbox 245 886 276 943; x_wconf 94' lang='lat' dir='ltr'>in</span> <span class='ocrx_word' id='word_1_52' title='bbox 301 887 478 945; x_wconf 90' lang='lat' dir='ltr'>contrariam</span> <span class='ocrx_word' id='word_1_53' title='bbox 503 890 618 962; x_wconf 91' lang='lat' dir='ltr'>partem</span> <span class='ocrx_word' id='word_1_54' title='bbox 643 883 782 943; x_wconf 80' lang='lat' dir='ltr'>revinctis</span> <span class='ocrx_word' id='word_1_55' title='bbox 800 889 881 943; x_wconf 83' lang='lat' dir='ltr'>tanta</span> <span class='ocrx_word' id='word_1_56' title='bbox 902 889 966 943; x_wconf 89' lang='lat' dir='ltr'>erat</span> <span class='ocrx_word' id='word_1_57' title='bbox 986 883 1085 961; x_wconf 91' lang='lat' dir='ltr'>operis</span> 
     </span>
     <span class='ocr_line' id='line_1_9' title="bbox 133 967 1085 1044; baseline -0.003 -16"><span class='ocrx_word' id='word_1_58' title='bbox 133 967 282 1029; x_wconf 86' lang='lat' dir='ltr'>firmitudo</span> <span class='ocrx_word' id='word_1_59' title='bbox 298 976 386 1044; x_wconf 89' lang='lat' dir='ltr'>atque</span> <span class='ocrx_word' id='word_1_60' title='bbox 401 986 434 1028; x_wconf 90' lang='lat' dir='ltr'>ea</span> <span class='ocrx_word' id='word_1_61' title='bbox 450 985 550 1028; x_wconf 91' lang='lat' dir='ltr'>rerum</span> <span class='ocrx_word' id='word_1_62' title='bbox 565 973 680 1030; x_wconf 89' lang='lat' dir='ltr'>natura,</span> <span class='ocrx_word' id='word_1_63' title='bbox 695 972 738 1034; x_wconf 92' lang='lat' dir='ltr'>ut,</span> <span class='ocrx_word' id='word_1_64' title='bbox 756 983 814 1043; x_wconf 93' lang='lat' dir='ltr'>quo</span> <span class='ocrx_word' id='word_1_65' title='bbox 829 967 924 1026; x_wconf 88' lang='lat' dir='ltr'>maior</span> <span class='ocrx_word' id='word_1_66' title='bbox 937 967 981 1026; x_wconf 86' lang='lat' dir='ltr'>vis</span> <span class='ocrx_word' id='word_1_67' title='bbox 992 981 1085 1043; x_wconf 90' lang='lat' dir='ltr'>aquae</span> 
     </span>
    </p>

    <p class='ocr_par' dir='ltr' id='par_1_5' title="bbox 100 1048 1084 1212">
     <span class='ocr_line' id='line_1_10' title="bbox 100 1048 1081 1126; baseline -0.002 -16"><span class='ocrx_word' id='word_1_68' title='bbox 100 1059 164 1112; x_wconf 85' lang='lat' dir='ltr'>8se</span> <span class='ocrx_word' id='word_1_69' title='bbox 183 1052 376 1119; x_wconf 88' lang='lat' dir='ltr'>incitavisset,</span> <span class='ocrx_word' id='word_1_70' title='bbox 398 1050 455 1111; x_wconf 87' lang='lat' dir='ltr'>hoo</span> <span class='ocrx_word' id='word_1_71' title='bbox 475 1053 568 1111; x_wconf 89' lang='lat' dir='ltr'>artius</span> <span class='ocrx_word' id='word_1_72' title='bbox 587 1048 707 1126; x_wconf 79' lang='lat' dir='ltr'>inligata</span> <span class='ocrx_word' id='word_1_73' title='bbox 727 1056 910 1113; x_wconf 91' lang='lat' dir='ltr'>tenerentur.</span> <span class='ocrx_word' id='word_1_74' title='bbox 941 1049 1021 1111; x_wconf 88' lang='lat' dir='ltr'>Haec</span> <span class='ocrx_word' id='word_1_75' title='bbox 1040 1048 1081 1108; x_wconf 94' lang='lat' dir='ltr'>di·</span> 
     </span>
     <span class='ocr_line' id='line_1_11' title="bbox 133 1133 1084 1212; baseline -0.003 -17"><span class='ocrx_word' id='word_1_76' title='bbox 133 1140 214 1195; x_wconf 90' lang='lat' dir='ltr'>recta</span> <span class='ocrx_word' id='word_1_77' title='bbox 229 1136 350 1194; x_wconf 90' lang='lat' dir='ltr'>materia</span> <span class='ocrx_word' id='word_1_78' title='bbox 365 1135 473 1194; x_wconf 86' lang='lat' dir='ltr'>iniecta</span> <span class='ocrx_word' id='word_1_79' title='bbox 488 1133 720 1197; x_wconf 82' lang='lat' dir='ltr'>contexebantur</span> <span class='ocrx_word' id='word_1_80' title='bbox 735 1151 769 1194; x_wconf 93' lang='lat' dir='ltr'>ac</span> <span class='ocrx_word' id='word_1_81' title='bbox 783 1133 927 1212; x_wconf 78' lang='lat' dir='ltr'>longuriis</span> <span class='ocrx_word' id='word_1_82' title='bbox 942 1133 1084 1194; x_wconf 87' lang='lat' dir='ltr'>cratibus·</span> 
     </span>
    </p>

    <p class='ocr_par' dir='ltr' id='par_1_6' title="bbox 102 1216 1085 1462">
     <span class='ocr_line' id='line_1_12' title="bbox 102 1216 1084 1295; baseline -0.002 -18"><span class='ocrx_word' id='word_1_83' title='bbox 102 1225 192 1295; x_wconf 71' lang='lat' dir='ltr'>tque</span> <span class='ocrx_word' id='word_1_84' title='bbox 213 1217 492 1286; x_wconf 90' lang='lat' dir='ltr'>consternebantur;</span> <span class='ocrx_word' id='word_1_85' title='bbox 516 1236 550 1278; x_wconf 91' lang='lat' dir='ltr'>ac</span> <span class='ocrx_word' id='word_1_86' title='bbox 569 1216 662 1277; x_wconf 90' lang='lat' dir='ltr'>nihilo</span> <span class='ocrx_word' id='word_1_87' title='bbox 682 1219 778 1278; x_wconf 91' lang='lat' dir='ltr'>secius</span> <span class='ocrx_word' id='word_1_88' title='bbox 800 1217 929 1278; x_wconf 83' lang='lat' dir='ltr'>sublicae</span> <span class='ocrx_word' id='word_1_89' title='bbox 946 1223 975 1276; x_wconf 89' lang='lat' dir='ltr'>et</span> <span class='ocrx_word' id='word_1_90' title='bbox 990 1217 1026 1278; x_wconf 92' lang='lat' dir='ltr'>ad</span> <span class='ocrx_word' id='word_1_91' title='bbox 1040 1217 1084 1275; x_wconf 92' lang='lat' dir='ltr'>in·</span> 
     </span>
     <span class='ocr_line' id='line_1_13' title="bbox 134 1299 1085 1380; baseline -0.004 -18"><span class='ocrx_word' id='word_1_92' title='bbox 134 1303 274 1362; x_wconf 78' lang='lat' dir='ltr'>seriorem</span> <span class='ocrx_word' id='word_1_93' title='bbox 298 1308 413 1380; x_wconf 89' lang='lat' dir='ltr'>partem</span> <span class='ocrx_word' id='word_1_94' title='bbox 439 1301 568 1363; x_wconf 86' lang='lat' dir='ltr'>fluminis</span> <span class='ocrx_word' id='word_1_95' title='bbox 593 1300 712 1376; x_wconf 91' lang='lat' dir='ltr'>oblique</span> <span class='ocrx_word' id='word_1_96' title='bbox 732 1299 910 1379; x_wconf 82' lang='lat' dir='ltr'>agebantur,</span> <span class='ocrx_word' id='word_1_97' title='bbox 936 1317 1011 1378; x_wconf 91' lang='lat' dir='ltr'>quae</span> <span class='ocrx_word' id='word_1_98' title='bbox 1031 1317 1085 1378; x_wconf 88' lang='lat' dir='ltr'>pro</span> 
     </span>
     <span class='ocr_line' id='line_1_14' title="bbox 134 1383 1085 1462; baseline -0.004 -17"><span class='ocrx_word' id='word_1_99' title='bbox 134 1387 225 1445; x_wconf 88' lang='lat' dir='ltr'>ariete</span> <span class='ocrx_word' id='word_1_100' title='bbox 240 1383 389 1445; x_wconf 89' lang='lat' dir='ltr'>subiectae</span> <span class='ocrx_word' id='word_1_101' title='bbox 405 1393 434 1445; x_wconf 90' lang='lat' dir='ltr'>et</span> <span class='ocrx_word' id='word_1_102' title='bbox 449 1403 516 1446; x_wconf 89' lang='lat' dir='ltr'>cum</span> <span class='ocrx_word' id='word_1_103' title='bbox 532 1385 612 1445; x_wconf 91' lang='lat' dir='ltr'>omni</span> <span class='ocrx_word' id='word_1_104' title='bbox 626 1402 717 1462; x_wconf 91' lang='lat' dir='ltr'>opere</span> <span class='ocrx_word' id='word_1_105' title='bbox 732 1387 905 1446; x_wconf 90' lang='lat' dir='ltr'>coniunctae</span> <span class='ocrx_word' id='word_1_106' title='bbox 919 1387 978 1444; x_wconf 86' lang='lat' dir='ltr'>rim</span> <span class='ocrx_word' id='word_1_107' title='bbox 989 1383 1085 1443; x_wconf 90' lang='lat' dir='ltr'>liumi-</span> 
     </span>
    </p>

    <p class='ocr_par' dir='ltr' id='par_1_7' title="bbox 98 1467 1086 1796">
     <span class='ocr_line' id='line_1_15' title="bbox 98 1467 1085 1546; baseline -0.003 -18"><span class='ocrx_word' id='word_1_108' title='bbox 98 1471 180 1529; x_wconf 82' lang='lat' dir='ltr'>tonis</span> <span class='ocrx_word' id='word_1_109' title='bbox 192 1470 370 1546; x_wconf 89' lang='lat' dir='ltr'>exciperent,</span> <span class='ocrx_word' id='word_1_110' title='bbox 388 1474 417 1528; x_wconf 92' lang='lat' dir='ltr'>et</span> <span class='ocrx_word' id='word_1_111' title='bbox 428 1467 501 1529; x_wconf 92' lang='lat' dir='ltr'>aliae</span> <span class='ocrx_word' id='word_1_112' title='bbox 512 1469 583 1529; x_wconf 92' lang='lat' dir='ltr'>item</span> <span class='ocrx_word' id='word_1_113' title='bbox 594 1486 684 1546; x_wconf 88' lang='lat' dir='ltr'>supra</span> <span class='ocrx_word' id='word_1_114' title='bbox 694 1475 817 1546; x_wconf 93' lang='lat' dir='ltr'>pontem</span> <span class='ocrx_word' id='word_1_115' title='bbox 828 1467 970 1528; x_wconf 90' lang='lat' dir='ltr'>mediocri</span> <span class='ocrx_word' id='word_1_116' title='bbox 981 1468 1085 1545; x_wconf 88' lang='lat' dir='ltr'>spatio,</span> 
     </span>
     <span class='ocr_line' id='line_1_16' title="bbox 134 1550 1086 1630; baseline -0.004 -18"><span class='ocrx_word' id='word_1_117' title='bbox 134 1559 182 1618; x_wconf 89' lang='lat' dir='ltr'>ut,</span> <span class='ocrx_word' id='word_1_118' title='bbox 199 1553 224 1610; x_wconf 94' lang='lat' dir='ltr'>si</span> <span class='ocrx_word' id='word_1_119' title='bbox 239 1550 378 1611; x_wconf 90' lang='lat' dir='ltr'>arborum</span> <span class='ocrx_word' id='word_1_120' title='bbox 393 1554 491 1612; x_wconf 89' lang='lat' dir='ltr'>trunci</span> <span class='ocrx_word' id='word_1_121' title='bbox 505 1553 565 1612; x_wconf 83' lang='lat' dir='ltr'>sive</span> <span class='ocrx_word' id='word_1_122' title='bbox 579 1569 668 1612; x_wconf 83' lang='lat' dir='ltr'>naves</span> <span class='ocrx_word' id='word_1_123' title='bbox 683 1551 828 1613; x_wconf 85' lang='lat' dir='ltr'>deiciendi</span> <span class='ocrx_word' id='word_1_124' title='bbox 843 1553 942 1630; x_wconf 88' lang='lat' dir='ltr'>operis</span> <span class='ocrx_word' id='word_1_125' title='bbox 957 1556 1057 1612; x_wconf 86' lang='lat' dir='ltr'>essent</span> <span class='ocrx_word' id='word_1_126' title='bbox 1070 1567 1086 1609; x_wconf 93' lang='lat' dir='ltr'>a</span> 
     </span>
     <span class='ocr_line' id='line_1_17' title="bbox 134 1633 1086 1704; baseline -0.004 -8"><span class='ocrx_word' id='word_1_127' title='bbox 134 1635 268 1696; x_wconf 89' lang='lat' dir='ltr'>barbaris</span> <span class='ocrx_word' id='word_1_128' title='bbox 288 1637 409 1704; x_wconf 91' lang='lat' dir='ltr'>missae,</span> <span class='ocrx_word' id='word_1_129' title='bbox 432 1633 479 1695; x_wconf 88' lang='lat' dir='ltr'>his</span> <span class='ocrx_word' id='word_1_130' title='bbox 499 1634 705 1696; x_wconf 84' lang='lat' dir='ltr'>defensoribus</span> <span class='ocrx_word' id='word_1_131' title='bbox 726 1654 827 1697; x_wconf 92' lang='lat' dir='ltr'>earum</span> <span class='ocrx_word' id='word_1_132' title='bbox 847 1652 949 1695; x_wconf 89' lang='lat' dir='ltr'>rerum</span> <span class='ocrx_word' id='word_1_133' title='bbox 968 1635 1012 1695; x_wconf 88' lang='lat' dir='ltr'>vis</span> <span class='ocrx_word' id='word_1_134' title='bbox 1032 1635 1086 1692; x_wconf 91' lang='lat' dir='ltr'>mi·</span> 
     </span>
     <span class='ocr_line' id='line_1_18' title="bbox 135 1720 626 1796; baseline 0.002 -18"><span class='ocrx_word' id='word_1_135' title='bbox 135 1725 287 1785; x_wconf 85' lang='lat' dir='ltr'>nueretur,</span> <span class='ocrx_word' id='word_1_136' title='bbox 304 1737 361 1778; x_wconf 91' lang='lat' dir='ltr'>neu</span> <span class='ocrx_word' id='word_1_137' title='bbox 377 1720 461 1796; x_wconf 89' lang='lat' dir='ltr'>ponti</span> <span class='ocrx_word' id='word_1_138' title='bbox 475 1726 626 1779; x_wconf 87' lang='lat' dir='ltr'>nocerent.</span> 
     </span>
    </p>

    <p class='ocr_par' dir='ltr' id='par_1_8' title="bbox 106 1801 1087 1881">
     <span class='ocr_line' id='line_1_19' title="bbox 106 1801 1087 1881; baseline -0.001 -21"><span class='ocrx_word' id='word_1_139' title='bbox 106 1811 118 1860; x_wconf 83' lang='lat'>1</span> <span class='ocrx_word' id='word_1_140' title='bbox 196 1802 296 1862; x_wconf 82' lang='lat' dir='ltr'>xviii.</span> <span class='ocrx_word' id='word_1_141' title='bbox 320 1801 428 1862; x_wconf 85' lang='lat' dir='ltr'>Diebus</span> <span class='ocrx_word' id='word_1_142' title='bbox 443 1802 555 1872; x_wconf 88' lang='lat' dir='ltr'>decem,</span> <span class='ocrx_word' id='word_1_143' title='bbox 572 1802 679 1879; x_wconf 91' lang='lat' dir='ltr'>quibus</span> <span class='ocrx_word' id='word_1_144' title='bbox 694 1804 817 1862; x_wconf 88' lang='lat' dir='ltr'>materia</span> <span class='ocrx_word' id='word_1_145' title='bbox 828 1809 932 1881; x_wconf 91' lang='lat' dir='ltr'>coepta</span> <span class='ocrx_word' id='word_1_146' title='bbox 944 1809 1006 1862; x_wconf 90' lang='lat' dir='ltr'>erat</span> <span class='ocrx_word' id='word_1_147' title='bbox 1018 1818 1087 1860; x_wconf 56' lang='lat' dir='ltr'>cona</span> 
     </span>
    </p>

    <p class='ocr_par' dir='ltr' id='par_1_9' title="bbox 104 1885 1089 2049">
     <span class='ocr_line' id='line_1_20' title="bbox 104 1885 1088 1965; baseline 0 -23"><span class='ocrx_word' id='word_1_148' title='bbox 104 1887 261 1965; x_wconf 74' lang='lat' dir='ltr'>aporiari,</span> <span class='ocrx_word' id='word_1_149' title='bbox 278 1888 358 1945; x_wconf 92' lang='lat' dir='ltr'>omni</span> <span class='ocrx_word' id='word_1_150' title='bbox 372 1904 463 1965; x_wconf 87' lang='lat' dir='ltr'>opere</span> <span class='ocrx_word' id='word_1_151' title='bbox 478 1887 598 1955; x_wconf 79' lang='lat' dir='ltr'>effecto,</span> <span class='ocrx_word' id='word_1_152' title='bbox 615 1887 762 1947; x_wconf 88' lang='lat' dir='ltr'>exercitus</span> <span class='ocrx_word' id='word_1_153' title='bbox 776 1885 951 1946; x_wconf 85' lang='lat' dir='ltr'>traducitur.</span> <span class='ocrx_word' id='word_1_154' title='bbox 982 1885 1088 1946; x_wconf 78' lang='lat' dir='ltr'>Caesar</span> 
     </span>
     <span class='ocr_line' id='line_1_21' title="bbox 137 1968 1089 2049; baseline -0.003 -21"><span class='ocrx_word' id='word_1_155' title='bbox 137 1968 172 2029; x_wconf 92' lang='lat' dir='ltr'>ad</span> <span class='ocrx_word' id='word_1_156' title='bbox 187 1977 343 2046; x_wconf 88' lang='lat' dir='ltr'>utramque</span> <span class='ocrx_word' id='word_1_157' title='bbox 358 1977 472 2046; x_wconf 89' lang='lat' dir='ltr'>partem</span> <span class='ocrx_word' id='word_1_158' title='bbox 487 1971 586 2047; x_wconf 91' lang='lat' dir='ltr'>pontis</span> <span class='ocrx_word' id='word_1_159' title='bbox 600 1971 685 2030; x_wconf 83' lang='lat' dir='ltr'>firmo</span> <span class='ocrx_word' id='word_1_160' title='bbox 700 1970 846 2049; x_wconf 76' lang='lat' dir='ltr'>praesidio</span> <span class='ocrx_word' id='word_1_161' title='bbox 858 1970 962 2030; x_wconf 88' lang='lat' dir='ltr'>relicto</span> <span class='ocrx_word' id='word_1_162' title='bbox 972 1970 1004 2028; x_wconf 91' lang='lat' dir='ltr'>iu</span> <span class='ocrx_word' id='word_1_163' title='bbox 1015 1968 1089 2027; x_wconf 85' lang='lat' dir='ltr'>lines</span> 
     </span>
    </p>

    <p class='ocr_par' dir='ltr' id='par_1_10' title="bbox 106 2051 1089 2299">
     <span class='ocr_line' id='line_1_22' title="bbox 106 2051 1087 2131; baseline -0.001 -22"><span class='ocrx_word' id='word_1_164' title='bbox 106 2052 367 2128; x_wconf 77' lang='lat' dir='ltr'>asugambrorum</span> <span class='ocrx_word' id='word_1_165' title='bbox 390 2053 547 2113; x_wconf 86' lang='lat' dir='ltr'>contendit.</span> <span class='ocrx_word' id='word_1_166' title='bbox 578 2053 701 2114; x_wconf 85' lang='lat' dir='ltr'>Interim</span> <span class='ocrx_word' id='word_1_167' title='bbox 721 2071 738 2113; x_wconf 89' lang='lat' dir='ltr'>a</span> <span class='ocrx_word' id='word_1_168' title='bbox 759 2051 950 2131; x_wconf 89' lang='lat' dir='ltr'>conpluribus</span> <span class='ocrx_word' id='word_1_169' title='bbox 965 2052 1087 2113; x_wconf 80' lang='lat' dir='ltr'>civitati·</span> 
     </span>
     <span class='ocr_line' id='line_1_23' title="bbox 136 2134 1088 2215; baseline -0.001 -21"><span class='ocrx_word' id='word_1_170' title='bbox 136 2135 193 2195; x_wconf 93' lang='lat' dir='ltr'>bus</span> <span class='ocrx_word' id='word_1_171' title='bbox 213 2135 249 2194; x_wconf 87' lang='lat' dir='ltr'>ad</span> <span class='ocrx_word' id='word_1_172' title='bbox 270 2154 338 2195; x_wconf 90' lang='lat' dir='ltr'>eum</span> <span class='ocrx_word' id='word_1_173' title='bbox 358 2134 445 2212; x_wconf 85' lang='lat' dir='ltr'>legati</span> <span class='ocrx_word' id='word_1_174' title='bbox 467 2138 600 2204; x_wconf 85' lang='lat' dir='ltr'>veniunt;</span> <span class='ocrx_word' id='word_1_175' title='bbox 628 2136 736 2214; x_wconf 92' lang='lat' dir='ltr'>quibus</span> <span class='ocrx_word' id='word_1_176' title='bbox 756 2155 860 2215; x_wconf 88' lang='lat' dir='ltr'>pacem</span> <span class='ocrx_word' id='word_1_177' title='bbox 881 2144 968 2213; x_wconf 88' lang='lat' dir='ltr'>atque</span> <span class='ocrx_word' id='word_1_178' title='bbox 989 2136 1088 2195; x_wconf 89' lang='lat' dir='ltr'>amici·</span> 
     </span>
     <span class='ocr_line' id='line_1_24' title="bbox 136 2218 1089 2299; baseline -0.001 -22"><span class='ocrx_word' id='word_1_179' title='bbox 136 2221 207 2278; x_wconf 91' lang='lat' dir='ltr'>tiam</span> <span class='ocrx_word' id='word_1_180' title='bbox 231 2218 400 2296; x_wconf 90' lang='lat' dir='ltr'>potentibus</span> <span class='ocrx_word' id='word_1_181' title='bbox 426 2219 588 2280; x_wconf 86' lang='lat' dir='ltr'>liberaliter</span> <span class='ocrx_word' id='word_1_182' title='bbox 614 2219 769 2299; x_wconf 89' lang='lat' dir='ltr'>respondit</span> <span class='ocrx_word' id='word_1_183' title='bbox 793 2220 971 2297; x_wconf 84' lang='lat' dir='ltr'>obsidesque</span> <span class='ocrx_word' id='word_1_184' title='bbox 996 2219 1032 2278; x_wconf 88' lang='lat' dir='ltr'>ad</span> <span class='ocrx_word' id='word_1_185' title='bbox 1058 2235 1089 2277; x_wconf 88' lang='lat' dir='ltr'>se</span> 
     </span>
    </p>

    <p class='ocr_par' dir='ltr' id='par_1_11' title="bbox 105 2301 1090 2697">
     <span class='ocr_line' id='line_1_25' title="bbox 105 2301 1089 2383; baseline 0.003 -26"><span class='ocrx_word' id='word_1_186' title='bbox 105 2313 121 2357; x_wconf 81' lang='lat' dir='ltr'>o</span> <span class='ocrx_word' id='word_1_187' title='bbox 137 2301 243 2363; x_wconf 89' lang='lat' dir='ltr'>adduci</span> <span class='ocrx_word' id='word_1_188' title='bbox 262 2302 353 2362; x_wconf 89' lang='lat' dir='ltr'>iubet.</span> <span class='ocrx_word' id='word_1_189' title='bbox 385 2302 542 2380; x_wconf 84' lang='lat' dir='ltr'>Sugambri</span> <span class='ocrx_word' id='word_1_190' title='bbox 564 2321 600 2363; x_wconf 90' lang='lat' dir='ltr'>ex</span> <span class='ocrx_word' id='word_1_191' title='bbox 620 2322 655 2363; x_wconf 92' lang='lat' dir='ltr'>eo</span> <span class='ocrx_word' id='word_1_192' title='bbox 671 2311 820 2382; x_wconf 89' lang='lat' dir='ltr'>tempore,</span> <span class='ocrx_word' id='word_1_193' title='bbox 842 2320 900 2380; x_wconf 95' lang='lat' dir='ltr'>quo</span> <span class='ocrx_word' id='word_1_194' title='bbox 915 2321 990 2383; x_wconf 91' lang='lat' dir='ltr'>pons</span> <span class='ocrx_word' id='word_1_195' title='bbox 1005 2302 1089 2361; x_wconf 93' lang='lat' dir='ltr'>insti·</span> 
     </span>
     <span class='ocr_line' id='line_1_26' title="bbox 137 2387 1089 2464; baseline 0 -20"><span class='ocrx_word' id='word_1_196' title='bbox 137 2387 182 2445; x_wconf 89' lang='lat' dir='ltr'>tui</span> <span class='ocrx_word' id='word_1_197' title='bbox 201 2393 323 2463; x_wconf 87' lang='lat' dir='ltr'>coeptus</span> <span class='ocrx_word' id='word_1_198' title='bbox 344 2393 402 2454; x_wconf 90' lang='lat' dir='ltr'>est,</span> <span class='ocrx_word' id='word_1_199' title='bbox 424 2387 493 2463; x_wconf 81' lang='lat' dir='ltr'>iuga</span> <span class='ocrx_word' id='word_1_200' title='bbox 508 2393 675 2464; x_wconf 90' lang='lat' dir='ltr'>comparata</span> <span class='ocrx_word' id='word_1_201' title='bbox 689 2387 876 2449; x_wconf 86' lang='lat' dir='ltr'>hortantibus</span> <span class='ocrx_word' id='word_1_202' title='bbox 890 2389 940 2456; x_wconf 89' lang='lat' dir='ltr'>iis,</span> <span class='ocrx_word' id='word_1_203' title='bbox 963 2403 1038 2463; x_wconf 93' lang='lat' dir='ltr'>quos</span> <span class='ocrx_word' id='word_1_204' title='bbox 1054 2403 1089 2445; x_wconf 87' lang='lat' dir='ltr'>ex</span> 
     </span>
     <span class='ocr_line' id='line_1_27' title="bbox 136 2468 1090 2548; baseline -0.002 -19"><span class='ocrx_word' id='word_1_205' title='bbox 136 2469 291 2530; x_wconf 87' lang='lat' dir='ltr'>Tencteris</span> <span class='ocrx_word' id='word_1_206' title='bbox 305 2476 394 2546; x_wconf 90' lang='lat' dir='ltr'>atque</span> <span class='ocrx_word' id='word_1_207' title='bbox 409 2470 578 2548; x_wconf 88' lang='lat' dir='ltr'>Usipetibus</span> <span class='ocrx_word' id='word_1_208' title='bbox 593 2470 671 2548; x_wconf 94' lang='lat' dir='ltr'>apud</span> <span class='ocrx_word' id='word_1_209' title='bbox 685 2489 718 2530; x_wconf 91' lang='lat' dir='ltr'>se</span> <span class='ocrx_word' id='word_1_210' title='bbox 733 2470 889 2540; x_wconf 89' lang='lat' dir='ltr'>habebant,</span> <span class='ocrx_word' id='word_1_211' title='bbox 905 2470 1014 2531; x_wconf 87' lang='lat' dir='ltr'>linibus</span> <span class='ocrx_word' id='word_1_212' title='bbox 1029 2468 1090 2529; x_wconf 93' lang='lat' dir='ltr'>suis</span> 
     </span>
     <span class='ocr_line' id='line_1_28' title="bbox 138 2551 1087 2632; baseline -0.001 -20"><span class='ocrx_word' id='word_1_213' title='bbox 138 2559 326 2613; x_wconf 83' lang='lat' dir='ltr'>excesserant</span> <span class='ocrx_word' id='word_1_214' title='bbox 346 2570 458 2629; x_wconf 90' lang='lat' dir='ltr'>suaque</span> <span class='ocrx_word' id='word_1_215' title='bbox 478 2555 574 2612; x_wconf 90' lang='lat' dir='ltr'>omnia</span> <span class='ocrx_word' id='word_1_216' title='bbox 593 2562 820 2632; x_wconf 82' lang='lat' dir='ltr'>exportaverant</span> <span class='ocrx_word' id='word_1_217' title='bbox 834 2572 926 2632; x_wconf 91' lang='lat' dir='ltr'>seque</span> <span class='ocrx_word' id='word_1_218' title='bbox 939 2555 970 2615; x_wconf 93' lang='lat' dir='ltr'>in</span> <span class='ocrx_word' id='word_1_219' title='bbox 986 2551 1087 2613; x_wconf 81' lang='lat' dir='ltr'>solitu</span> 
     </span>
     <span class='ocr_line' id='line_1_29' title="bbox 138 2635 581 2697; baseline 0.002 -2"><span class='ocrx_word' id='word_1_220' title='bbox 138 2635 238 2696; x_wconf 91' lang='lat' dir='ltr'>dinem</span> <span class='ocrx_word' id='word_1_221' title='bbox 252 2655 286 2696; x_wconf 92' lang='lat' dir='ltr'>ac</span> <span class='ocrx_word' id='word_1_222' title='bbox 300 2635 386 2697; x_wconf 86' lang='lat' dir='ltr'>silvas</span> <span class='ocrx_word' id='word_1_223' title='bbox 400 2636 581 2696; x_wconf 91' lang='lat' dir='ltr'>abdiderant.</span> 
     </span>
    </p>

    <p class='ocr_par' dir='ltr' id='par_1_12' title="bbox 109 2719 1090 3049">
     <span class='ocr_line' id='line_1_30' title="bbox 109 2719 1089 2798; baseline 0 -20"><span class='ocrx_word' id='word_1_224' title='bbox 109 2727 121 2778; x_wconf 85' lang='lat' dir='ltr'>l</span> <span class='ocrx_word' id='word_1_225' title='bbox 199 2719 312 2780; x_wconf 82' lang='lat' dir='ltr'>xviiii.</span> <span class='ocrx_word' id='word_1_226' title='bbox 337 2720 443 2780; x_wconf 82' lang='lat' dir='ltr'>Caesar</span> <span class='ocrx_word' id='word_1_227' title='bbox 463 2737 574 2798; x_wconf 91' lang='lat' dir='ltr'>paucos</span> <span class='ocrx_word' id='word_1_228' title='bbox 594 2721 656 2781; x_wconf 90' lang='lat' dir='ltr'>dies</span> <span class='ocrx_word' id='word_1_229' title='bbox 670 2722 701 2780; x_wconf 93' lang='lat' dir='ltr'>in</span> <span class='ocrx_word' id='word_1_230' title='bbox 717 2739 822 2783; x_wconf 92' lang='lat' dir='ltr'>eorum</span> <span class='ocrx_word' id='word_1_231' title='bbox 836 2721 944 2782; x_wconf 87' lang='lat' dir='ltr'>fluibus</span> <span class='ocrx_word' id='word_1_232' title='bbox 958 2728 1089 2781; x_wconf 84' lang='lat' dir='ltr'>moratus</span> 
     </span>
     <span class='ocr_line' id='line_1_31' title="bbox 139 2803 1090 2882; baseline 0 -20"><span class='ocrx_word' id='word_1_233' title='bbox 139 2803 275 2863; x_wconf 90' lang='lat' dir='ltr'>omnibus</span> <span class='ocrx_word' id='word_1_234' title='bbox 299 2805 370 2864; x_wconf 89' lang='lat' dir='ltr'>vicis</span> <span class='ocrx_word' id='word_1_235' title='bbox 391 2803 589 2878; x_wconf 86' lang='lat' dir='ltr'>aedificiisque</span> <span class='ocrx_word' id='word_1_236' title='bbox 608 2806 738 2866; x_wconf 87' lang='lat' dir='ltr'>incensis</span> <span class='ocrx_word' id='word_1_237' title='bbox 759 2807 975 2882; x_wconf 82' lang='lat' dir='ltr'>frumentisque</span> <span class='ocrx_word' id='word_1_238' title='bbox 995 2805 1090 2863; x_wconf 89' lang='lat' dir='ltr'>succi·</span> 
     </span>
     <span class='ocr_line' id='line_1_32' title="bbox 139 2887 1088 2966; baseline 0.001 -20"><span class='ocrx_word' id='word_1_239' title='bbox 139 2888 178 2946; x_wconf 89' lang='lat' dir='ltr'>sis</span> <span class='ocrx_word' id='word_1_240' title='bbox 198 2905 231 2947; x_wconf 94' lang='lat' dir='ltr'>se</span> <span class='ocrx_word' id='word_1_241' title='bbox 251 2890 281 2947; x_wconf 92' lang='lat' dir='ltr'>in</span> <span class='ocrx_word' id='word_1_242' title='bbox 302 2888 376 2946; x_wconf 85' lang='lat' dir='ltr'>lines</span> <span class='ocrx_word' id='word_1_243' title='bbox 391 2887 534 2950; x_wconf 88' lang='lat' dir='ltr'>Ubiorum</span> <span class='ocrx_word' id='word_1_244' title='bbox 554 2890 668 2966; x_wconf 91' lang='lat' dir='ltr'>recepit</span> <span class='ocrx_word' id='word_1_245' title='bbox 686 2897 776 2965; x_wconf 90' lang='lat' dir='ltr'>atque</span> <span class='ocrx_word' id='word_1_246' title='bbox 795 2890 832 2949; x_wconf 93' lang='lat' dir='ltr'>iis</span> <span class='ocrx_word' id='word_1_247' title='bbox 848 2888 989 2949; x_wconf 88' lang='lat' dir='ltr'>auxillum</span> <span class='ocrx_word' id='word_1_248' title='bbox 1004 2905 1088 2948; x_wconf 90' lang='lat' dir='ltr'>suum</span> 
     </span>
     <span class='ocr_line' id='line_1_33' title="bbox 139 2968 1088 3049; baseline 0 -21"><span class='ocrx_word' id='word_1_249' title='bbox 139 2968 295 3048; x_wconf 89' lang='lat' dir='ltr'>pollicitus,</span> <span class='ocrx_word' id='word_1_250' title='bbox 311 2972 337 3031; x_wconf 94' lang='lat' dir='ltr'>si</span> <span class='ocrx_word' id='word_1_251' title='bbox 352 2971 389 3030; x_wconf 93' lang='lat' dir='ltr'>ab</span> <span class='ocrx_word' id='word_1_252' title='bbox 401 2969 506 3032; x_wconf 87' lang='lat' dir='ltr'>Suebis</span> <span class='ocrx_word' id='word_1_253' title='bbox 517 2978 734 3049; x_wconf 85' lang='lat' dir='ltr'>premerentur,</span> <span class='ocrx_word' id='word_1_254' title='bbox 750 2970 823 3033; x_wconf 91' lang='lat' dir='ltr'>haec</span> <span class='ocrx_word' id='word_1_255' title='bbox 838 2973 874 3033; x_wconf 86' lang='lat' dir='ltr'>ab</span> <span class='ocrx_word' id='word_1_256' title='bbox 888 2975 925 3033; x_wconf 92' lang='lat' dir='ltr'>iis</span> <span class='ocrx_word' id='word_1_257' title='bbox 939 2973 1088 3048; x_wconf 79' lang='lat' dir='ltr'>cognovit:</span> 
     </span>
    </p>

    <p class='ocr_par' dir='ltr' id='par_1_13' title="bbox 109 3053 1090 3383">
     <span class='ocr_line' id='line_1_34' title="bbox 109 3053 1088 3135; baseline 0.002 -25"><span class='ocrx_word' id='word_1_258' title='bbox 109 3062 124 3110; x_wconf 81' lang='lat'>2</span> <span class='ocrx_word' id='word_1_259' title='bbox 140 3053 463 3132; x_wconf 89' lang='lat' dir='ltr'>Suebos,posteaquam</span> <span class='ocrx_word' id='word_1_260' title='bbox 474 3072 528 3132; x_wconf 93' lang='lat' dir='ltr'>per</span> <span class='ocrx_word' id='word_1_261' title='bbox 541 3054 743 3133; x_wconf 88' lang='lat' dir='ltr'>exploratores</span> <span class='ocrx_word' id='word_1_262' title='bbox 754 3063 875 3135; x_wconf 90' lang='lat' dir='ltr'>pontem</span> <span class='ocrx_word' id='word_1_263' title='bbox 890 3057 955 3117; x_wconf 90' lang='lat' dir='ltr'>lieri</span> <span class='ocrx_word' id='word_1_264' title='bbox 971 3072 1088 3131; x_wconf 90' lang='lat' dir='ltr'>compe·</span> 
     </span>
     <span class='ocr_line' id='line_1_35' title="bbox 139 3136 1090 3216; baseline -0.002 -19"><span class='ocrx_word' id='word_1_265' title='bbox 139 3139 257 3204; x_wconf 89' lang='lat' dir='ltr'>rissent,</span> <span class='ocrx_word' id='word_1_266' title='bbox 272 3155 355 3196; x_wconf 92' lang='lat' dir='ltr'>more</span> <span class='ocrx_word' id='word_1_267' title='bbox 370 3155 424 3197; x_wconf 93' lang='lat' dir='ltr'>suo</span> <span class='ocrx_word' id='word_1_268' title='bbox 440 3136 564 3197; x_wconf 90' lang='lat' dir='ltr'>concilio</span> <span class='ocrx_word' id='word_1_269' title='bbox 579 3138 679 3199; x_wconf 89' lang='lat' dir='ltr'>habito</span> <span class='ocrx_word' id='word_1_270' title='bbox 693 3141 813 3200; x_wconf 91' lang='lat' dir='ltr'>nuutios</span> <span class='ocrx_word' id='word_1_271' title='bbox 827 3141 976 3200; x_wconf 89' lang='lat' dir='ltr'>inomnes</span> <span class='ocrx_word' id='word_1_272' title='bbox 990 3145 1090 3216; x_wconf 86' lang='lat' dir='ltr'>partes</span> 
     </span>
     <span class='ocr_line' id='line_1_36' title="bbox 139 3220 1090 3300; baseline -0.002 -19"><span class='ocrx_word' id='word_1_273' title='bbox 139 3222 292 3286; x_wconf 90' lang='lat' dir='ltr'>dimisisse,</span> <span class='ocrx_word' id='word_1_274' title='bbox 308 3222 354 3280; x_wconf 91' lang='lat' dir='ltr'>uti</span> <span class='ocrx_word' id='word_1_275' title='bbox 367 3220 403 3280; x_wconf 91' lang='lat' dir='ltr'>de</span> <span class='ocrx_word' id='word_1_276' title='bbox 419 3220 534 3298; x_wconf 91' lang='lat' dir='ltr'>oppidis</span> <span class='ocrx_word' id='word_1_277' title='bbox 545 3222 753 3300; x_wconf 85' lang='lat' dir='ltr'>demigrarent,</span> <span class='ocrx_word' id='word_1_278' title='bbox 770 3223 890 3291; x_wconf 89' lang='lat' dir='ltr'>liberos,</span> <span class='ocrx_word' id='word_1_279' title='bbox 904 3239 1013 3283; x_wconf 89' lang='lat' dir='ltr'>uxores</span> <span class='ocrx_word' id='word_1_280' title='bbox 1023 3239 1090 3281; x_wconf 91' lang='lat' dir='ltr'>sua-</span> 
     </span>
     <span class='ocr_line' id='line_1_37' title="bbox 139 3303 1090 3383; baseline 0 -19"><span class='ocrx_word' id='word_1_281' title='bbox 139 3322 197 3381; x_wconf 91' lang='lat' dir='ltr'>que</span> <span class='ocrx_word' id='word_1_282' title='bbox 217 3305 313 3364; x_wconf 90' lang='lat' dir='ltr'>omnia</span> <span class='ocrx_word' id='word_1_283' title='bbox 335 3305 365 3363; x_wconf 95' lang='lat' dir='ltr'>in</span> <span class='ocrx_word' id='word_1_284' title='bbox 385 3303 465 3364; x_wconf 80' lang='lat' dir='ltr'>silvis</span> <span class='ocrx_word' id='word_1_285' title='bbox 480 3303 676 3382; x_wconf 87' lang='lat' dir='ltr'>deponerent,</span> <span class='ocrx_word' id='word_1_286' title='bbox 698 3315 787 3383; x_wconf 89' lang='lat' dir='ltr'>atque</span> <span class='ocrx_word' id='word_1_287' title='bbox 801 3325 919 3375; x_wconf 91' lang='lat' dir='ltr'>omnes,</span> <span class='ocrx_word' id='word_1_288' title='bbox 945 3307 996 3382; x_wconf 92' lang='lat' dir='ltr'>qui</span> <span class='ocrx_word' id='word_1_289' title='bbox 1010 3323 1090 3365; x_wconf 85' lang='lat' dir='ltr'>arma</span> 
     </span>
    </p>

    <p class='ocr_par' dir='ltr' id='par_1_14' title="bbox 109 3388 1091 3551">
     <span class='ocr_line' id='line_1_38' title="bbox 109 3388 1091 3466; baseline 0 -19"><span class='ocrx_word' id='word_1_290' title='bbox 109 3389 217 3449; x_wconf 68' lang='lat' dir='ltr'>tierre</span> <span class='ocrx_word' id='word_1_291' title='bbox 244 3395 380 3466; x_wconf 91' lang='lat' dir='ltr'>possent,</span> <span class='ocrx_word' id='word_1_292' title='bbox 405 3405 497 3448; x_wconf 90' lang='lat' dir='ltr'>unum</span> <span class='ocrx_word' id='word_1_293' title='bbox 519 3390 550 3449; x_wconf 92' lang='lat' dir='ltr'>in</span> <span class='ocrx_word' id='word_1_294' title='bbox 575 3389 673 3451; x_wconf 92' lang='lat' dir='ltr'>locum</span> <span class='ocrx_word' id='word_1_295' title='bbox 694 3393 899 3452; x_wconf 84' lang='lat' dir='ltr'>convenirent:</span> <span class='ocrx_word' id='word_1_296' title='bbox 926 3388 1006 3450; x_wconf 90' lang='lat' dir='ltr'>hune</span> <span class='ocrx_word' id='word_1_297' title='bbox 1026 3405 1091 3449; x_wconf 85' lang='lat' dir='ltr'>esee</span> 
     </span>
     <span class='ocr_line' id='line_1_39' title="bbox 139 3470 1084 3551; baseline -0.002 -19"><span class='ocrx_word' id='word_1_298' title='bbox 139 3472 286 3532; x_wconf 88' lang='lat' dir='ltr'>delectum</span> <span class='ocrx_word' id='word_1_299' title='bbox 300 3470 430 3533; x_wconf 88' lang='lat' dir='ltr'>medium</span> <span class='ocrx_word' id='word_1_300' title='bbox 444 3473 507 3532; x_wconf 85' lang='lat' dir='ltr'>iere</span> <span class='ocrx_word' id='word_1_301' title='bbox 522 3476 677 3550; x_wconf 78' lang='lat' dir='ltr'>regionum</span> <span class='ocrx_word' id='word_1_302' title='bbox 693 3493 804 3544; x_wconf 87' lang='lat' dir='ltr'>earum,</span> <span class='ocrx_word' id='word_1_303' title='bbox 821 3491 895 3550; x_wconf 89' lang='lat' dir='ltr'>quas</span> <span class='ocrx_word' id='word_1_304' title='bbox 909 3472 1001 3534; x_wconf 91' lang='lat' dir='ltr'>Suebi</span> <span class='ocrx_word' id='word_1_305' title='bbox 1015 3472 1084 3551; x_wconf 84' lang='lat' dir='ltr'>opti</span> 
     </span>
    </p>
   </div>
   <div class='ocr_carea' id='block_1_3' title="bbox 0 0 1192 3870">
    <p class='ocr_par' dir='ltr' id='par_1_15' title="bbox 0 0 1192 3870">
     <span class='ocr_line' id='line_1_40' title="bbox 0 0 1192 3870; baseline 0 0"><span class='ocrx_word' id='word_1_306' title='bbox 0 0 1192 3870; x_wconf 95' lang='lat' dir='ltr'> </span> 
     </span>
    </p>
   </div>
  </div>
 </body>
</html>
