2356 3870
137 239 199 305 116
467 241 516 297 DE
537 241 653 298 BELLO
675 240 785 297 crvuu

136 415 198 474 citu
218 412 340 472 circiter
359 409 442 469 milia
462 421 510 468 xv
525 409 669 469 cecidisse
684 406 875 477 ridebantur,
896 406 949 468 sed
965 409 998 468 in
1013 407 1097 470 dedi·

135 499 248 558 tionem
269 501 416 556 venerunt
436 493 563 572 amplius
583 493 666 554 milia
686 504 793 553 xx1111
807 510 992 572 -namque
1007 494 1099 553 etiam

136 581 283 648 cohortes,
299 596 375 658 quae
390 577 540 658 praesidio
559 579 592 638 in
607 577 735 638 castellis
755 579 887 647 luerent,
909 594 975 638 sese
998 575 1099 638 Sullae

136 664 316 726 dediderunt
329 696 380 732 -,
402 663 487 723 multi
509 671 664 742 praeterea
685 663 717 722 in
737 662 878 722 finitimas
899 663 1035 722 civitates
1049 679 1098 721 re·

136 751 292 826 ingerunt,
314 747 455 826 signaque
470 747 609 807 militaria
623 764 660 807 ex
674 745 790 825 proelio
806 745 842 806 ad
858 746 1013 807 Caesarem
1030 752 1100 806 suut

110 834 233 894 tralata
248 845 365 893 ccxxx
382 845 412 892 et
426 831 541 909 aquilae
557 843 644 892 v1111.
675 831 708 891 L.
724 829 872 891 Domitius
893 847 929 890 ex
945 831 1052 890 castris
1066 831 1100 890 in

137 926 269 978 montem
283 917 446 994 refugiens,
462 933 530 976 cum
542 917 621 975 vires
636 932 704 975 eum
719 914 894 996 lassitudine
908 913 1098 984 deiecissent,

139 1001 176 1062 ab
192 1000 343 1080 equitibus
357 1006 403 1060 est
417 1001 602 1061 interiectus
834 1064 836 1068 ,

111 1094 127 1145 t
201 1085 234 1146 C.
268 1085 380 1144 Eodem
399 1091 533 1163 tempore
554 1083 722 1145 bunellus
741 1101 810 1144 cum
831 1084 924 1144 classe
944 1082 980 1144 ad
1000 1082 1100 1144 Brun·

36 1172 44 1185 “
137 1170 248 1230 disium
262 1169 345 1228 veuit
358 1168 520 1246 eademque
536 1171 663 1238 ratione,
686 1185 744 1247 qua
759 1169 870 1229 lactum
886 1166 1030 1229 abibone
1046 1185 1099 1228 an·
1144 1231 1146 1235 ,

137 1262 185 1314 tea
201 1253 478 1322 demonstravimus,
494 1253 620 1313 insulam
636 1251 783 1313 obiectam
803 1251 902 1332 portui
916 1250 1100 1312 Brundisino

110 1340 245 1397 ttenuit.
276 1336 424 1396 Similiter
437 1335 582 1406 Vatinius,
599 1339 651 1417 qui
666 1336 827 1397 Brundisio
841 1338 989 1416 praeerat,
1010 1337 1100 1398 tectis

136 1423 350 1499 instructisque
366 1420 484 1499 scaphis
499 1420 601 1480 elicuit
615 1438 705 1481 naves
718 1421 875 1482 Laelianas
889 1428 978 1500 atque
993 1438 1029 1480 ex
1051 1419 1101 1480 his

135 1505 252 1582 longius
273 1505 447 1584 productam
463 1522 552 1564 unam
566 1506 812 1585 quinqueremem
827 1512 858 1565 et
878 1507 1010 1565 minores
1026 1504 1100 1565 duas

137 1591 168 1650 in
183 1591 329 1666 angustiis
342 1601 448 1666 portus
462 1591 557 1669 cepit,
579 1591 711 1669 itemque
731 1607 785 1669 per
799 1591 921 1669 ,equites
941 1589 1100 1668 dispositos

110 1681 213 1753 taqua
228 1672 390 1753 prohibere
406 1673 572 1735 classiarios
587 1674 725 1734 instituit.
757 1672 816 1734 Sed
831 1673 950 1734 Laelius
964 1682 1099 1752 tempore

138 1761 209 1819 anni
225 1758 425 1819 commodiore
441 1776 513 1819 usus
533 1757 568 1818 ad
590 1757 787 1835 navigandum
808 1759 955 1818 onerariis
974 1756 1100 1819 naribus

136 1843 264 1921 Corcyra
285 1841 528 1920 Dyrrhachioque
544 1860 649 1921 aquam
670 1844 732 1902 suis
751 1840 948 1921 subportabat
969 1860 1100 1921 nequeo

135 1928 289 2006 proposito
304 1923 521 1994 deterrebatur,
540 1943 637 2004 neque
653 1933 720 1986 ante
735 1926 883 2004 proelium
896 1928 927 1986 in
942 1925 1097 1987 Thessalia

135 2011 245 2071 laetum
266 2012 417 2086 cognitum
439 2016 489 2069 aut
513 2011 677 2086 ignominia
703 2010 877 2071 amissarum
902 2012 1022 2070 navium
1047 2018 1098 2071 aut

134 2096 372 2154 necessariarum
392 2110 494 2153 rerum
519 2095 621 2172 inopia
640 2111 678 2154 ex
702 2101 791 2174 portu
814 2093 968 2174 insulaque
990 2093 1099 2174 expelli

134 2180 240 2256 potuit.

110 2270 125 2320 1
200 2261 246 2322 Cl.
284 2261 382 2322 lsdem
400 2262 465 2323 iere
485 2262 672 2342 temporibus
693 2263 813 2325 Cassius
839 2281 907 2324 eum
930 2263 1023 2324 classe
1044 2262 1097 2343 Sy·

135 2362 237 2406 rorum
254 2353 284 2405 et
298 2346 480 2407 Phoenicum
496 2355 526 2408 et
541 2347 667 2408 Cilicum
684 2350 716 2409 in
732 2348 865 2408 Siciliam
879 2349 969 2417 venit,
985 2355 1015 2407 et
1030 2364 1098 2408 oum

136 2436 215 2490 esset
229 2429 365 2491 Caesaris
379 2431 483 2492 classis
498 2431 593 2493 divisa
607 2435 639 2492 in
650 2432 723 2493 dues
737 2441 848 2511 partes,
861 2431 1002 2493 dimidiae
1017 2434 1098 2511 parti

134 2522 286 2593 praeesset
306 2514 340 2574 P.
357 2514 506 2593 Sulpicius
532 2524 652 2594 praetor
671 2516 785 2578 Vibone
806 2517 842 2577 ad
863 2518 989 2586 lretum,
1012 2515 1097 2575 dimi·

136 2597 202 2658 diae
217 2597 256 2658 bl.
272 2597 453 2676 Pomponius
474 2599 511 2660 ad
525 2600 705 2670 Messanam,
727 2602 812 2680 prius
829 2601 949 2662 Cassius
969 2599 1005 2661 ad
1020 2599 1097 2660 bles·

135 2699 237 2741 sanem
258 2681 382 2742 navibus
405 2683 563 2752 advolavit,
590 2703 679 2763 quam
698 2684 879 2764 Pomponius
899 2685 936 2744 de
957 2686 1025 2745 eius
1046 2684 1097 2744 ad·

134 2773 225 2826 ventu
250 2774 457 2843 cognosceret,
488 2767 753 2848 perturbatumque
779 2787 847 2828 eum
876 2775 981 2829 nactus
1008 2767 1098 2828 nullis

135 2850 281 2910 custodiis
296 2869 393 2929 neque
409 2851 565 2913 ordinibus
581 2855 682 2922 certis,
698 2870 805 2930 magno
820 2860 909 2913 rento
923 2861 953 2912 et
968 2852 1098 2913 secundo

134 2935 296 3013 completas
310 2935 461 2996 onerarias
476 2955 566 2996 naves
581 2937 668 2997 taeda
683 2946 713 2998 et
727 2938 794 3016 pice
811 2945 841 2997 et
855 2943 941 3015 stupa
956 2936 1097 3014 reliquis·

135 3035 193 3094 que
208 3017 309 3087 rebus,
331 3036 407 3097 quae
423 3028 492 3079 sunt
513 3021 549 3080 ad
570 3020 715 3090 incendia,
731 3023 761 3081 in
775 3021 1008 3100 Pomponianam
1023 3019 1097 3080 clas·

135 3119 198 3161 sem
212 3103 327 3162 inmisit
342 3109 430 3180 atque
445 3120 549 3164 omues
563 3122 653 3165 naves
672 3104 805 3166 incendit
823 3117 930 3173 xxxv,
953 3123 969 3164 e
990 3103 1100 3184 quibus

107 3192 222 3246 serant
241 3197 291 3244 xx
311 3193 489 3248 constratae.
523 3187 673 3267 Tantusqe
692 3207 727 3248 eo
747 3189 824 3251 lacto
849 3191 940 3249 timor
966 3188 1098 3257 incessit,

135 3276 176 3336 ut,
198 3287 266 3329 eum
282 3278 361 3330 esset
374 3271 452 3348 legio
467 3272 618 3351 praesidio
633 3272 801 3342 Messanae,
822 3276 871 3333 vix
887 3273 1030 3353 oppidum
1046 3272 1098 3332 de·

133 3352 321 3423 tenderetur,
348 3363 378 3414 et
402 3358 461 3416 nisi
486 3375 522 3416 eo
546 3359 612 3436 ipso
638 3364 772 3435 tempore
792 3356 912 3434 quidam
937 3358 1035 3418 nuntii
1062 3356 1100 3416 de

134 3435 269 3498 Caesaris
284 3440 408 3500 victoria
427 3457 483 3518 per
497 3440 659 3519 dispositos
681 3444 798 3520 equites
813 3446 914 3501 essent
929 3440 1024 3511 allati,
1048 3458 1099 3500 ex·

93 3519 299 3584 ur'str'mabant
308 3523 453 3607 plerique
468 3525 607 3589 futurum
621 3526 728 3597 luisse,
747 3527 796 3586 uti
810 3525 1008 3586 amitteretur.
1040 3523 1104 3583 Sed
