2356 3870
403 985 497 1042 illul
519 980 723 1040 CAESARIS.

154 1119 189 1174 lle
203 1118 324 1172 Caesaris
338 1120 395 1171 vita
405 1119 472 1174 haee
485 1117 542 1174 iere
553 1102 827 1187 compertebebemus
842 1124 899 1171 tum
913 1124 1032 1172 veterum

91 1203 267 1275 scriptorum,
281 1199 404 1272 inprimis
419 1196 544 1260 Suetoni,
560 1196 723 1251 testimoniis
738 1207 794 1253 tum
808 1199 926 1253 virorum
941 1197 1034 1254 docto-

93 1297 152 1342 rum
166 1289 276 1338 nostroe
290 1280 400 1342 aetatis,
420 1278 584 1334 Dromonm‘
600 1277 712 1334 monime
732 1285 760 1334 et
779 1276 959 1345 Mommseni,
981 1280 1035 1335 ‹lis-

94 1363 293 1439 quisitionibus.

157 1447 237 1502 uuus
251 1445 334 1503 lulius
348 1443 444 1501 Caeser
463 1449 599 1499 natusest
621 1441 680 1498 cti
701 1439 753 1499 llil.
768 1441 805 1499 lo.
821 1443 910 1512 Quint.
930 1445 993 1500 enni
1004 1445 1032 1502 U.

94 1547 114 1585 c.
132 1527 245 1584 llellll.
261 1526 316 1590 vel,
332 1534 364 1583 ut
375 1527 501 1600 opinatur
510 1518 680 1591 Mommsen,
692 1523 782 1581 ocull.
798 1523 876 1594 (ante
890 1526 949 1580 Chr.
965 1543 991 1581 n.
1004 1531 1031 1588 c,

95 1612 134 1668 rel
149 1609 226 1679 ulli.
240 1617 317 1682 patre
332 1609 358 1664 C.
373 1607 441 1664 lulio
457 1607 578 1668 Caesare,
594 1607 640 1679 qul
655 1612 764 1679 praetor
771 1622 841 1664 anno
854 1605 881 1662 U.
888 1621 909 1662 c.
921 1605 1034 1663 uouit

93 1699 208 1748 mortem
218 1689 294 1752 obiit,
309 1687 515 1750 metueburellc
529 1686 642 1744 muliere
655 1689 805 1761 ingeniosa,
820 1704 888 1762 quae
902 1687 956 1744 fille
965 1687 1037 1745 vide·

94 1784 137 1830 tur
152 1773 238 1828 luisse
252 1771 284 1827 li
295 1772 387 1828 Aureli
398 1771 492 1829 Cottae
503 1776 531 1826 et
541 1768 664 1826 Rutiliae.

155 1853 281 1910 Traditur
294 1853 379 1911 inisse
393 1851 497 1910 excelse
516 1859 633 1915 statura.
655 1850 747 1910 colore
760 1851 884 1916 candido,
906 1850 1038 1911 teretibus

94 1936 235 1999 membris.
257 1952 304 1993 ore
324 1935 403 2010 paulo
424 1935 559 2009 pleniore,
580 1935 667 2008 nigris
680 1935 838 2009 uegetisque
852 1933 952 1997 oculis.
968 1933 1037 1990 vele·

96 2021 190 2078 tudine
204 2035 345 2093 prospere,
360 2021 388 2074 in
403 2034 517 2093 corpore
529 2017 647 2075 curando
659 2018 809 2085 morosior,
823 2018 897 2074 mitis
908 2017 1036 2073 clemens·

95 2111 274 2177 querutum,
294 2103 400 2176 peracri
417 2099 531 2163 iudicio,
551 2101 660 2175 ingenio
680 2107 775 2162 acuto,
796 2099 886 2157 velens
900 2101 1038 2157 memorie·

96 2202 192 2258 magno
204 2186 302 2246 animo,
316 2183 437 2258 vigilans,
450 2181 573 2241 laborum
587 2183 701 2257 petiens.
716 2182 882 2244 ambitiosos,
896 2183 1036 2255 impotens.

155 2268 335 2341 Praeceptore
350 2283 414 2323 usus
429 2274 472 2322 est
484 2264 517 2323 ll.
532 2266 650 2323 Antonio
666 2265 805 2338 Gnlpbone
820 2263 908 2325 Gallo.
930 2265 1038 2320 homine

94 2368 147 2408 non
163 2351 254 2405 mlnus
264 2349 362 2406 Graece
377 2349 560 2423 qunmLetlne
573 2347 662 2415 docto.
676 2350 769 2404 Annos
779 2354 859 2403 natus
870 2346 926 2403 lere
939 2344 1037 2401 duode-

96 2435 147 2489 cim
162 2439 307 2506 postquem
321 2447 337 2489 e
350 2432 377 2487 c,
392 2430 474 2491 biario
490 2428 564 2487 affini
586 2446 636 2487 suo
650 2429 746 2486 flamen
760 2427 840 2485 Dialis
860 2435 965 2485 oreatus
987 2434 1037 2490 est.

97 2531 167 2572 runo
189 2513 219 2570 tl.
241 2529 262 2570 c
285 2513 407 2571 licum
431 2513 555 2570 Cossutia
574 2529 674 2587 sponso
700 2511 807 2568 dimissa
828 2526 937 2567 uxorem
963 2509 1037 2565 luxit

95 2595 255 2658 corneliam,
270 2597 346 2653 culus
360 2593 707 2672 paterbiiornellusilinna
720 2600 844 2669 quartum
860 2592 953 2649 consul
968 2608 1037 2647 enno

97 2687 158 2734 ente
174 2677 207 2734 eb
227 2680 347 2736 exercitu
367 2694 418 2735 suo
438 2684 496 2735 eret
510 2676 678 2735 interiectus.
714 2677 797 2744 Quom
817 2691 886 2732 anno
902 2682 965 2747 post
979 2690 994 2728 a
1008 2673 1036 2728 b

98 2760 222 2817 Cornelio
229 2759 303 2817 Sulla
316 2760 457 2835 repudiare
472 2762 561 2817 iussus
576 2775 636 2816 cum
650 2775 705 2816 non
719 2757 864 2829 obedisset,
880 2765 906 2812 et
920 2756 1037 2811 lleminlo

98 2850 123 2898 et
137 2844 231 2899 uxoris
246 2842 309 2898 dote
324 2850 352 2899 et
365 2843 525 2917 patrimonio
540 2843 673 2914 privatus,
693 2849 723 2896 ut
738 2840 870 2915 effugeret
885 2854 899 2895 e
914 2836 1037 2894 manibus

98 2925 284 2981 ministrorum
303 2923 406 2986 Sullae.
428 2923 522 2981 habitu
541 2930 692 2997 permutato
712 2921 780 2979 urbe
799 2922 921 2979 excessit
949 2923 1038 2994 Atque

99 3006 144 3062 illo
159 3009 221 3080 ipso
237 3013 358 3080 tempore
372 3005 442 3065 iebrl
461 3012 592 3079 quartana
604 3004 729 3063 leboinus
743 3021 804 3063 cum
815 3012 906 3069 ‚tamen
920 3004 948 3058 ln
963 3020 1039 3059 mon·

100 3087 171 3146 tibus
193 3087 300 3146 Sabinis
319 3088 431 3152 lateret.
451 3095 595 3162 postquam
614 3089 694 3144 vitem
713 3085 756 3144 vix
778 3103 810 3142 eo
835 3083 1038 3160 inquisitoribus

99 3172 186 3243 pretio
205 3170 332 3234 redemit,
354 3169 460 3227 tandem
474 3170 606 3244 virginum
624 3169 770 3226 Vestalium
783 3170 902 3244 itemque
915 3166 1040 3224 Mamerci

99 3252 208 3317 Aemili,
229 3253 321 3310 Aureli
342 3254 450 3316 Cottae,
472 3260 623 3309 ceterorum
642 3253 787 3309 amicorum
807 3248 1040 3324 deprecationibus

100 3336 197 3393 invitus
212 3335 286 3394 Sulla
300 3343 440 3411 permotus
455 3342 506 3400 est,
520 3343 551 3392 ut
564 3336 644 3391 vitem
659 3336 684 3392 ei
699 3333 867 3457 concederqt.
