2356 3870
376 211 476 270 nothi.
491 213 510 270 t
527 213 597 272 CAP.
612 214 773 272 llll-llllll.
1014 220 1052 280 1³

96 381 201 440 avertit
215 396 251 440 ac
265 377 402 439 Bibracte
416 378 461 438 ire
476 377 637 439 contendit
674 378 717 440 Ea
734 398 784 440 res
799 398 853 458 per
867 379 1005 456 fugitivos
1020 378 1052 440 L.
1068 388 1085 437 2
1153 426 1155 431 .

94 462 219 531 Aemilii,
237 461 406 523 decurionis
422 463 553 537 equitum
562 460 723 532 Gallorum,
740 462 874 524 hostibus
890 464 1052 523 nuntiatur.

94 545 236 616 llelvetii,
257 564 313 607 seu
328 543 406 621 quod
421 545 529 605 tImore
548 548 725 623 perterritos
738 544 887 607 Romanos
902 546 1056 606 discedere
1070 553 1087 604 3

94 647 157 690 ase
174 631 395 697 existimarent,
411 646 446 688 eo
461 629 568 706 magis,
585 628 665 705 quod
679 629 774 707 pridie
789 627 994 708 superioribus
1009 627 1052 689 lo-

94 714 135 774 cis
150 715 305 792 occupatis
315 710 462 791 proelium
472 729 534 773 non
548 713 774 781 commisissent,
787 714 848 773 sive
864 731 908 784 eo,
925 712 1004 789 quod
1020 730 1054 772 re

94 797 290 858 frumentaria
305 793 462 856 intercludi
477 813 566 873 posse
581 794 772 864 confiderent,
788 802 967 856 commutato
983 812 1053 855 con-

94 879 160 940 silio
181 886 272 956 atque
293 880 399 939 itinere
420 896 563 939 converso
584 886 701 940 nostros
722 896 738 937 a
758 880 917 940 novissimo
938 879 1055 956 agmine

93 964 214 1039 insequi
228 981 263 1023 ac
277 961 424 1022 lacessere
439 969 612 1041 coeperunt

157 1045 276 1106 XXIIII.
293 1045 453 1121 Postquam
462 1045 493 1105 id
505 1046 635 1105 animum
648 1044 781 1114 advertit,
795 1046 894 1124 copias
905 1064 973 1107 suas
983 1045 1054 1106 Cae·
1070 1051 1085 1100 t

94 1149 143 1190 sar
157 1132 191 1190 in
204 1129 374 1207 proximum
389 1126 495 1189 collem
507 1127 644 1189 subducit
656 1129 887 1205 equitatumque,
901 1131 952 1205 qui
966 1129 1055 1190 susti-

93 1219 182 1274 neret
195 1211 328 1272 hostium
338 1212 492 1289 impetum,
504 1212 592 1290 mtsit
616 1210 683 1289 lpse
696 1212 816 1272 iuterim
826 1213 857 1272 lu
872 1211 947 1273 colle
958 1211 1056 1272 medio
1070 1219 1087 1268 2

94 1295 245 1375 triplicem
260 1295 353 1355 aciem
366 1294 506 1354 instruxit
526 1294 676 1372 legionum
697 1302 835 1370 quattuor
850 1303 1057 1356 veteranarum
1136 1339 1144 1357 Ι

94 1387 185 1456 atque
209 1396 301 1456 supra
324 1395 357 1438 se
381 1378 413 1436 in
438 1394 554 1437 summo
578 1378 648 1454 iugo
668 1377 742 1438 duas
762 1376 911 1455 legiones,
934 1379 1057 1455 quasin

94 1461 190 1524 ouria
211 1461 351 1521 citeriore
371 1461 507 1538 proxime
527 1462 760 1539 conscripserat,
782 1469 811 1520 et
831 1463 931 1522 omnia
950 1460 1057 1522 auxilia

93 1545 263 1606 conlocavit
285 1541 334 1623 [ac
355 1550 451 1603 totum
470 1551 601 1604 montem
621 1542 791 1605 hominibus
812 1543 983 1624 complevitz
1011 1545 1089 1604 ima

93 1626 212 1707 terea];
237 1627 366 1692 sarcinas
386 1627 418 1686 in
438 1644 531 1686 unum
551 1624 650 1686 locum
671 1627 801 1688 conferri
815 1634 846 1687 et
866 1645 935 1687 eum
949 1626 985 1686 ah
1000 1626 1055 1695 his,

93 1714 149 1788 qui
165 1713 199 1770 in
212 1710 368 1788 superiore
383 1709 446 1769 acle
460 1710 662 1779 constiterant,
678 1711 788 1769 muniri
803 1711 897 1770 iussit
933 1707 1058 1770 Helvetii
1072 1719 1088 1766 a

94 1812 166 1856 cum
189 1791 327 1853 omnihus
347 1793 409 1852 suis
424 1793 517 1852 carris
532 1793 627 1852 secuti
646 1793 846 1871 inpedimenta
857 1793 892 1864 in
905 1810 999 1853 unum
1013 1791 1056 1852 lo-

93 1895 165 1938 cum
182 1874 386 1942 contulerunt;
409 1877 480 1954 ipsi,
502 1875 720 1936 confertissima
738 1875 801 1935 acie
820 1875 933 1936 reiecto
954 1883 1057 1936 nostro

94 1962 248 2038 equitatu,
265 1956 409 2037 phalange
429 1960 505 2020 lacta
524 1958 581 2020 suh
594 1960 721 2037 primam
735 1965 867 2020 nostram
882 1960 974 2019 aclem
990 1977 1056 2019 suc-

94 2048 263 2106 cesserunt
614 2091 617 2103 ,
775 2105 776 2109 Ἰ

159 2125 249 2187 XXV.
274 2125 394 2193 Caesar,
415 2127 546 2203 primum
567 2143 637 2195 suo,
661 2124 768 2186 deinde
788 2128 919 2190 omnium
936 2145 971 2186 ex
987 2131 1087 2186 oon-l

94 2216 205 2290 spectu
219 2210 341 2270 remotis
357 2210 455 2285 equis,
479 2217 511 2268 ut
530 2214 655 2285 aequato
678 2211 811 2271 omnium
825 2209 957 2290 periculo
973 2227 1057 2287 spem

94 2295 187 2372 lugae
201 2291 334 2362 tolleret,
357 2290 527 2353 cohortatus
542 2310 612 2352 suos
626 2291 773 2370 proelium
789 2295 944 2355 commisit
982 2291 1057 2352 Mili·
1073 2301 1089 2347 t

94 2385 144 2439 tes
159 2394 177 2437 e
192 2375 258 2436 loco
273 2377 428 2455 superiore
442 2374 510 2454 pilis
525 2376 622 2437 missis
636 2372 723 2436 facile
737 2375 868 2438 hostium
881 2375 1058 2457 phalangem

94 2460 318 2541 perfregerunt
356 2459 398 2521 Ea
417 2458 538 2520 dIsIecta
558 2459 662 2538 gladiis
677 2459 825 2521 destrictis
839 2462 869 2521 iu
892 2477 943 2520 eos
963 2460 1057 2538 impe·

95 2552 162 2606 tum
178 2543 324 2604 lecerunt.
348 2541 438 2604 Gallis
452 2560 559 2620 magno
574 2542 611 2604 ad
624 2560 754 2623 pugnam
769 2549 834 2605 erat
846 2542 1057 2622 inpedimento,
1073 2548 1089 2601 t

97 2626 181 2705 quod
196 2625 333 2706 pluribus
347 2645 452 2687 eorum
466 2627 558 2688 scutis
572 2645 631 2688 uno
646 2628 707 2687 ictu
721 2626 850 2706 pilorum
863 2627 1013 2688 transfixis
1028 2633 1059 2686 et

97 2709 269 2787 conligatis,
292 2727 360 2770 oum
374 2711 489 2771 ferrum
503 2728 536 2770 se
550 2709 728 2779 inflexisset,
750 2727 848 2788 neque
864 2710 990 2772 evellere
1005 2728 1056 2770 ne·

99 2811 157 2872 que
179 2794 300 2854 sinistra
324 2793 455 2873 inpedito
480 2795 551 2854 satis
576 2792 731 2855 commode
751 2811 885 2873 pugnare
909 2800 1057 2872 poterant,

99 2877 187 2938 multi
206 2887 241 2938 ut
260 2877 311 2938 diu
330 2879 436 2938 laetato
457 2876 579 2938 hrachio
598 2884 809 2956 praeoptarent
833 2883 951 2938 scutum
970 2885 1091 2938 manue

100 2962 239 3022 emittere
260 2966 290 3021 et
308 2960 388 3022 nudo
409 2977 536 3039 corpore
554 2977 697 3040 pugnare.
716 2960 868 3021 *Tandem
887 2960 1090 3023 vulneribuso

99 3044 212 3106 defessi
233 3050 264 3104 et
277 3043 385 3123 pedem
398 3043 513 3105 referre
530 3052 573 3114 et,
596 3044 674 3121 quod
696 3062 782 3105 mons
803 3044 925 3107 suherat
939 3046 1058 3107 circiter

99 3127 182 3190 mille
196 3144 354 3206 passuum,
376 3145 411 3188 eo
432 3145 465 3188 se
484 3130 620 3207 recipere
642 3137 813 3207 coeperunt
852 3129 944 3209 Capto
959 3135 1090 3191 montet

101 3218 131 3273 et
150 3211 381 3273 succedentibus
399 3212 526 3281 nostris,
548 3212 615 3273 Boii
635 3220 665 3272 et
678 3211 812 3290 Tulingi,
835 3215 886 3290 qui
905 3212 1059 3275 hominum

100 3294 221 3357 milibus
236 3297 355 3357 circiter
374 3315 417 3358 xv
436 3313 542 3374 agmen
555 3295 686 3357 hostium
700 3295 877 3357 claudebant
891 3306 921 3357 et
934 3298 1058 3359 novissi·

101 3381 157 3442 mis
171 3380 320 3459 praesidIo
336 3388 433 3449 erant,
457 3398 493 3441 ex
512 3381 619 3441 itinere
639 3387 757 3443 nostros
776 3380 870 3442 latere
890 3388 994 3460 aperto
1009 3379 1058 3442 ad·

103 3465 197 3542 gressi
212 3465 435 3533 circumvenire,
452 3470 482 3524 et
496 3463 526 3525 id
541 3464 701 3546 conspicati
713 3463 849 3538 llelretii,
865 3466 921 3547 qui
930 3465 968 3528 in
977 3482 1065 3528 mon·
