2356 3870
208 244 322 303 coMM.
336 246 384 302 III.
406 244 927 303 coxnxxxxlffl-Lxxxxvntt
987 241 1049 308 115

149 409 347 474 Lxxxxvii.
385 411 492 472 Caesar
513 414 619 474 castris
640 415 752 490 potitus
773 431 789 473 a
809 412 955 473 militibus
974 424 1071 473 con-1

86 497 258 573 tendit,ne
279 498 311 556 iu
331 496 441 575 praeda
457 498 592 576 occupati
608 496 716 576 reliqui
736 499 849 575 negotii
863 498 988 574 gerendi
1003 498 1017 557 l
1034 533 1046 546 -

86 581 228 642 cultatem
249 581 442 640 dImitterent.
477 578 539 651 Qua
562 599 595 640 re
620 582 777 660 impetrata
800 590 933 641 montem
952 590 1072 661 operes

86 666 321 727 circummunire
343 666 483 725 instituit.
522 664 710 744 Pompeiani,
734 665 811 743 quod
832 668 858 726 is
879 684 963 726 mons
983 673 1048 726 erat

86 752 152 811 sine
168 767 254 829 aqua,
270 749 359 809 diifisi
375 754 403 812 ei
418 748 483 809 loco
498 749 604 810 relicto
619 757 718 810 monte
734 752 867 810 universi
887 751 967 827 iugis
982 752 1047 810 cius

84 833 219 895 Larisam
240 851 343 894 versus
362 851 394 893 sc
414 835 552 913 recipere,
570 841 741 913 coeperunt.
777 832 891 903 Quare
912 834 1073 895 animade

84 937 172 979 versa
193 918 300 978 Caesar
321 919 422 995 copias
440 911 509 978 suas
531 919 633 979 divisit
650 925 826 997 partemque
844 918 994 994 legionum
1015 920 1047 978 in

85 1004 194 1064 castris
207 1001 331 1080 Pompei
345 1020 501 1062 remanere
517 1004 620 1071 iussit,
642 1009 758 1081 partem
773 1005 805 1062 in
820 1020 871 1062 sua
887 1009 984 1063 castra
998 1019 1047 1062 re·

84 1089 183 1156 misit,
204 1099 260 1146 1111
275 1103 377 1146 secum
396 1087 528 1164 legiones
555 1086 638 1147 duxit
660 1086 916 1165 commodioreque
938 1088 1047 1147 itinere

84 1171 278 1250 Pompeianis
289 1187 447 1231 occurrere
459 1173 559 1250 coepit
574 1177 604 1232 et
618 1189 795 1249 progressus
810 1171 891 1231 milia
907 1188 1046 1250 passuum
1137 1181 1145 1192 ·

84 1269 123 1316 vl
145 1257 239 1316 aciem
260 1257 413 1314 instruxit.
454 1253 517 1326 Qua
537 1272 571 1314 re
593 1256 796 1316 animadversa
818 1255 991 1334 Pompeiani
1016 1255 1074 1314 int

86 1339 214 1417 quodam
227 1347 327 1398 moute
339 1340 545 1399 constiterunt.
567 1338 652 1399 Hunc
663 1347 793 1400 montem
805 1339 915 1400 flumen
927 1337 1046 1400 sublue-

84 1423 148 1484 bat.
179 1422 287 1484 Caesar
303 1422 413 1483 milites
427 1423 608 1493 cohortatus,
625 1426 681 1484 etsi
696 1425 788 1484 totius
803 1424 861 1484 diei
881 1424 1047 1484 continenti

85 1507 188 1573 labore
205 1514 291 1567 erant
310 1506 438 1568 coniecti
459 1525 576 1586 noxque
596 1509 657 1568 iam
677 1507 813 1577 suberat,
836 1515 935 1568 tamen
950 1509 1047 1568 muni·

86 1595 168 1655 tione
183 1591 294 1652 tlumeu
310 1610 327 1652 a
341 1598 440 1651 moute
457 1592 587 1660 seclusit,
603 1609 640 1651 ne
656 1599 745 1651 noctu
760 1593 863 1670 aquari
874 1591 1046 1670 Pompeiani

10 1680 13 1685 ’
85 1683 217 1756 possent.
255 1673 319 1746 Quo
339 1676 475 1754 perlecto
490 1693 581 1754 opere
601 1675 644 1735 illi
666 1674 703 1734 de
719 1675 868 1735 deditione
890 1677 990 1735 missis
1005 1675 1073 1734 le·⁶

85 1763 163 1838 gatis
184 1777 272 1838 agere
293 1766 466 1839 coeperunt.
508 1759 598 1819 Pauci
620 1758 734 1818 ordinis
759 1760 916 1828 senatorii,
943 1760 1048 1837 quise

88 1861 156 1906 cum
172 1846 211 1904 iis
227 1844 452 1912 coniunxerant,
469 1850 555 1903 nocte
570 1843 640 1920 luga
655 1842 780 1903 salutem
793 1845 974 1922 petiverunt.

148 1926 359 1989 Lxxxxvssl.
396 1927 505 1989 Caesar
526 1929 622 2005 prima
642 1925 709 1986 luce
732 1944 833 1986 omnes
856 1944 921 1995 eos,
942 1929 994 2006 qui
1014 1928 1073 1987 int

86 2020 188 2074 monte
210 2012 421 2080 consederant,
448 2010 712 2091 exsuperioribus
737 2009 808 2070 locis
833 2011 864 2071 in
888 2011 1048 2090 planiciem

87 2096 268 2158 descendere
292 2104 379 2176 atque
400 2114 481 2156 arma
502 2097 639 2175 proicere
667 2097 764 2156 iussit.
802 2093 887 2164 Quod
908 2095 960 2156 uhi
981 2098 1073 2156 sinen

87 2182 276 2242 recusatione
292 2181 429 2240 lecerunt
449 2182 603 2260 passisque
625 2180 730 2258 palmis
744 2181 870 2258 proiecti
885 2180 923 2240 ad
935 2188 1049 2240 terram

87 2265 195 2326 tientes
216 2262 253 2325 ab
275 2283 309 2324 co
326 2264 450 2324 salutem
470 2265 654 2344 petiverunt,
679 2263 846 2325 consolatus
867 2281 1048 2341 consurgere

87 2349 176 2410 iussit
190 2356 220 2409 et
233 2367 326 2428 pauca
343 2348 420 2427 apud
436 2365 486 2408 eos
501 2348 538 2409 de
558 2349 681 2409 lenitate
698 2365 751 2407 sua
765 2347 895 2414 locutus,
918 2366 977 2426 quo
992 2349 1049 2413 mi·¹

87 2451 161 2494 nore
177 2439 278 2493 essent
290 2432 405 2502 timore,
428 2451 531 2493 omncs
551 2433 744 2501 conservavit,
764 2431 965 2510 militibusque
986 2433 1049 2492 suis

88 2517 313 2586 commendavit,
330 2534 367 2577 ne
384 2519 435 2593 qui
450 2534 554 2576 eorum
566 2516 734 2583 violaretur,
747 2533 807 2575 neu
821 2516 892 2594 quid
908 2518 953 2575 sui
970 2513 1048 2576 desi·

52 2605 55 2612 '
88 2603 238 2663 derarent.
268 2600 330 2661 Hac
346 2600 478 2661 adhibita
493 2600 648 2678 diligentia
663 2616 699 2660 ex
714 2602 820 2660 castris
835 2598 893 2659 sibi
913 2600 1075 2676 legionesa

88 2685 162 2746 alias
177 2702 336 2745 occurrere
353 2692 383 2745 et
398 2701 457 2755 eas,
473 2703 547 2764 quas
561 2702 662 2745 secum
678 2683 818 2753 duxerat,
839 2685 871 2744 in
885 2686 980 2743 ricem
1001 2701 1048 2744 re-

88 2770 244 2845 quiescere
271 2776 358 2847 atquc
383 2772 415 2830 in
442 2775 539 2830 castra
563 2769 674 2828 reverti
700 2769 788 2828 iussit
811 2767 974 2844 eodemque
1000 2768 1049 2827 die

88 2852 221 2914 Larisam
237 2855 384 2932 pervenit.
941 2911 944 2916 .

150 2936 375 2998 LXXXXVllll.
406 2936 439 2997 ln
460 2954 496 2996 eo
516 2936 633 3016 proelio
653 2953 712 2996 non
734 2935 859 3014 amplius
879 2946 920 2995 cc
940 2934 1048 2996 milites
1060 2945 1091 2992 ι-

88 3020 284 3091 desideravit,
311 3021 362 3081 sed
378 3022 583 3090 centuriones,
610 3021 703 3081 lortcs
722 3022 818 3089 viros,
840 3020 961 3079 circiter
976 3033 1050 3080 xxx

88 3106 199 3167 amisit.
234 3104 412 3166 Interiectus
428 3114 473 3166 est
493 3106 585 3165 etiam
605 3105 768 3164 fortissime
789 3121 923 3181 pugnans
939 3103 1075 3164 Crasti-2

87 3207 155 3260 nus,
172 3192 257 3250 cuius
272 3192 453 3250 mentionem
469 3207 559 3268 supra
573 3189 708 3257 lecimus,
730 3188 827 3265 gladio
847 3190 879 3248 in
894 3206 927 3248 os
947 3187 1049 3247 adver-

90 3291 156 3334 sum
171 3275 316 3334 coniecto.
347 3272 450 3353 Neque
465 3273 496 3334 id
511 3274 568 3333 luit
582 3272 699 3340 laisum,
716 3272 794 3348 quod
809 3271 859 3331 ille
874 3274 905 3331 iu
921 3280 1076 3350 pugnamt

89 3358 281 3436 proficiscens
306 3358 432 3418 dixerat.
471 3357 521 3418 Sic
547 3359 627 3418 enim
654 3355 761 3418 Caesar
787 3355 988 3423 existimabat,
1015 3372 1051 3414 eo

88 3441 204 3520 proelio
220 3441 499 3503 excellentissimam
514 3442 655 3502 vlrtutem
668 3440 798 3501 Crastini
810 3440 916 3507 luisse,
925 3441 1055 3516 optime·

89 3543 149 3604 que
165 3543 231 3586 eum
252 3527 288 3586 de
301 3545 335 3587 se
354 3530 496 3588 meritum
518 3524 686 3590 iudicabat.
711 3524 764 3588 Ex
772 3525 969 3605 Pompeiano
983 3533 1073 3577 excu-
1085 3522 1109 3567 ³-

840 3627 879 3680 2⁸
