2356 3870
257 206 370 303 court.
385 247 433 306 m.
455 247 905 306 oar.xxxxv-xxxxvru1.
1015 243 1055 309 91

93 412 183 473 lectis
198 425 221 472 v
236 415 356 472 omnino
371 431 492 474 suorum
508 415 626 474 amissis
635 417 821 493 quietissime
833 431 865 475 se
877 423 1057 494 receperunt

92 495 243 576 pauloque
259 498 335 557 citra
350 515 418 558 eum
440 497 536 558 locum
551 501 659 559 morati
675 498 741 559 aliis
756 499 980 578 comprehensis
996 499 1056 560 col-

93 579 175 641 libus
188 581 371 641 munitiones
386 582 588 660 perfecerunt.

158 662 330 725 XXXXVll.
360 665 431 726 Erat
445 670 520 725 nova
535 673 566 726 et
587 668 727 726 inusitata
748 666 820 727 belli
836 669 914 728 ratio
930 686 997 728 cum
1011 675 1081 729 tott

92 747 284 810 castellorum
298 767 423 810 numero
444 756 586 829 tantoque
603 753 698 828 spatio
721 758 751 811 et
772 753 862 811 tantis
881 753 1055 811 munitioni·

93 831 152 892 bus
168 838 198 892 et
213 839 274 892 toto
290 832 456 894 obsidionis
471 851 596 911 genere,
618 841 681 893 tum
698 836 787 896 etiam
805 834 932 914 reliquis
952 834 1054 896 rebus.

94 915 170 976 Nam
185 918 365 996 quicumque
381 918 509 978 alterum
524 917 664 979 obsidere
679 921 777 978 conati
797 928 880 990 sunt,
902 919 1081 998 perculsost

93 1007 183 1080 atque
205 1002 339 1062 infirmos
364 1002 465 1062 hostes
487 1001 584 1062 adorti
611 1009 660 1062 aut
683 1003 798 1082 proelio
824 1010 978 1082 superatos
1005 1011 1054 1063 aut

93 1084 193 1163 aliqua
215 1085 377 1146 offensione
400 1093 550 1164 permotos
571 1089 797 1156 continuerunt,
825 1105 890 1147 cum
918 1089 976 1166 ipsi
999 1105 1054 1147 nu-

92 1187 178 1230 mero
194 1171 327 1248 equitum
348 1170 535 1249 militumque
556 1178 758 1250 praestarent;
780 1189 868 1233 causa
889 1178 987 1231 autem
1002 1170 1055 1230 ob-

92 1253 219 1314 sidionis
244 1253 317 1314 baec
342 1255 404 1315 lere
431 1272 495 1315 esse
523 1255 689 1325 consuevit,
720 1264 753 1315 ut
777 1256 926 1316 frumento
955 1255 1055 1316 hostes

92 1336 300 1418 prohiberent.
343 1339 380 1399 lt
405 1345 468 1398 tum
497 1341 630 1416 integras
655 1348 742 1418 atque
766 1340 929 1400 incolumes
955 1341 1082 1418 copiasa

93 1423 203 1484 Caesar
227 1422 371 1482 inferiore
397 1423 526 1483 militum
551 1440 677 1483 numero
703 1423 891 1493 continebat,
915 1442 983 1483 cum
1008 1423 1054 1484 illi

94 1508 228 1567 omnium
249 1524 352 1567 rerum
372 1509 458 1585 copia
480 1506 681 1568 abundarent:
702 1509 811 1568 cotidie
832 1510 911 1568 enim
931 1525 1056 1584 magnus
1096 1571 1097 1575 ,

93 1590 226 1670 undique
241 1592 361 1652 navium
375 1609 518 1651 numerus
533 1590 743 1661 conveniebat,
767 1610 842 1671 quae
858 1600 1055 1651 commeatum

94 1673 319 1754 subportarent,
342 1693 439 1754 neque
455 1675 533 1734 ullus
548 1675 621 1735 llare
636 1683 741 1736 ventus
757 1682 887 1754 poterat,
910 1678 983 1753 quin
1003 1675 1054 1734 ali-

92 1776 154 1838 qua
173 1777 210 1819 ex
236 1766 320 1837 parte
343 1759 507 1819 secundum
527 1777 647 1820 cursum
671 1758 827 1819 haberent.
866 1759 933 1837 Ipse
954 1765 1082 1819 autema

94 1844 279 1922 consumptis
295 1842 432 1904 omnibus
446 1844 534 1920 longe
549 1843 667 1922 lateque
682 1844 841 1904 frumentis
856 1845 979 1902 summis
990 1848 1055 1903 erat

92 1929 125 1988 in
146 1929 301 2004 angustiis.
338 1925 397 1987 Sed
417 1935 516 1987 tamen
536 1927 611 1988 haec
626 1927 770 2005 singulari
784 1929 930 2006 patientia
944 1926 1080 1986 militeso

94 2011 243 2074 ferebant.
273 2011 518 2072 Recordabantur
533 2014 623 2083 euim,
641 2012 744 2073 eadem
760 2030 791 2072 se
807 2012 962 2090 superiore
978 2028 1054 2070 anuo

94 2098 127 2156 in
142 2095 285 2173 Hispania
305 2114 463 2175 perpessos
482 2095 584 2157 labore
599 2105 630 2156 et
649 2098 794 2175 patientia
808 2097 970 2156 maximum
992 2093 1054 2155 bel-

93 2179 157 2241 lum
174 2180 354 2250 coniecisse;
375 2182 587 2250 meminerant,
610 2181 647 2240 ad
662 2180 790 2242 Alesiam
804 2197 941 2257 magnam
956 2197 987 2240 se
1008 2180 1054 2238 in·

93 2266 194 2344 opiam
218 2282 392 2344 perpessos,
420 2265 514 2325 multo
539 2267 628 2326 etiam
652 2267 797 2325 maiorem
826 2264 863 2325 ad
886 2265 1053 2332 Avaricum,

32 2380 34 2385 ·
93 2350 290 2410 maximarum
316 2349 448 2426 gentium
469 2351 596 2411 victores
617 2349 799 2410 discessisse.
834 2347 909 2433 Non,
926 2347 985 2408 illis
1005 2355 1082 2420 oro

93 2432 184 2494 deum
198 2451 265 2493 cum
280 2433 411 2502 daretur,
422 2452 481 2494 non
496 2433 646 2510 legumina
657 2432 851 2503 recusabant;
867 2450 959 2510 pecus
973 2449 1053 2500 vero,

92 2518 182 2578 cuius
195 2519 241 2577 rei
262 2535 374 2578 summa
391 2526 456 2579 erat
477 2535 512 2577 ex
527 2517 620 2597 Epiro
641 2519 740 2597 copia,
761 2534 869 2594 magno
889 2517 922 2576 in
941 2515 1055 2575 honore

93 2599 254 2662 habebant.

159 2685 343 2747 XXXXVllI.
373 2685 427 2747 Est
441 2688 529 2747 etiam
551 2704 645 2764 genus
659 2687 769 2748 radicis
783 2688 937 2747 inventum
952 2685 989 2746 ab
1005 2689 1080 2757 iis,1

94 2771 147 2850 qui
168 2770 384 2832 convaluerant
404 2787 442 2832 coo
454 2770 648 2841 uulneribus,
676 2771 755 2850 quod
777 2771 940 2850 appellatur
955 2771 1053 2840 chara,

93 2855 173 2934 quod
186 2854 349 2915 admixtum
355 2854 430 2914 lacte
438 2855 563 2915 multum
572 2856 706 2931 inopiam
715 2853 840 2915 levabat.
857 2854 889 2915 Id
902 2855 937 2913 ad
949 2855 1054 2914 simili·
1079 2903 1081 2907 ,

93 2937 230 2999 tudinem
249 2940 336 3017 panis
358 2938 539 3000 efficiebant.
574 2939 647 2998 Eius
668 2946 733 2999 erat
752 2956 859 3016 magna
879 2941 974 3017 copia.
1008 2938 1080 2999 ΕΠ

92 3021 150 3083 boc
172 3023 293 3083 allectos
312 3041 419 3101 panes,
442 3041 509 3083 cum
529 3024 562 3082 in
583 3022 738 3102 colloquiis
752 3022 925 3101 Pompeiani
945 3023 1055 3083 famem

93 3108 205 3168 nostris
221 3106 416 3177 obiectarent,
430 3107 517 3184 vulgo
532 3109 564 3167 in
577 3125 628 3168 eos
638 3106 797 3176 iaciebant,
809 3116 841 3167 ut
856 3125 939 3185 spem
951 3125 1054 3168 eorum

95 3192 276 3270 minuerent.

156 3273 355 3335 XXXXVllll.
390 3276 510 3355 lamque
532 3278 682 3338 frumenta
704 3284 905 3337 maturescere
926 3278 1076 3356 incipio-t

93 3356 175 3428 bant,
191 3367 279 3439 atque
295 3360 360 3439 ipsa
375 3377 443 3439 spes
457 3363 591 3439 inopiam
606 3360 800 3432 sustentabat,
821 3361 900 3440 quod
915 3360 1053 3420 celeriter

94 3458 125 3502 se
141 3442 295 3504 babituros
310 3445 425 3524 copiam
441 3444 643 3517 confidebant;
665 3445 850 3528 crebraeque
869 3462 962 3506 uoces
976 3444 1059 3503 mili·

92 3533 156 3588 tum
174 3529 208 3586 in
231 3526 340 3604 vigilus
355 3528 573 3614 colloquiisque
597 3531 823 3605 audiebantur,
843 3533 938 3616 prius
956 3545 995 3590 se
1010 3526 1101 3585 cor-l
