2356 3870
165 219 205 284 86
483 216 522 272 llll
538 215 641 272 bibio
657 214 795 272 clinico

136 388 246 449 orent,
259 380 434 459 praecipites
446 377 545 438 hostes
557 390 690 455 egerunt,
702 394 869 455 magnoque
881 394 984 438 eorum
996 394 1124 440 numero
1154 405 1161 413 ·

165 465 322 524 interiecto
342 478 440 538 neque
460 463 507 522 sui
522 456 678 539 colligendi
696 479 794 538 neque
815 460 994 521 consistendi
1015 471 1066 522 aut
1087 479 1122 522 ex

136 551 153 604 b
165 546 277 608 essedis
291 545 444 606 desiliendi
458 545 627 606 facultatem
642 545 796 606 dederunt.
834 543 877 605 Ex
891 543 946 604 hac
968 545 1037 622 luga
1051 562 1109 623 pro

164 637 258 696 tinus,
287 647 361 706 quae
386 630 516 706 undique
542 641 755 696 convenerant,
783 627 889 688 auxilia
911 627 1123 698 discesserunt,

164 730 263 790 neque
283 723 352 791 post
371 712 401 772 id
422 723 538 791 tempus
556 729 696 788 umquam
716 714 839 772 somniis
859 711 1014 772 nobiscum
1030 712 1125 790 copiIs

164 791 266 857 hostes
285 795 512 857 contenderunt.

139 888 151 938 1
227 869 328 940 XVIII.
358 879 465 940 Caesar
484 879 602 955 cognito
623 877 746 938 consilio
768 896 872 939 eorum
888 878 924 939 ad
939 877 1051 938 flumen
1066 878 1124 939 Ta·

164 965 269 1024 mosim
290 965 321 1023 in
341 964 414 1022 fines
436 961 644 1024 Cassivellauni
664 963 826 1022 exercitum
847 961 945 1029 durit;
967 959 1047 1038 quod
1068 960 1123 1022 llu-

164 1064 234 1106 men
249 1064 310 1107 uno
325 1046 444 1106 omnino
459 1045 525 1105 loco
539 1045 680 1123 pedibus,
702 1043 863 1121 atque-hoc
877 1063 981 1122 aegre,
1003 1045 1125 1105 transiri

136 1137 271 1208 apotest.
296 1129 338 1188 Eo
351 1147 418 1188 cum
430 1131 573 1196 venisset,
589 1130 719 1188 animum
731 1129 870 1198 advertit,
886 1127 923 1188 ad
934 1127 1057 1188 alteram
1069 1126 1123 1189 llu-

137 1214 253 1272 3minis
267 1213 362 1290 ripam
377 1228 497 1288 magnas
513 1229 577 1271 esse
593 1213 693 1290 copias
707 1210 838 1272 hostium
852 1215 1020 1272 instructas.
1049 1209 1126 1290 Ripa

164 1304 264 1355 autem
284 1305 348 1355 erat
367 1297 461 1355 acutis
480 1294 603 1355 sudibus
624 1295 761 1373 praefixis
781 1297 909 1365 munita,
931 1294 1126 1370 eiusdemque

136 1380 284 1455 ageneris
304 1376 359 1438 sub
380 1394 456 1454 aqua
476 1378 588 1438 defixae
609 1377 698 1438 sudes
712 1377 834 1439 flumine
849 1377 1034 1455 tegebantur.
1073 1376 1126 1438 llis

164 1462 255 1522 rebus
282 1463 406 1537 cognitis
431 1479 448 1520 a
468 1461 590 1538 captivis
615 1462 808 1540 perfugisque
829 1462 936 1522 Caesar
960 1462 1126 1541 praemisso

136 1547 296 1620 aequitatu
317 1545 471 1604 confestim
497 1543 629 1620 legiones
649 1544 791 1621 subsequi
809 1545 903 1605 iussit.
942 1542 1000 1604 Sed
1022 1562 1057 1604 ea
1077 1561 1125 1604 ce·

164 1627 280 1687 leritate
301 1636 390 1704 atque
410 1646 445 1687 eo
466 1628 579 1706 impetu
600 1627 708 1688 milites
722 1631 835 1697 ierunt,
859 1646 926 1688 cum
946 1628 1042 1706 capite
1062 1625 1125 1687 solo

165 1729 201 1770 er
228 1727 303 1787 aqua
326 1720 475 1779 extarent,
510 1720 543 1771 ut
567 1709 668 1771 hostes
692 1713 836 1789 impetum
861 1710 1012 1788 legionum
1036 1719 1127 1787 atque

165 1796 298 1870 equitum
313 1795 461 1854 sustInere
476 1812 536 1854 non
556 1807 679 1872 possent
692 1796 832 1873 ripasque
846 1793 1030 1855 dimitterent
1045 1811 1079 1854 ac
1093 1811 1127 1854 se

164 1879 251 1953 fugae
267 1878 449 1937 mandarent.

138 1966 148 2014 ι
227 1959 338 2020 XVIIII.
387 1958 636 2026 Cassivellaunus,
669 1969 702 2019 ul
731 1978 821 2038 supra
849 1959 1126 2029 demonstraturus,

166 2044 246 2102 omni
266 2042 399 2121 deposita
420 2061 472 2120 spe
488 2045 699 2112 contentionis,
721 2041 849 2103 dimissis
867 2042 1060 2122 amplioribus
1075 2061 1126 2102 co·

165 2127 236 2203 pils,
259 2125 378 2185 mllibus
399 2127 517 2186 clrciter
537 2134 676 2202 quattuor
692 2127 909 2187 essedariorum
929 2126 1057 2195 relictis,
1078 2128 1124 2186 iti·

164 2225 237 2268 nera
253 2217 354 2268 nostra
369 2207 504 2271 servabat
515 2210 696 2286 paulumque
711 2211 805 2269 ervia
819 2208 980 2270 excedebat
993 2209 1128 2286 locisque

164 2291 314 2370 impeditis
329 2309 363 2351 ac
378 2291 561 2352 silvestribus
576 2311 641 2352 sese
656 2292 822 2352 occultabat
842 2301 930 2369 atque
946 2294 983 2352 iis
996 2294 1126 2370 regioni·

165 2373 236 2443 bus,
259 2373 367 2450 quibus
387 2393 441 2435 nos
460 2377 517 2435 iter
537 2377 667 2436 facturos
688 2384 879 2452 cognoverat,
906 2394 1016 2454 pecora
1038 2385 1128 2452 atque
1149 2422 1152 2426 .

137 2456 300 2518 rhamnos
320 2475 356 2518 ex
378 2459 456 2535 agris
470 2459 501 2517 in
516 2458 603 2518 silvas
618 2457 816 2537 compellebat
830 2467 873 2528 et,
896 2477 964 2520 oum
979 2461 1128 2536 equitatus

166 2550 267 2601 noster
287 2541 410 2602 llberius
430 2541 592 2620 praedandi
611 2542 803 2619 vastandique
825 2560 913 2602 causa
934 2560 967 2602 se
987 2544 1018 2603 in
1038 2558 1128 2619 agros

166 2627 309 2694 eiecerat,
342 2624 478 2685 omnIbus
508 2625 562 2685 viis
593 2626 764 2702 semitisque
793 2625 958 2686 essedarios
984 2644 1020 2685 ex
1046 2624 1128 2686 silrIs

167 2708 319 2768 emittebat
334 2718 363 2768 et
378 2726 484 2786 magno
500 2726 568 2768 cum
578 2707 712 2787 pericrdo
723 2719 895 2769 nostrorum
910 2710 1043 2786 equitum
1058 2726 1127 2769 cum

166 2793 202 2850 iis
224 2791 400 2868 confligebat
420 2801 508 2868 atque
529 2789 585 2851 hoc
604 2800 686 2852 metu
712 2791 800 2852 latius
819 2793 919 2869 vagari
938 2790 1124 2871 prohibebat.

138 2875 414 2950 allelinquebatur,
432 2886 465 2936 ut
478 2891 576 2951 neque
591 2874 707 2953 lonqus
723 2875 758 2935 ab
774 2874 891 2953 agmine
902 2873 1052 2952 legionum
1066 2874 1125 2935 dis·

167 2959 231 3018 cedi
247 2957 353 3019 Caesar
367 2967 535 3036 pateretur,
553 2969 582 3017 et
596 2968 710 3018 tantum
724 2959 756 3018 in
771 2960 848 3036 agris
864 2957 1009 3019 vastandis
1024 2960 1125 3019 incen-

173 3042 281 3116 liisque
296 3041 438 3101 iacIendis
453 3041 588 3102 hostibus
610 3049 783 3111 noceretur,
806 3049 948 3119 quantum
963 3040 1067 3103 labore
1082 3048 1125 3102 at·

169 3141 225 3199 que
239 3124 345 3184 itinere
359 3123 513 3201 legionarii
527 3123 634 3184 milites
650 3125 767 3184 efficere
782 3135 928 3203 poterant

140 3230 152 3265 ι
228 3205 289 3266 XX.
327 3206 447 3267 Interim
472 3207 685 3278 Trinobantes,
711 3226 806 3286 prope
831 3209 997 3269 IlrmissIma
1023 3225 1125 3268 earum

166 3291 322 3366 reglonum
343 3291 458 3359 civitas,
481 3309 516 3350 ex
539 3308 596 3368 qua
610 3290 837 3352 Mandubracius
858 3290 1031 3352 adulescens
1053 3291 1124 3352 Cac-

168 3378 243 3434 saris
256 3372 345 3433 tidem
360 3384 480 3434 secutus
500 3373 535 3434 ad
557 3392 624 3434 eum
639 3377 669 3434 in
685 3377 884 3435 continentem
899 3373 1022 3435 Galliam
1038 3391 1124 3435 vene·

167 3466 227 3523 rat.
250 3458 334 3518 cuius
353 3468 438 3540 pater
457 3460 489 3520 in
510 3474 543 3518 ea
563 3458 679 3518 civitate
699 3475 825 3536 regnum
841 3458 1012 3520 obtinuerat
1031 3459 1118 3521 inter
