2356 3870
351 229 449 287 corni.
466 229 506 286 lll.
523 230 591 285 GAP.
608 228 745 286 ill-Vlll.
986 232 1025 290 49
1112 290 1121 307 .

67 393 189 454 territos
203 393 234 452 in
249 393 349 470 lugam
364 394 513 454 coniciunt
528 409 562 452 ac
574 410 612 452 ne
627 391 658 452 in
668 391 740 452 locis
756 392 875 469 quidem
889 393 1024 472 superio·

11 536 15 546 ,
65 476 151 538 ribus
172 478 334 536 consistere
353 478 513 555 patiuntur.
553 476 601 535 Sic
622 475 758 536 omnibus
778 474 907 536 hostium
935 478 1056 555 copiist

65 560 141 620 fusis
156 559 306 636 armisque
322 561 416 620 exutis
432 577 464 619 se
478 560 510 618 in
525 565 620 619 castra
640 561 878 636 munitionesque
893 578 961 620 suas
976 577 1024 619 re·

65 644 189 721 cipiunt.
228 642 293 713 Quo
308 643 422 721 proelio
437 643 530 711 iacto,
554 642 632 719 quod
654 644 771 721 saepius
785 643 935 704 fortunam
950 650 1024 702 tem·
1041 650 1056 697 s

64 733 151 804 ptare
159 724 248 785 Galba
260 725 378 787 uolebat
389 732 478 802 atque
489 724 545 785 alio
557 743 590 785 se
601 727 631 785 in
642 724 765 786 hiberna
777 725 899 786 consilio
910 728 1025 786 venisse

65 810 252 878 meminerat,
265 808 328 868 aliis
340 811 506 869 occurrisse
517 807 608 869 rebus
619 808 739 876 viderat,
748 810 874 868 maxime
884 809 1025 876 frumenti

65 898 309 969 commeatusque
324 893 423 971 inopia
441 899 595 970 permotus
609 897 731 970 postero
747 891 794 951 die
809 890 946 952 omnibus
962 893 1026 951 eius

64 976 122 1034 vici
137 974 276 1035 aediliciis
290 976 419 1035 incensis
433 976 464 1034 in
479 976 659 1053 provinciam
673 976 783 1034 reverti
803 974 970 1042 contendit,
994 982 1056 1034 act

64 1056 149 1119 nullo
163 1056 248 1118 hoste
263 1056 440 1137 prohibente
460 1066 511 1117 aut
531 1058 588 1118 iter
603 1057 775 1118 demorante
789 1057 968 1119 incolumem
982 1056 1024 1117 le-

63 1143 185 1218 gionem
206 1141 236 1200 in
251 1140 418 1210 Nantuatis,
439 1140 508 1200 inde
529 1141 560 1200 in
574 1139 746 1218 Allobroges
765 1141 905 1219 perduxit
924 1140 1026 1217 ibique

63 1223 213 1283 hiemavit.
614 1277 616 1282 ,

130 1306 190 1366 Vll.
215 1307 267 1367 llis
287 1305 376 1367 rebus
398 1308 488 1384 gestis
510 1324 577 1366 cum
599 1305 735 1366 omnibus
756 1306 793 1367 de
808 1309 905 1368 causis
921 1307 1051 1366 Caesari

63 1396 199 1467 pacatam
221 1389 342 1456 Galliam
368 1391 563 1456 existimaret,
591 1393 738 1466 superatis
758 1389 873 1468 belgis,
897 1390 1025 1468 expulsis

64 1471 230 1541 Germanis,
247 1474 329 1532 victis
343 1474 375 1532 in
389 1471 511 1552 Alpibus
527 1471 668 1541 Sedunis,
684 1480 774 1548 atque
788 1475 827 1533 ita
842 1475 912 1534 inita
928 1472 1025 1532 hieme

63 1556 96 1614 in
116 1552 266 1634 illyricum
286 1555 439 1634 proiectus
461 1560 553 1623 esset,
581 1555 660 1630 quod
682 1573 730 1615 eas
752 1573 870 1632 quoque
890 1557 1025 1616 nationes

64 1637 148 1698 adire
165 1644 193 1697 et
207 1640 345 1715 regiones
365 1655 545 1715 cognoscere
565 1635 695 1706 volebat,
718 1637 849 1697 subitum
869 1636 980 1697 bellum
994 1639 1025 1697 in

64 1719 158 1780 Gallia
173 1728 309 1781 coortum
325 1728 378 1782 est
416 1721 488 1781 Eius
502 1719 572 1780 belli
586 1718 659 1779 haec
681 1721 737 1780 luit
757 1739 852 1781 causa.
891 1721 922 1780 P.
941 1721 1056 1781 Cras-2

63 1821 116 1863 sus
131 1801 306 1864 adulescens
322 1822 389 1864 cum
404 1803 520 1881 legione
532 1804 655 1880 septima
670 1805 824 1880 proximus
839 1821 920 1863 mare
934 1803 1024 1864 Ocea·

63 1904 137 1945 num
157 1887 189 1945 in
203 1885 336 1946 Andibus
356 1886 507 1947 biemarat.
552 1885 595 1954 is,
619 1885 697 1962 quod
717 1888 748 1945 in
768 1885 814 1946 his
834 1885 908 1946 loeis
927 1887 1056 1966 inopiae

63 1968 207 2029 frumenti
223 1977 300 2038 erat,
321 1970 487 2048 praefectos
508 1967 703 2044 tribunosque
724 1969 850 2029 militum
865 1969 1024 2047 conplures

61 2051 93 2111 in
108 2051 247 2112 finitimas
268 2053 399 2112 civitates
418 2051 561 2112 frumenti
582 2069 668 2110 causa
690 2052 814 2120 dimisit;
838 2070 896 2129 quo
916 2053 947 2112 in
969 2061 1055 2112 nu·t

61 2151 147 2194 mero
162 2141 207 2194 est
217 2135 301 2196 'litus
313 2135 498 2197 Terrasidius
509 2135 617 2194 missus
631 2136 662 2194 in
673 2135 808 2204 Esubios,
822 2136 937 2196 Marcus
949 2137 1022 2195 Tre·

60 2216 130 2278 hius
146 2216 247 2279 Gallus
262 2219 293 2277 in
308 2217 506 2286 Guriosoiitas,
524 2217 650 2288 Quintus
663 2217 798 2278 Velanius
814 2237 881 2279 cum
893 2218 960 2277 Tito
977 2219 1021 2277 Si·

60 2299 100 2360 llo
115 2303 148 2360 iu
164 2301 299 2361 Venetos.

126 2382 201 2443 v111.
225 2383 320 2444 Huius
343 2390 387 2444 est
408 2384 530 2443 civitatis
550 2381 638 2459 longe
659 2382 838 2461 amplissima
863 2386 1050 2444 auctoritast

60 2467 159 2526 omnis
175 2484 245 2526 orae
259 2467 422 2527 maritimae
437 2467 591 2542 regionum
607 2483 717 2533 earum,
731 2465 810 2541 quod
826 2473 854 2525 et
866 2485 953 2526 naves
969 2465 1020 2526 ba·

59 2548 133 2609 bent
149 2550 254 2609 Veneti
269 2549 420 2628 plurimas,
435 2549 541 2626 quibus
555 2549 587 2608 in
602 2549 784 2609 Britanniam
798 2551 935 2626 navigare
950 2569 1021 2610 con·

59 2631 203 2701 suerunt,
221 2640 251 2692 et
264 2634 385 2692 scicntia
400 2639 488 2708 atque
503 2651 559 2692 usu
575 2633 760 2691 nauticarum
775 2651 876 2692 rerum
890 2633 1021 2710 reliquos

60 2714 241 2776 antecedunt
257 2717 330 2775 etin
345 2733 450 2792 magno
466 2717 578 2795 impetu
598 2716 689 2776 maris
704 2721 793 2791 atque
808 2722 925 2794 aperto,
947 2735 1020 2794 pau·

60 2799 101 2859 cis
117 2796 256 2877 portibus
269 2799 446 2867 interiectis,
464 2817 537 2875 quos
554 2805 657 2859 tenent
671 2799 741 2875 ipsi,
759 2816 861 2857 omnes
877 2800 953 2866 iere,
971 2799 1022 2875 qui

61 2899 94 2941 eo
110 2882 189 2941 mari
203 2882 247 2940 uti
262 2888 456 2950 consuerunt,
473 2880 583 2941 babent
597 2880 763 2957 vectigales.
801 2878 844 2940 Ab
859 2879 905 2940 his
920 2882 952 2942 tit
966 2883 1021 2941 ini·
1037 2892 1052 2940 2

60 2965 131 3024 tium
148 2964 298 3024 retinendi
314 2964 377 3024 Silii
399 2971 486 3041 atque
502 2963 629 3032 Velanii,
652 2962 730 3039 quod
750 2981 805 3041 per
826 2981 876 3024 eos
897 2982 968 3025 suos
989 2985 1022 3026 se

60 3045 189 3115 obsides,
207 3047 392 3124 quosGrasso
405 3046 563 3115 dedissent,
571 3049 791 3125 reciperaturos
804 3047 1019 3110 existimabant.

60 3129 175 3191 ilerum
190 3132 366 3191 auctoritate
380 3131 497 3190 finitimi
510 3130 644 3199 adducti,
667 3136 699 3189 ut
714 3137 783 3189 sunt
798 3129 949 3191 Gallorum
970 3150 1019 3192 su·
1036 3139 1051 3190 3

59 3210 117 3279 bita
130 3220 161 3272 et
176 3215 330 3292 repentina
346 3214 475 3282 consilia,
493 3212 596 3273 eadem
612 3213 648 3273 de
664 3230 750 3273 causa
765 3213 907 3273 Trebium
913 3215 1020 3274 Terra·

60 3297 229 3374 sidiumque
250 3298 395 3366 retinent,
418 3305 447 3357 et
470 3297 608 3357 celeriter
628 3297 725 3356 missis
748 3295 852 3372 legatis
872 3317 927 3376 per
951 3316 1021 3358 suos

61 3382 212 3460 principes
226 3381 304 3442 inter
319 3398 352 3441 se
367 3383 536 3447 coniurant,
557 3379 631 3439 nihil
652 3381 710 3440 nisi
730 3381 883 3442 communi
901 3380 1029 3442 consibo

10 3538 13 3551 Ι
61 3466 180 3525 acturos
202 3464 386 3541 eundemque
405 3465 500 3525 omnis
518 3464 660 3529 fortunae
684 3467 801 3532 exitum
822 3487 893 3532 esse
908 3466 1049 3532 laturos.

10 3558 13 3591 ἕ
95 3577 118 3610 c.
134 3576 191 3609 ron.
211 3575 320 3612 cusas.
862 3563 886 3626 4
