2356 3870
469 205 676 260 EPISTULAE.
998 202 1057 267 139

93 362 168 432 tuis,
190 358 328 434 penicillo
351 375 426 417 meo.
472 355 530 416 Sed
554 357 624 434 quid
651 357 728 435 ago?
773 357 858 430 Quod
885 359 957 420 mihi
983 363 1057 420 tem·

93 465 163 523 pus,
195 447 306 505 Romae
337 447 526 521 praesertim,
557 448 593 503 ut
622 447 679 506 iste
706 466 753 506 me
784 451 883 524 rogat,
915 450 1056 524 manenti,

93 554 219 593 vacuum
242 533 428 594 ostenditur?
443 565 485 574 -
510 534 682 593 Trebatium
704 534 783 611 quod
805 537 843 595 ad
866 556 898 597 se
915 538 1055 612 miserim,

93 624 224 697 persalse
252 626 283 681 et
309 622 477 681 humaniter
505 622 595 680 etiarn
621 623 734 697 gratias
761 624 834 682 mihi
861 625 937 700 agit:
966 629 1057 700 negat

93 711 174 769 enirn
195 711 227 768 in
250 711 334 768 'tanta
347 709 537 768 multitudine
552 729 665 783 eorum,
688 712 740 786 qui
763 704 942 787 nudassent,
957 733 1057 788 quem-

95 817 184 875 quam
207 799 307 872 fuisse,
330 799 382 872 qui
395 797 596 856 vadimonium
609 799 761 874 concipere
782 805 890 874 posset.
905 831 947 840 -
961 801 1056 874 Epist

101 886 174 954 VII,
190 890 219 959 8,
235 889 263 944 1.
299 885 423 962 Scripsit
435 885 474 944 ad
487 905 534 945 me
551 882 660 945 Caesar
681 888 911 961 perhumaniter,
924 889 1055 947 nondum

93 977 125 1034 te
142 972 172 1049 [i.
188 995 213 1033 e.
229 971 407 1051 Trebatium]
423 973 480 1034 sibi
504 973 575 1033 satis
590 992 655 1033 esse
677 974 854 1035 familiarem
876 978 997 1051 propter
1012 993 1058 1036 oc·

95 1063 265 1138 cupationes
280 1080 357 1134 suas,
368 1063 420 1121 sed
434 1065 513 1121 certe
526 1062 590 1122 fore
600 1094 651 1121 -.
668 1066 717 1135 17,
733 1067 762 1122 2.
785 1082 904 1123 —cum
917 1065 1057 1136 riderem,

94 1171 143 1210 me
162 1150 320 1210 aansare
342 1149 635 1210 honorificentissime
656 1152 779 1211 tractari
802 1155 833 1212 et
855 1153 940 1212 unice
963 1152 1056 1228 diligi,

95 1239 282 1315 hominisque
296 1240 504 1299 liberalitatem
518 1240 719 1299 incredibilem
733 1243 764 1300 et
778 1241 959 1316 singularem
967 1240 1057 1300 fidem

95 1346 226 1401 nossem,
249 1328 290 1386 sic
313 1329 341 1386 ei
363 1331 393 1387 te
416 1328 617 1388 commendavi
630 1331 661 1387 et
681 1328 804 1403 tradidi,
827 1330 862 1387 ut
882 1329 1056 1404 gravissime

96 1415 381 1493 diligentissimeque
402 1418 499 1491 potui:
523 1417 602 1492 quod
623 1417 674 1475 ille
696 1417 784 1476 itaet
806 1418 918 1492 aceepit
932 1420 963 1476 et
983 1417 1057 1475 mihi

96 1523 184 1580 saepe
206 1505 315 1563 litteris
339 1505 529 1579 significavit,
553 1508 583 1564 et
605 1505 661 1565 tibi
684 1508 713 1564 et
736 1506 835 1565 verbis
854 1509 885 1564 et
906 1525 939 1564 re
962 1508 1057 1564 osten·

96 1594 154 1665 dit,
177 1611 244 1651 mea
265 1593 517 1653 commendatione
540 1609 604 1651 sese
626 1593 712 1651 valde
735 1611 799 1652 esse
813 1597 999 1652 commotum.
1014 1624 1056 1633 -

96 1682 127 1748 I,
152 1684 180 1754 9,
205 1684 253 1740 19.
288 1681 333 1740 De
355 1679 476 1738 Vatinio
500 1711 542 1720 -
564 1680 694 1754 primum
714 1681 828 1740 reditus
850 1681 1059 1751 intercesserat

97 1770 129 1827 in
156 1770 284 1844 gratiam
311 1789 365 1844 per
385 1768 571 1844 Pompeium,
599 1769 700 1826 statim
727 1772 762 1827 ut
787 1769 839 1826 ille
865 1771 984 1844 praetor
1013 1772 1059 1827 est

97 1857 202 1915 factus,
238 1857 310 1916 Post
332 1859 432 1915 autem
447 1855 593 1929 Caesaris,
615 1859 650 1915 ut
671 1857 757 1914 illum
769 1856 964 1928 defenderem,
983 1857 1059 1914 mira

98 1945 246 2004 eontentio
270 1948 316 2004 est
344 1947 508 2004 consecuta.
532 1975 574 1985 -
603 1944 643 2004 ad
665 1944 697 2017 Q.
720 1946 758 2017 fr.
781 1945 830 2012 II,
856 1946 895 2004 15
921 1941 1006 2020 [16],
1030 1945 1058 2002 5.

98 2032 157 2091 Sed
178 2034 251 2091 heus
274 2035 322 2106 tu,
345 2033 434 2092 celari
456 2033 558 2093 videor
580 2051 598 2090 a
620 2035 664 2091 te:
688 2034 915 2108 quomodonam,
938 2033 979 2090 mi
1002 2033 1059 2090 lra-

97 2124 158 2193 ter,
180 2121 217 2180 de
238 2121 349 2197 nostris
371 2122 506 2181 versibus
529 2118 658 2180 Caesar?
699 2121 778 2179 Nam
799 2121 927 2197 primum
950 2121 1060 2179 librum

99 2209 262 2284 selegisse
286 2210 403 2285 scripsit
425 2210 463 2268 ad
485 2229 533 2269 me
556 2211 638 2281 ante,
662 2211 693 2268 at
713 2209 809 2284 prima
832 2210 886 2283 sic,
913 2212 948 2268 ut
970 2211 1061 2284 neget

99 2315 131 2356 se
153 2316 190 2357 ne
205 2296 317 2356 Graeca
340 2298 459 2373 quidem
481 2298 604 2356 meliora
626 2297 748 2372 legisse,
770 2297 886 2373 reliqua
909 2297 948 2355 ad
970 2316 1060 2371 quen-

98 2385 167 2443 dam
188 2386 287 2443 locum
310 2379 515 2462 ρᾳθυμότεραε
538 2387 593 2444 hoc
617 2385 695 2443 enim
708 2386 803 2444 utitur
815 2386 914 2444 verbo.
930 2415 972 2424 -
990 2384 1059 2449 III,

101 2477 128 2544 1,
153 2475 181 2545 3,
207 2475 248 2531 10
270 2475 309 2531 ia.
354 2472 399 2529 De
421 2472 575 2530 tribunatu
597 2473 676 2547 quod
699 2472 816 2544 scribis,
840 2489 895 2548 ego
917 2489 989 2529 uero
1011 2488 1061 2528 no-

97 2561 235 2619 minatim
257 2559 350 2634 petivi
373 2557 488 2632 Curtio,
517 2562 547 2619 et
569 2560 642 2619 mihi
664 2559 727 2634 ipse
751 2558 860 2619 Caesar
886 2558 1061 2617 nominatim

99 2647 203 2706 Curtio
225 2650 363 2721 paratum
377 2664 440 2705 esse
462 2647 615 2722 rescripsit
636 2665 790 2723 meamque
813 2648 845 2705 in
866 2647 999 2722 rogando
1013 2663 1063 2704 ve·
1160 2678 1163 2685 ·

98 2735 268 2793 recundiam
282 2735 457 2810 obiurgavit.
473 2764 513 2774 ·-
529 2733 637 2794 aedo.
648 2735 736 2801 IIII,
754 2737 802 2806 16,
818 2737 846 2793 7.
862 2730 941 2808 [13]
966 2764 1008 2774 -
1027 2751 1063 2791 ex

99 2821 202 2880 fratris
224 2822 333 2881 litteris
355 2822 540 2882 incredibilia
562 2822 708 2897 quaedam
732 2823 771 2895 de
794 2820 929 2880 Caesaris
956 2821 987 2878 in
1014 2839 1062 2879 me

99 2926 199 2968 amore
227 2909 364 2984 cognovi,
396 2927 490 2985 eaque
518 2919 587 2968 sunt
618 2909 711 2983 ipsius
739 2907 873 2967 Caesaris
905 2907 1063 2967 uberrimis

98 2997 208 3057 litteris
236 2997 416 3056 confirmata.
466 2997 631 3056 Britannici
657 2996 728 3056 belli
756 2996 851 3055 exitus
879 2999 1062 3072 expectatur:

103 3092 223 3150 constat
237 3089 328 3162 enim,
346 3087 446 3146 aditus
464 3085 582 3145 insulae
596 3103 661 3145 esse
674 3085 804 3146 munitos
821 3087 952 3148 mirificis
970 3091 1054 3149 moli-

102 3178 167 3236 bus.
190 3177 292 3236 Etiam
305 3176 382 3234 illud
394 3175 455 3233 iam
469 3174 622 3250 cognitum
636 3177 692 3248 est,
704 3192 800 3251 neque
812 3177 930 3252 argenti
943 3177 1053 3255 scripu-

103 3267 166 3324 lum
181 3283 247 3324 esse
260 3265 357 3323 ullum
374 3264 406 3322 in
423 3263 477 3321 illa
495 3261 594 3321 insula
606 3280 703 3338 neque
716 3262 810 3320 ullam
823 3281 907 3338 spem
925 3266 1052 3341 praedae

102 3353 162 3411 nisi
180 3372 215 3412 ex
232 3352 386 3429 mancipiis
404 3382 453 3410 -.
477 3352 517 3410 ud
530 3349 562 3424 Q.
576 3351 615 3424 [ν.
628 3350 698 3417 III,
714 3352 742 3424 1,
756 3351 785 3424 5,
802 3353 852 3412 17.
879 3350 955 3411 Cum
976 3354 1053 3414 hanc

101 3442 162 3500 iam
185 3441 344 3516 epistulam
367 3439 577 3515 conplicarem,
600 3437 752 3497 tabellarii
769 3455 788 3496 a
804 3439 889 3499 vobis
906 3446 1058 3500 venerunt

103 3545 130 3588 a.
145 3528 172 3586 d.
188 3546 228 3586 xr.
242 3528 308 3587 Kal.
327 3526 395 3604 [int.
411 3524 484 3604 oa]
507 3526 651 3588 vicesimo
675 3525 735 3588 die.
769 3523 870 3588 (lma
891 3525 1085 3586 somonam.
