2356 3870
118 209 161 275 20
436 214 484 269 DE
505 213 619 269 BELLO
642 212 751 269 CIVILI
838 229 841 233 ’

119 385 206 443 ritate
221 380 404 460 praesidium
419 397 455 440 ex
470 380 547 440 saltu
559 379 668 441 deiecit
683 380 856 458 magnisque
868 378 1028 441 itineribus
1039 379 1076 441 ad

121 469 285 528 exercitum
300 465 412 524 Afranii
428 463 591 524 contendit.

95 560 110 608 1
184 548 343 611 XXXVIII.
372 547 553 609 adventui.
569 546 692 608 Vibullii
705 546 782 616 Ruli,
798 565 887 626 quem
902 566 919 608 a
934 546 1077 628 Pompeio

120 636 244 695 missum
258 635 290 693 in
305 632 478 711 Hispaniam
494 631 728 693 demonstratum
743 638 802 702 est,
819 631 961 692 Afranius
976 639 1007 692 et
1021 633 1077 693 Pe·

120 720 214 779 treius
229 725 260 778 et
274 717 376 787 Varro,
397 717 488 793 legati
504 716 642 795 Pompei,
664 733 789 796 quorum
812 732 889 776 unus
904 715 1079 794 Hispaniam

121 803 319 863 citerioremt
306 798 406 863 tribus
421 797 599 879 bytooibcs,
615 818 637 861 a
637 794 695 861 lter
708 796 886 861 oltedorem
901 818 918 860 a
933 799 1010 860 saltu
1022 800 1078 862 Ca·

120 887 286 947 stulonensi
311 885 460 945 adduam
482 884 596 945 duabus
617 883 801 962 legionibus,
824 885 931 944 tertius
954 883 992 944 ab
1015 886 1079 945 Aua

123 971 282 1032 Vettonum
303 987 407 1046 agrum
428 969 669 1047 Lusitaniamque
694 970 759 1046 pari
782 985 906 1028 numero
928 968 1080 1045 legionum

93 1053 288 1122 aobtinebat,
304 1054 402 1114 officia
418 1055 497 1113 inter
512 1070 544 1112 se
558 1054 738 1131 partiuntur,
759 1053 804 1112 uti
818 1051 953 1112 Petreius
968 1070 1004 1112 ex
1019 1053 1079 1113 Lu·

121 1141 228 1200 sitania
249 1155 304 1217 per
324 1138 465 1201 Vettones
485 1154 553 1196 cum
576 1133 715 1197 omnibus
740 1137 835 1214 copiis
860 1135 896 1196 ad
923 1136 1080 1197 Afranium

120 1223 341 1303 proficiscatur,
368 1221 461 1281 Varro
480 1238 548 1280 cum
569 1222 623 1290 iis,
649 1237 723 1298 quas
743 1218 886 1289 babebat,
910 1219 1080 1298 legionibus

62 1385 64 1389 ι
96 1317 241 1368 aomuem
256 1306 429 1367 ulteriorem
444 1305 618 1382 HispanIam
635 1311 762 1364 tueatur.
798 1303 852 1363 His
865 1302 958 1365 rebus
969 1306 1080 1365 cousti-

121 1395 194 1452 tntis
208 1392 323 1470 equites
337 1389 506 1467 anulliaque
521 1391 576 1448 toti
590 1389 760 1449 Lusitaniae
777 1388 935 1459 aPetreio,
950 1387 1079 1449 Celtibe·

122 1478 201 1545 riae,
225 1472 381 1536 Cantabris
403 1471 599 1553 barbarisque
619 1471 772 1541 omnibus,
794 1474 845 1551 qui
871 1472 908 1532 ad
929 1471 1081 1533 Oceanum

100 1561 280 1639 spertineut,
298 1557 335 1619 ab
351 1558 473 1618 dlranio
487 1559 682 1635 imperantur.
718 1555 833 1626 Quibus
848 1558 960 1617 coactis
974 1556 1080 1618 celeri-

121 1652 168 1706 ter
182 1644 320 1705 Petreius
333 1659 388 1721 per
399 1641 540 1702 Vettones
555 1641 591 1702 ad
606 1641 760 1702 Afranium
776 1642 921 1719 pervenit,
936 1643 1080 1702 constitu·

120 1735 233 1808 untque
258 1728 407 1788 communi
433 1725 572 1796 consilio,
602 1724 713 1786 bellum
741 1724 779 1786 ad
803 1724 932 1786 Ilerdam
956 1733 1081 1805 propter

122 1815 219 1894 ipsius
232 1811 289 1872 loci
306 1815 555 1890 opportunitatem
570 1827 687 1887 gerere.

96 1906 110 1954 t
184 1895 354 1957 XXXVIIII.
377 1895 478 1964 Erant,
492 1900 525 1954 ut
536 1911 626 1973 supra
637 1894 871 1955 demonstratum
883 1901 937 1964 est,
948 1892 1082 1970 legiones

121 1982 234 2044 dlranii
241 1993 292 2048 111,
300 1979 400 2040 Petrei
416 1979 501 2047 duae,
516 1985 673 2057 praeterea
686 1984 817 2039 scutatae
832 1974 999 2059 [citerioris
1010 1995 1080 2057 pro-

121 2061 251 2144 vinciae]
274 2070 305 2123 et
325 2069 455 2124 cetratae
477 2060 644 2142 [ulterioris
666 2059 842 2142 Hispaniae]
865 2063 1002 2123 cohortes
1022 2065 1081 2124 cir·

123 2152 198 2209 citer
218 2159 315 2206 Lxxx
340 2149 532 2226 equitumque
559 2143 729 2226 [utriusque
748 2143 936 2226 provinciae]
959 2147 1082 2207 circiter

95 2240 146 2293 av
161 2232 253 2292 milia.
283 2230 391 2292 Caesar
410 2231 572 2308 legiones
563 2248 595 2290 ιιι
610 2231 783 2310 Hispaniam
803 2231 999 2310 praemiserat
1016 2227 1079 2311 [ad]

123 2331 160 2378 vr
175 2312 298 2397 lmilia]
341 2314 457 2377 bouilla
477 2315 650 2394 peditumr
668 2315 767 2395 milia,
787 2317 921 2394 equitum
936 2328 977 2375 111
998 2314 1082 2375 milia

123 2399 263 2462 omnibus
277 2398 482 2498 superioribus
503 2398 590 2460 bellis
609 2398 755 2461 habuerat
769 2407 799 2460 et
813 2417 918 2478 parem
935 2417 971 2460 ex
988 2399 1082 2460 Gallia

123 2502 295 2553 numerum,
316 2502 403 2563 quam
425 2486 488 2562 ipse
508 2491 681 2562 pacaverat,
702 2486 877 2545 nominatim
893 2502 928 2543 ex
944 2482 1083 2543 omnibus

124 2567 295 2630 civitatibus
308 2566 495 2629 nobilissimo
509 2585 627 2648 quoque
642 2575 779 2638 evocato;
797 2568 856 2629 buc
870 2569 976 2646 optimi
991 2584 1081 2645 gene·

125 2656 169 2714 ris
183 2653 336 2713 bominum
351 2671 388 2712 ex
403 2653 558 2732 Aquitanis
573 2654 790 2732 montanisque,
806 2654 858 2731 qui
874 2651 998 2713 Galliam
1012 2668 1081 2730 pro·

97 2738 253 2798 trinciam
273 2736 444 2815 adtingunt,
465 2733 684 2799 adiecerat...
729 2736 886 2805 Audierat,
908 2735 1083 2814 Pompeium

122 2840 178 2903 per
193 2821 398 2882 Mauritaniam
411 2838 479 2881 cum
495 2819 664 2898 legionibus
679 2822 781 2882 iterio
792 2820 967 2899 Hispaniam
982 2821 1081 2891 lacere

124 2907 340 2985 confestimque
360 2924 425 2966 esse
446 2913 613 2966 venturum.
651 2905 745 2966 Simul
766 2924 782 2966 a
802 2904 933 2965 tribunis
952 2904 1083 2964 militum

125 2990 409 3070 centurionibusque
424 2996 541 3050 mutuas
555 2992 698 3068 pecunias
713 2991 854 3069 sumpsit;
869 2989 923 3049 bas
938 2988 1083 3049 exercitui

97 3074 289 3134 adisti-ibuit.
326 3073 390 3143 Quo
410 3074 488 3134 sacto
508 3074 582 3134 duas
593 3092 643 3134 res
657 3081 835 3134 consecutus
855 3081 914 3142 est,
936 3073 1014 3152 quod
1035 3073 1083 3152 pi·

55 3206 58 3213 .
125 3175 217 3236 gnore
232 3159 347 3218 animos
361 3161 569 3219 centurionum
584 3158 718 3219 devinxit
732 3164 763 3218 ct
779 3158 938 3236 largitione
953 3157 1082 3218 milltum

125 3242 292 3302 voluntates
305 3242 442 3303 redemit.

99 3333 114 3382 1
188 3323 303 3385 XXXX.
334 3325 445 3387 Fabius
459 3327 654 3389 finitimarum
668 3328 822 3388 civitatum
838 3329 953 3387 animos
971 3326 1083 3387 litteris

15 3478 25 3496 ·
124 3411 295 3488 nuntiisque
310 3410 482 3489 temptabat.
516 3412 550 3471 In
566 3411 669 3473 Sicore
684 3411 807 3472 domiue
822 3418 928 3490 pontes
942 3411 1083 3472 effecerat

124 3493 199 3554 duos
214 3494 357 3557 distantes
372 3497 451 3557 inter
466 3514 499 3557 se
513 3496 596 3557 milia
611 3513 751 3575 passuum
765 3502 913 3578 quattuor.
939 3494 993 3556 His
1007 3513 1081 3575 pon·
