2356 3870
132 215 154 274 4
455 213 503 267 DE
523 212 638 268 BELLO
662 211 772 268 civim

133 385 203 442 citia
223 386 369 441 averterat
387 384 417 439 et
437 397 505 438 cum
524 378 731 439 communibus
757 380 889 439 inimicis
913 381 945 438 in
965 383 1090 454 gratiam

133 467 279 534 redierat,
305 481 431 543 quorum
453 466 516 540 ipse
536 462 695 523 maximam
720 472 835 540 partem
860 463 911 523 illo
932 463 1091 523 adfinitatis

107 560 270 630 otempore
285 551 454 608 iniunxerat
469 547 603 619 Caesari;
619 546 706 607 simul
722 547 843 607 infamia
859 547 982 607 duarum
997 545 1090 624 legio-

48 677 49 680 *
134 653 205 695 num
220 642 386 712 permotus,
409 649 482 710 quas
497 630 556 690 ab
548 634 656 692 itinere
672 632 758 691 Asiae
774 631 935 710 Syriaeque
950 633 987 692 ad
1008 650 1091 691 suam

134 721 295 797 potentiam
316 718 558 795 dominatumque
578 722 778 782 converterat,
797 734 861 776 rem
882 717 917 776 ad
939 735 1019 776 arma
1040 716 1091 775 de·

134 803 203 863 duci
217 801 363 862 studebat.

109 897 124 946 1
197 887 231 946 V
261 886 315 946 His
337 886 374 946 de
394 904 491 946 causis
510 903 544 961 a
547 892 636 945 untur
657 887 754 945 omnia
781 887 891 964 raptim
917 893 1004 963 atque
1028 891 1091 944 tur·

135 970 213 1031 bate.
249 970 310 1031 Nec
327 970 451 1030 docendi
467 970 602 1031 Caesaris
617 971 793 1048 propinquis
813 972 878 1028 eius
898 971 1025 1048 spatium
1042 968 1092 1027 da·

136 1061 200 1124 tur,
222 1073 279 1115 nec
299 1054 430 1114 tribunis
455 1052 549 1132 plebis
571 1055 617 1113 sui
646 1051 772 1132 periculi
793 1052 972 1131 deprecandi
996 1071 1091 1131 neque

134 1142 224 1200 etiam
236 1141 362 1199 extremi
375 1139 451 1199 iuris
461 1139 672 1198 intercessione
685 1137 832 1197 retinendi
846 1135 869 1217 [,
880 1138 958 1216 quod
971 1137 1092 1198 L.Sulla

108 1219 322 1302 areliqucrat]
340 1221 465 1282 facultas
483 1219 641 1290 tribuitur,
662 1223 715 1281 sed
736 1222 772 1281 de
789 1240 840 1281 sua
856 1223 949 1283 salute
967 1225 1093 1301 septimo

135 1308 183 1368 die
199 1310 330 1384 cogitare
346 1313 504 1382 coguntur,
525 1306 603 1384 quod
623 1306 668 1366 illi
688 1305 938 1367 turbulentissimi
959 1309 1093 1386 superio·

40 1419 41 1422 ¹
135 1391 219 1453 ribus
232 1389 418 1470 temporibus
432 1390 546 1450 tribuni
561 1389 659 1468 plebis
666 1391 740 1468 post
754 1401 820 1451 octo
835 1391 964 1469 denique
977 1409 1093 1451 menses

110 1486 126 1533 3
139 1478 287 1535 variarum
298 1477 446 1535 actionum
460 1475 610 1552 respicere
618 1492 652 1534 ac
662 1478 769 1534 timere
777 1483 966 1536 consuerant.
981 1475 1093 1535 Decur-

135 1562 213 1619 ritur
231 1560 268 1620 ad
288 1556 361 1619 illud
382 1566 547 1619 extremum
568 1567 656 1637 atque
677 1559 814 1619 ultimum
837 1566 957 1625 senatus
977 1556 1093 1619 consul·

135 1652 207 1713 tum,
220 1662 278 1723 quo
289 1645 347 1704 nisi
363 1656 456 1721 paene
471 1645 503 1703 in
518 1645 583 1720 ipso
593 1641 679 1702 urbis
694 1642 834 1703 incendio
843 1653 930 1724 atque
945 1645 977 1703 in
988 1643 1093 1721 despe-

134 1730 248 1788 ratione
264 1731 396 1789 omnium
413 1728 515 1788 salutis
528 1725 668 1806 [latorum
694 1725 832 1808 audacia]
851 1745 1011 1813 numquam
1027 1735 1094 1787 ante

137 1812 311 1872 descensum
328 1818 388 1872 est:
410 1812 480 1871 dent
497 1829 619 1892 operam
634 1811 780 1881 consules,
796 1820 958 1891 praetores,
982 1811 1095 1871 tribuni

135 1895 242 1976 plebis,
257 1898 368 1976 quique
378 1913 440 1975 pro
451 1914 527 1955 coss.
538 1894 604 1956 sint
613 1895 649 1956 ad
665 1894 780 1964 urbem,
794 1914 831 1956 ne
843 1896 915 1975 quid
926 1895 1095 1973 respublica

108 1981 309 2041 sdetrimenti
324 1982 431 2057 capiat.
461 1979 541 2040 Haec
556 1979 631 2041 sero
646 1979 875 2058 perscribuntur
889 1998 916 2040 a.
932 1978 960 2039 d.
973 1991 1034 2038 vn.
1050 1977 1094 2038 ld.

135 2064 198 2124 lan.
233 2064 335 2142 ltaque
350 2077 373 2122 v
393 2062 498 2141 primis
517 2063 638 2133 diebus,
661 2063 770 2142 quibus
785 2062 894 2124 baberi
909 2072 1028 2123 senatus
1043 2080 1095 2142 po·

136 2150 204 2216 tuit,
219 2165 276 2225 qna
293 2166 329 2207 ex
345 2147 393 2207 die
408 2147 591 2208 consulatum
608 2149 677 2209 iniit
691 2148 843 2217 Lentulus,
866 2146 957 2207 biduo
972 2156 1096 2226 excepto

136 2231 277 2292 comitiali
292 2238 322 2291 et
343 2231 380 2291 de
395 2233 523 2310 imperio
538 2232 673 2293 Caesaris
693 2240 724 2292 et
744 2232 780 2292 de
802 2232 993 2311 amplissimis
1014 2234 1096 2301 viris,

137 2315 267 2376 tribunis
295 2313 407 2394 plebis,
437 2318 612 2393 gravissime
638 2315 889 2396 acerbissimeque
915 2316 1097 2377 decernitur.

110 2400 316 2477 5Prolugirmt
331 2402 430 2459 statim
446 2419 482 2460 ex
498 2399 573 2461 urbe
588 2400 701 2460 tribuni
723 2400 818 2479 plebis
834 2418 958 2480 seseque
974 2400 1010 2460 ad
1026 2401 1097 2462 Cae·

137 2502 233 2544 sarem
249 2485 415 2544 conferunt.
452 2484 481 2544 ls
496 2503 531 2544 eo
553 2493 688 2564 tempore
705 2493 769 2546 erat
784 2485 942 2548 Ravennae
962 2492 1098 2564 expecta-

71 2564 74 2570 ’
136 2567 245 2647 batque
257 2571 318 2629 suis
335 2568 494 2629 lenissimis
505 2569 659 2647 postulatis
669 2586 821 2648 responsa,
834 2571 860 2630 si
873 2587 931 2648 qua
945 2568 1100 2629 bominum

137 2654 287 2731 acquitate
303 2671 352 2713 res
367 2652 403 2712 ad
419 2657 512 2713 otium
528 2654 635 2714 deduci
650 2661 758 2732 posset

111 2747 125 2793 1
200 2736 249 2798 Vl
280 2736 429 2797 Proximis
449 2736 556 2799 diebus
583 2737 710 2798 habetur
734 2745 818 2798 extra
840 2737 948 2800 urbem
969 2747 1098 2798 senatus.

136 2820 297 2900 Pompeius
318 2823 422 2882 cadem
451 2821 515 2891 illa,
541 2840 617 2902 quae
642 2838 696 2900 per
723 2820 893 2901 Scipionem
920 2823 1099 2892 ostenderat,

137 2908 213 2981 agit:
237 2916 357 2967 senatus
376 2908 517 2966 virtutem
537 2908 792 2985 constantiamque
812 2906 985 2978 conlaudat;
1000 2909 1102 2986 copias

109 2997 206 3049 nsuas
227 2993 363 3069 exponit:
391 2990 523 3067 legiones
545 2991 656 3052 babere
672 3009 737 3052 sese
758 2999 877 3071 paratas
890 3010 929 3061 x:
946 2998 1101 3070 praeterea

138 3072 288 3148 cognitum
304 3083 548 3154 compertumque
565 3075 637 3145 sibi,
659 3075 755 3135 alieno
771 3094 837 3136 esse
858 3078 958 3136 animo
981 3077 1014 3134 in
1030 3074 1101 3135 Cae·

137 3155 360 3217 saremmilites
375 3177 471 3237 neque
487 3161 525 3219 iis
540 3179 626 3238 posse
643 3159 833 3238 persuaderi,
855 3163 900 3220 uti
916 3177 984 3219 eum
1000 3158 1102 3217 delen·

110 3241 210 3301 edant
224 3247 275 3301 aut
289 3251 452 3320 sequantur
466 3244 579 3304 saltem.
610 3243 652 3304 lie
667 3243 792 3322 reliquis
807 3242 898 3304 rebus
913 3242 949 3304 ad
966 3252 1103 3303 senatum

135 3326 281 3386 refertur:
297 3334 358 3388 tota
370 3324 454 3387 ltalia
470 3326 602 3389 delectus
617 3327 778 3398 habeatur:
796 3328 922 3389 Faustus
935 3325 1018 3387 Sulla
1034 3346 1103 3405 pro·

137 3428 209 3487 pere
234 3411 266 3470 in
290 3409 497 3472 Mauritaniam
524 3415 674 3482 mittatur;
702 3414 828 3490 pecunia
854 3413 897 3472 uti
924 3429 960 3472 ex
986 3411 1103 3471 aerario

104 3493 273 3568 ‘Pompeio
286 3496 384 3560 detur.
419 3496 564 3558 Refertur
577 3498 669 3564 etiam
685 3491 721 3557 de
743 3513 816 3575 rege
836 3495 923 3566 Iuba,
947 3507 981 3557 ut
1001 3499 1103 3579 socius
