2356 3870
148 193 207 256 152
471 191 511 246 llll
525 191 629 247 BELLO
645 190 783 246 GALLICO

112 364 131 411 a
145 353 219 416 Nam
229 361 262 413 ιιι
276 363 455 414 commutato
468 353 590 414 consilio
602 356 659 414 iter
670 355 701 414 in
712 354 893 432 provinciam
905 360 1103 423 converteret,

146 445 179 498 ut
189 455 227 498 ne
238 449 319 497 metu
330 437 451 513 quidem
465 439 633 498 necessario
645 437 815 498 iaciundum
827 437 1019 506 existimabat,
1036 456 1105 498 eum

65 554 69 562 ·
146 523 264 582 infamia
280 529 368 597 atque
392 521 551 598 indignitas
579 522 623 580 rei
649 530 678 581 et
693 521 847 599 oppositus
861 538 946 580 mons
967 519 1104 581 Cebenna

147 607 317 680 siarumque
339 604 494 665 difficultas
514 604 702 682 impedIebat,
715 613 777 664 tum
799 605 935 671 maxime,
951 604 1029 679 quod
1052 603 1101 664 ab·

145 689 246 748 iuncto
262 687 391 748 Labieno
417 696 504 765 atque
533 689 569 748 iis
589 687 769 765 legionibus,
791 703 864 763 quas
889 706 947 756 una
972 689 1103 756 miserat,

63 843 65 850 Ι
102 778 132 853 ,3
146 769 335 831 vehementer
351 770 481 831 timebat.
504 771 606 847 ltaque
622 772 779 831 admodum
791 772 904 848 magnis
920 771 1035 830 diurnis
1049 789 1103 831 no·

146 857 317 930 ctumisque
337 854 494 916 itineribus
506 857 646 915 coniectis
665 864 767 915 contra
783 855 915 914 omnium
932 855 1103 933 opinionem

115 946 131 995 ι
146 939 182 998 ad
198 939 332 1015 Ligerem
345 941 432 1007 venit,
450 938 582 1015 vadoque
597 955 651 1016 per
667 941 782 1014 equites
793 940 912 997 Invento
927 956 982 1016 pro
994 940 1039 1015 rei
1050 956 1102 997 ne·

146 1023 283 1082 cessitate
296 1031 472 1100 opportuno,
490 1032 521 1082 ut
530 1021 651 1082 brachia
662 1019 970 1098 modoatquehumeri
985 1021 1020 1081 ad
1036 1039 1102 1080 sus·

145 1105 265 1166 tinenda
278 1123 358 1164 arma
368 1105 455 1165 liberi
462 1104 498 1165 ab
510 1122 585 1182 aqua
593 1123 657 1165 esse
663 1114 795 1183 possent,
810 1104 953 1182 disposito
961 1107 1102 1182 equitatu,

146 1190 198 1266 qui
208 1189 266 1247 rim
280 1187 410 1248 lluminis
421 1189 608 1265 refringeret,
625 1198 713 1265 atque
724 1188 858 1249 hostibus
874 1191 969 1266 primo
981 1196 1103 1266 aspectu

115 1271 335 1350 operturbatis,
352 1271 530 1332 incolumem
555 1273 716 1332 exercitum
737 1273 881 1339 traduxit,
904 1273 1102 1332 frumentum·

146 1357 248 1432 quein
264 1356 342 1431 agris
358 1363 387 1413 et
401 1357 517 1432 pecoris
530 1356 644 1433 copiam
665 1365 784 1425 nactus,
807 1354 921 1434 repleto
945 1354 990 1416 his
1012 1355 1104 1415 rebus

147 1440 280 1498 exercitu
295 1440 374 1497 iter'
367 1455 397 1496 m
413 1437 545 1498 Senones
560 1439 659 1498 lacere
674 1439 807 1499 instituit.

116 1528 127 1578 ι
208 1521 290 1581 LVII.
328 1521 403 1581 Ilum
422 1520 496 1581 haec
510 1521 588 1600 apud
604 1521 758 1582 Caesarem
774 1531 933 1599 geruntur,
957 1504 1103 1582 Labienus

146 1623 181 1665 eo
192 1604 407 1682 supplemento,
424 1604 503 1682 quod
515 1623 612 1684 nuper
625 1624 661 1665 ex
672 1605 754 1665 Italia
765 1614 894 1674 venerat,
911 1603 1014 1665 relicto
1026 1606 1101 1681 dge-

145 1688 233 1756 dinci,
250 1696 283 1747 ut
294 1696 373 1748 esset
383 1689 601 1766 1mped1ment1s
611 1689 768 1767 praesidio
782 1708 848 1749 cum
860 1695 999 1765 quattuor
1010 1687 1101 1765 legio

144 1771 233 1832 nibus
247 1771 393 1831 Lutetiam
407 1773 614 1849 proficiscitur.
646 1772 678 1832 Id
694 1781 739 1832 est
754 1772 895 1851 oppidum
910 1772 1101 1841 Parisiorum,

113 1865 128 1912 ι
144 1855 222 1931 quod
237 1858 366 1934 positum
382 1857 471 1916 estin
486 1855 581 1916 Insula
601 1855 729 1916 lluminis
745 1855 907 1932 Sequanae.
946 1856 1036 1916 Cuius
1051 1854 1102 1914 ad·

144 1945 232 1998 ventu
248 1938 283 1998 ab
298 1937 432 1999 hostibus
448 1942 580 2016 cognito,
603 1957 725 2016 magnae
741 1958 776 2000 ex
791 1940 922 2000 linitimis
937 1937 1103 1999 civitatibus

113 2029 128 2080 ι
144 2023 246 2099 copiae
261 2030 471 2082 convenerunt,
500 2022 619 2082 Summa
635 2025 751 2101 imperii
765 2023 889 2083 traditur
904 2020 1102 2098 Camulogeno

143 2105 280 2172 Aulerco,
297 2107 348 2180 qui
362 2123 464 2203 prope
471 2107 623 2166 conlectus
638 2115 733 2167 aetate
747 2115 847 2168 tamen
861 2114 984 2184 propter
1000 2107 1101 2181 singu·

143 2187 238 2248 larem
254 2188 407 2247 scientiam
421 2190 467 2248 rei
487 2188 622 2250 militaris
636 2190 673 2250 ad
694 2209 761 2252 eum
778 2198 823 2251 est
837 2188 983 2250 bonorem
998 2206 1100 2249 evoca·

114 2272 201 2330 ltus.
244 2270 272 2330 ls
294 2289 360 2330 cum
382 2272 649 2342 animadvertisset,
670 2283 845 2354 perpetuam
867 2291 932 2333 esse
952 2270 1100 2350 paludem,

145 2371 220 2431 quae
239 2353 405 2414 inllueret
398 2373 427 2415 ιιι
450 2356 616 2432 Sequanam
636 2364 724 2433 atque
750 2358 833 2418 illum
859 2373 978 2416 omnem
1001 2353 1101 2415 locum

143 2456 322 2516 magnopere
333 2439 488 2517 inpediret
502 2439 550 2500 luc
561 2441 694 2501 consedit
705 2450 882 2517 nostrosque
893 2439 1019 2500 transitu
1029 2457 1100 2516 pro

144 2521 246 2581 bibere
261 2524 397 2582 instituit.
988 2585 993 2594 ,

115 2613 125 2662 1
206 2603 303 2664 LVIII.
342 2605 488 2666 Labienus
508 2607 604 2684 primo
626 2609 725 2668 vineas
745 2625 847 2685 agere,
865 2606 995 2668 cratibus
1011 2612 1101 2682 atque

145 2705 252 2766 aggere
272 2687 410 2765 paludem
438 2688 557 2767 explere
583 2699 672 2767 atque
699 2693 756 2751 iter
776 2693 894 2751 munire
926 2688 1100 2750 conabatur.

112 2781 129 2829 2
143 2773 302 2848 Postquam
317 2772 346 2832 id
360 2771 508 2832 difficilius
523 2774 644 2834 conlieri
658 2775 839 2834 animadvert
840 2777 870 2842 it,
887 2773 1004 2833 silentio
1021 2792 1036 2833 e
1052 2791 1100 2833 ca·

144 2857 213 2916 strIs
226 2857 312 2916 tertia
322 2855 419 2933 vigilia
431 2875 567 2933 egressus
583 2857 695 2926 eodem,
710 2875 768 2934 quo
780 2864 908 2924 venerat,
920 2857 1026 2917 itinere
1038 2857 1100 2916 ble-

111 2938 288 2999 ³tiosedum
310 2942 454 3021 pervenit.
490 2940 594 3001 Idt
549 2949 594 3000 est
613 2942 754 3019 oppidum
770 2942 936 3009 Senonum,
957 2941 989 2999 in
1003 2939 1100 2999 Insula
1167 2986 1170 2989 .

144 3022 297 3097 Sequanae
322 3026 465 3100 positum,
496 3030 530 3084 ιιι
549 3024 636 3102 paulo
667 3032 733 3085 ante
760 3026 796 3085 de
821 3024 935 3085 Lutetia
961 3022 1099 3084 diximus.

112 3113 128 3161 4
142 3105 301 3183 Deprensis
316 3106 438 3166 navibus
457 3109 576 3168 circiter
591 3110 801 3186 quinquaginta
816 3108 1013 3182 celeriterque
1028 3124 1099 3166 con·

141 3189 249 3248 iunctis
264 3196 352 3265 atque
375 3208 409 3248 eo
425 3189 566 3251 militibus
580 3193 695 3252 Iniectis
711 3199 740 3252 et
755 3193 799 3252 rei
810 3193 941 3254 novitate
955 3191 1100 3269 perterri-

143 3273 181 3330 tis
195 3270 358 3351 oppidanis.
375 3290 501 3349 quorum
514 3291 618 3351 magna
633 3294 702 3354 pars
718 3283 781 3337 erat
795 3275 832 3336 ad
844 3274 955 3335 bellum
970 3280 1099 3342 evocata,

111 3357 205 3416 tsine
220 3357 408 3417 contentione
423 3357 531 3435 oppido
542 3360 663 3437 potitur.
691 3359 812 3420 Refecto
826 3365 926 3437 ponte,
944 3374 1033 3434 quem
1048 3374 1098 3415 su·

36 3520 40 3521 ⁷
138 3439 310 3519 perioribus
330 3440 434 3502 diebus
455 3440 554 3504 hostes
574 3442 770 3514 resciderant,
794 3443 957 3504 exercitum
972 3437 1099 3502 traducit
