2356 3870
376 217 476 277 uuum.
491 219 532 276 tl.
547 219 617 276 (ll-P.
634 218 803 275 Vllll-lllll.
1007 222 1066 283 111

176 382 239 443 XII.
274 383 347 444 Cum
363 382 469 444 Caesar
483 384 515 442 in
531 381 653 443 Galliam
675 383 768 450 venit,
792 380 913 441 alterius
934 384 1098 444 lactionisl

110 467 264 548 principes
293 472 377 528 erant
397 465 505 535 Aedui,
536 465 657 527 alterius
679 464 816 542 Sequani.
860 465 896 524 lli
920 484 987 525 cum
1013 475 1099 545 pert

111 568 145 611 se
159 552 260 610 minus
273 549 415 618 valerent,
432 549 511 626 quod
526 567 640 610 summa
655 550 814 609 auctoritas
829 550 989 625 antiquitus
1005 559 1069 610 erat

112 636 143 694 in
156 632 267 694 Aeduis
286 649 469 710 magnaeque
490 650 593 693 eorum
609 639 693 693 erant
713 630 881 701 clientelae,
904 633 1067 694 Germanos

112 725 202 794 atque
221 719 401 779 Ariovistum
421 715 477 776 sibi
498 715 694 777 adiunxerant
714 732 825 792 eosque
845 715 882 776 ad
902 735 934 776 se
953 718 1069 795 magnis

111 801 234 861 iacturis
258 799 579 879 pollicitationibusque
602 799 812 879 perduxerant.
848 799 973 861 Proeliis
997 808 1099 862 veroa

111 883 316 962 compluribus
342 885 427 944 factis
449 883 587 944 secundis
615 890 704 960 atque
730 883 810 943 omni
839 882 991 944 nobilitate
1012 887 1066 948 Ae·

110 969 241 1028 duorum
255 967 411 1027 interfecta
424 973 540 1027 tantum
554 968 685 1047 potentia
700 974 933 1036 antecesserant,
957 975 991 1028 ut
1005 988 1065 1029 ma·
1080 978 1098 1029 t

110 1069 200 1130 gnam
214 1058 330 1130 partem
345 1049 495 1110 clientium
506 1050 542 1111 ab
552 1051 661 1112 Aeduis
676 1050 712 1110 ad
727 1068 759 1110 se
774 1051 1000 1112 transducerent
1015 1052 1067 1112 ob·

110 1135 250 1210 sidesque
264 1134 301 1195 ab
315 1136 351 1194 iis
371 1136 540 1213 principum
560 1133 636 1195 filios
656 1136 826 1214 acciperent
845 1141 876 1195 et
888 1134 1006 1212 publice
1020 1139 1065 1196 iu·

110 1236 180 1280 rare
196 1225 353 1296 cogerent,
376 1216 449 1277 nihil
465 1236 497 1277 se
513 1224 615 1278 contra
631 1218 785 1294 Sequanos
801 1219 915 1280 consilii
928 1221 1065 1288 inituros,

111 1310 141 1362 et
160 1308 279 1380 partem
298 1302 425 1361 finitumi
445 1303 508 1379 agri
527 1319 583 1380 per
604 1303 662 1361 vim
684 1309 855 1380 occupatam
879 1302 1068 1381 possiderent

111 1385 283 1462 Galliaeque
296 1387 386 1445 totius
401 1386 600 1463 principatum
615 1384 792 1446 obtinerent.
815 1386 879 1457 Qua
893 1389 1068 1448 necessitate
1082 1392 1098 1444 5

111 1468 256 1530 adductus
276 1469 432 1529 Divitiacus
452 1468 551 1528 auxilii
570 1468 690 1548 petendi
710 1488 797 1530 causa
816 1468 940 1530 Romam
960 1470 996 1531 ad
1019 1490 1065 1531 se·

110 1560 213 1613 natum
235 1553 387 1631 profectus
406 1553 570 1630 inperfecta
589 1571 624 1612 re
644 1552 782 1613 redierat.
813 1553 945 1614 Adventu
961 1554 1099 1615 Caesa-6

109 1637 153 1697 ris
173 1637 250 1696 lacta
270 1638 498 1696 commutatione
518 1653 636 1705 rerum,
666 1635 819 1697 obsidibus
840 1636 947 1699 Aeduis
968 1638 1066 1698 reddi·

111 1721 164 1788 tis,
193 1718 343 1780 veteribus
371 1718 514 1780 clientelis
542 1721 700 1788 restitutis,
729 1723 888 1798 novis'per
911 1721 1067 1782 Caesarem

67 1818 74 1827 ’
111 1804 304 1882 comparatis,
321 1802 399 1879 quod
414 1801 454 1872 hi,
471 1805 522 1879 qui
537 1821 569 1863 se
583 1803 620 1863 ad
635 1821 739 1864 eorum
754 1805 910 1864 amicitiam
926 1804 1067 1882 adgrega-

110 1896 230 1956 verant,
251 1886 375 1947 meliore
390 1887 562 1947 condicione
577 1893 665 1963 atque
680 1889 822 1964 aequiore
836 1889 961 1966 imperio
976 1906 1009 1948 se
1024 1890 1068 1949 uti

109 1969 262 2038 videbant,
291 1969 415 2047 reliquis
434 1968 526 2031 rebus
546 1988 649 2032 eorum
669 1973 762 2050 gratia
782 1971 982 2048 dignitateque
1004 1990 1065 2031 am-

108 2053 246 2134 plificata,
260 2053 389 2130 Sequani
399 2048 597 2133 principatum
610 2054 789 2116 dimiserant.
808 2055 841 2115 ln
853 2073 957 2116 eorum
969 2054 1067 2116 locum
1082 2064 1098 2114 7

109 2138 197 2198 Remi
221 2144 439 2205 successerant;
469 2155 544 2214 quos
567 2138 645 2238 quod
674 2139 839 2216 adaequare
861 2138 938 2218 apud
961 2138 1065 2200 (laesa-

108 2239 176 2282 rem
195 2221 288 2298 gratia
307 2220 577 2299 intellegebatur,'
569 2224 605 2290 ri,
630 2224 680 2299 qui
699 2230 824 2301 proptor
839 2224 976 2282 veteres
968 2225 1065 2283 iniuri-

108 2306 195 2366 citias
209 2302 291 2364 nullo
305 2304 395 2364 modo
415 2323 483 2365 cum
496 2305 606 2366 Aeduis
626 2307 765 2383 coniungi
784 2313 937 2384 poterant,
959 2324 991 2366 se
1004 2306 1064 2368 lle·

107 2389 166 2450 mis
180 2389 212 2448 in
227 2387 393 2449 clientelam
408 2387 552 2449 dicabant.
583 2389 643 2450 llos
657 2389 699 2450 illi
714 2389 870 2467 diligenter
891 2389 1065 2450 tuebantur:
1081 2396 1099 2448 8

106 2475 150 2534 fta
166 2479 196 2532 et
209 2488 315 2532 novam
330 2479 359 2533 et
372 2478 496 2550 repente
517 2471 670 2534 collectam
692 2475 898 2534 auctoritatem
913 2471 1063 2534 tenebant.

107 2555 153 2617 Eo
168 2563 234 2616 tum
252 2560 330 2616 statu
350 2573 400 2616 res
416 2564 488 2625 erat,
504 2562 538 2616 ut
551 2555 639 2634 longe
653 2558 803 2636 principes
817 2555 999 2618 haberentur
1010 2562 1065 2617 Ae·
1080 2563 1097 2614 9

107 2639 174 2710 dui,
192 2638 354 2699 secundum
369 2637 467 2700 locum
482 2638 630 2716 dignitatis
643 2639 729 2701 Remi
743 2640 919 2701 obtinerent.

172 2722 250 2782 lllll.
295 2721 329 2782 ln
351 2724 432 2782 omni
453 2722 546 2783 Gallia
568 2741 671 2785 eorum
699 2724 867 2795 bominum,
897 2724 947 2801 qui
969 2723 1097 2801 aliquot

106 2813 179 2867 sunt
199 2823 324 2866 numero
345 2811 434 2883 atque
455 2804 584 2876 honore,
605 2825 715 2885 genera
729 2816 799 2869 sunt
818 2808 894 2868 duo:
919 2824 987 2867 nam
1001 2806 1065 2885 ple·

105 2888 162 2951 bes
183 2906 279 2968 paene
300 2907 455 2950 servorum
474 2888 601 2951 habetur
620 2890 699 2960 loco,
724 2908 800 2968 quae
819 2889 893 2951 nibil
908 2890 997 2950 audet
1011 2908 1067 2969 per

106 2991 150 3043 se,
166 2971 250 3033 nullo
265 2972 422 3034 adhibetur
433 2973 570 3042 consilio
586 2974 730 3053 plerique,
747 2992 816 3035 cum
826 2981 878 3034 aut
890 2991 958 3034 aere
970 2973 1097 3034 alrenot

106 3065 160 3119 aut
173 3056 377 3158 magnitudine
392 3056 571 3119 tributorum
584 3065 636 3119 aut
654 3060 761 3120 iniuria
780 3058 982 3158 poteptiorum
995 3077 1064 3138 pre·

91 3136 242 3212 muntur‚
258 3159 324 3203 sese
335 3143 367 3202 in
378 3142 549 3210 servitutem
564 3142 663 3203 dicant
676 3141 863 3210 nobilibus;
854 3159 885 3203 m
897 3140 951 3202 bos
964 3141 1066 3202 eadem
1080 3149 1096 3200 3

107 3227 208 3287 omnia
222 3227 313 3286 sunt
304 3243 380 3296 rura,
397 3242 472 3303 quae
487 3225 637 3287 domitis
629 3243 784 3287 racemos.
809 3226 868 3288 Sed
883 3226 920 3286 de
934 3225 979 3286 bis
992 3225 1064 3286 duo·

107 3309 164 3371 bus
178 3309 340 3389 generibus
355 3309 480 3371 alterum
492 3316 538 3371 est
548 3309 696 3381 druidum
712 3312 838 3373 alterum
854 3312 995 3388 equitum.
1022 3309 1096 3370 illio

108 3392 201 3454 rebus
215 3393 320 3455 divinis
334 3396 503 3467 intersunt,
520 3394 660 3455 sacrificia
680 3394 799 3474 publica
814 3413 848 3456 ac
867 3395 979 3474 privata
994 3380 1124 3472 pro·'

112 3485 229 3546 curant,
252 3476 410 3554 religiones
424 3479 675 3559 interpretantur:
697 3479 733 3539 ad
755 3497 806 3540 eos
820 3495 945 3558 magnus
966 3476 1065 3537 adulo·
