2356 3870
43 192 46 202 '
133 210 179 280 es
460 214 778 272 nnsmnocrrnr

136 386 169 444 ln
196 384 325 443 circuitu
352 379 562 462 [munitiones]
596 394 673 442 xvu
698 389 765 442 erat
788 381 974 461 complexus,
1007 383 1104 462 perd·

112 467 241 528 tciendi
263 468 393 546 spatium
405 485 467 527 non
481 465 581 527 dabat
613 466 717 545 ltaque
732 474 836 527 contra
849 485 932 527 mare
945 475 1103 528 transver-

137 568 205 612 sum
218 550 337 619 vallum,
358 552 411 630 qni
431 550 486 610 bas
504 549 579 610 duas
593 552 777 610 munitiones
796 552 1003 628 coniungeret,
1022 569 1101 612 non·

111 636 211 695 idum
226 636 402 713 perfecerat
431 633 513 704 Quae
527 653 578 695 res
592 643 664 695 nota
677 642 742 694 erat
755 634 909 713 Pompeio,
930 634 1027 695 delata
1042 653 1102 713 per

137 717 312 797 Allobrogas
326 720 477 798 perfugas,
491 735 690 798 magnumque
704 720 816 780 nostris
830 719 971 779 attulerat
983 721 1101 781 incom-

112 803 269 864 tmodum.
299 801 374 863 flam
388 810 422 864 ut
436 802 473 864 ad
493 821 576 863 mare
590 815 618 862 11
637 802 776 863 cobortes
789 821 884 864 nonae
903 803 1033 880 legionis
1045 822 1101 865 ex·

136 887 312 956 cubuerant,
328 905 481 948 accessere
496 885 596 947 subito
610 889 707 965 prima
723 886 790 947 luce
805 886 980 965 Pompeiani
995 884 1101 966 [exer-

137 974 217 1032 citus
230 972 376 1033 adventus
391 968 520 1050 extitit];
535 970 624 1031 simul
639 971 764 1032 naribus
779 973 974 1032 circumvecti
988 971 1102 1032 milites

137 1059 170 1116 in
192 1058 373 1116 exteriorem
397 1055 505 1116 vallum
529 1055 589 1116 tela
615 1053 780 1124 iaciebant,
806 1055 963 1134 fossaeque
988 1072 1100 1132 aggere

138 1139 378 1216 complebantur,
400 1146 431 1199 et
451 1139 609 1216 legionarii
627 1140 782 1200 interioris
803 1141 980 1200 munitionis
994 1140 1100 1200 defen·

138 1243 223 1285 sores
243 1224 331 1284 scalis
351 1223 478 1283 admotis
497 1225 656 1283 tormentis
676 1226 820 1302 cuiusque
834 1225 956 1300 generis
969 1223 1100 1303 telisque

137 1307 309 1378 terrebant,
328 1324 493 1386 magnaque
507 1307 666 1368 multitudo
680 1309 905 1385 sagittariorum
918 1307 956 1368 ab
971 1315 1100 1386 utraque

111 1398 223 1472 tparte
239 1389 546 1452 circumfundebatur.
575 1391 700 1453 bfultum
709 1400 809 1453 autem
824 1390 862 1452 ab
876 1394 939 1452 ictu
954 1391 1099 1470 lapidum,

137 1476 216 1556 quod
230 1494 323 1537 unum
337 1477 449 1536 nostris
463 1482 529 1536 erat
546 1474 653 1546 telum,
676 1478 804 1536 viminea
822 1477 986 1552 tegimenta
1005 1476 1101 1554 galeis

111 1561 268 1640 sinposita
282 1558 494 1621 defendebant.
527 1558 631 1638 ltaque
650 1577 717 1620 cum
738 1558 877 1621 omnibus
895 1558 988 1620 rebus
1001 1563 1100 1622 nostri

137 1652 346 1726 premerentur
366 1651 454 1723 atque
475 1660 563 1721 aegre
584 1643 774 1714 resisterent,
796 1643 1035 1705 animadversum
1052 1652 1101 1706 est

136 1730 241 1791 vitium
256 1730 447 1797 munitionis,
467 1728 547 1807 quod
568 1746 657 1807 supra
673 1728 909 1789 demonstratum
926 1735 987 1797 est,
1009 1736 1100 1807 atque

138 1816 218 1874 inter
233 1813 308 1874 duos
322 1813 421 1882 vallos,
438 1830 496 1892 qua
510 1813 678 1892 perfectum
693 1831 767 1892 opus
782 1831 843 1873 non
855 1821 931 1881 erat,
946 1830 1001 1891 per
1014 1831 1101 1873 mare

139 1895 279 1978 [navibus
291 1894 432 1977 expositi]
449 1898 481 1956 in
492 1913 610 1957 aversos
621 1904 740 1957 nostros
750 1898 895 1974 impetum
904 1897 1042 1957 fecerunt
1052 1904 1099 1957 at·

138 1999 236 2059 queen
247 1988 370 2059 utraque
383 1982 549 2040 munitione
561 1980 695 2041 deiectos
705 1988 789 2056 terga
796 1987 912 2041 vertere
923 1986 1099 2058 coegerunt.

112 2071 126 2122 t
200 2064 316 2125 Llel.
352 2064 416 2125 Hoc
435 2064 563 2125 tumultu
583 2067 718 2125 nuntiato
737 2063 950 2125 Marcellinus.
968 2065 1099 2126 .cohor·

136 2156 182 2209 tes
194 2147 328 2208 subsidio
339 2147 449 2209 nostris
462 2147 667 2209 laborantibus
677 2147 825 2209 submittit
835 2167 872 2210 ex
883 2150 1004 2219 castris;
1020 2167 1099 2228 qnae

137 2233 288 2309 fugientes
303 2233 490 2310 conspicatae
505 2250 602 2311 neque
624 2232 692 2293 illos
706 2251 761 2293 suo
775 2233 903 2294 adventu
918 2234 1097 2294 confirmare

110 2308 300 2396 tpotueiunt
313 2333 411 2396 neque
426 2317 509 2395 ipsae
524 2317 655 2379 hostium
668 2319 814 2396 impetum
828 2318 970 2381 tulerunt.
993 2317 1098 2396 ltaque

136 2400 343 2481 quodcumque
364 2399 527 2462 addebatur
551 2400 702 2472 subsidio,
728 2401 757 2461 id
784 2409 960 2480 corruptum
988 2403 1097 2462 timore

136 2487 316 2563 fugientium
327 2493 473 2546 terrorem
481 2492 511 2545 et
520 2485 686 2564 periculum
698 2484 839 2562 augebat:
855 2486 1098 2546 hominumenim

111 2569 328 2630 tmultitudine
349 2576 488 2648 receptus
506 2569 733 2646 impediebatur.
773 2569 808 2629 ln
834 2587 869 2630 eo
894 2568 1098 2648 proeliorum

136 2655 219 2731 gravi
234 2653 355 2713 vulnere
371 2661 450 2714 esset
470 2653 593 2714 allectus
608 2653 747 2733 aquilifer
767 2662 796 2713 et
816 2655 874 2714 iarn
895 2651 1097 2714 viribusdefi·

137 2743 265 2807 curetur,
283 2739 471 2816 conspicatus
486 2739 602 2817 equites
624 2744 756 2807 nostros,
777 2732 876 2799 Hauc
896 2754 965 2816 epe,
987 2739 1096 2815 inquit,

135 2823 165 2884 et
177 2819 266 2884 uicus
280 2818 393 2884 multos
406 2838 466 2900 per
480 2837 582 2884 anuos
601 2837 721 2900 mogun
741 2819 905 2899 dilipeutio
925 2817 1049 2897 defendi
1068 2823 1098 2882 et

135 2921 221 2968 nuuc
234 2904 370 2968 moriem
383 2904 490 2968 eodem
503 2903 565 2985 ide
580 2901 713 2967 Caesari
725 2904 861 2967 restitue.
885 2901 999 2980 Nolite,
1012 2902 1096 2968 obae-

136 3005 202 3064 cro,
224 2989 424 3066 committere,
446 2987 530 3068 quod
549 2990 622 3051 cute
645 2987 683 3051 iu
707 2985 1012 3052 medmcooesaees
1030 3006 1098 3052 uon

136 3070 256 3148 cecidit,
272 3075 308 3134 ut
320 3071 368 3137 rei
381 3071 532 3136 rulitante
542 3071 671 3136 dedecus
681 3071 878 3149 admittatur,
892 3071 1095 3135 incolumem-

109 3165 195 3236 tque
209 3154 337 3220 adeum
351 3154 472 3235 deferte.
507 3158 571 3219 Hoc
586 3176 656 3218 casu
671 3158 770 3236 aquila
791 3165 984 3219 conservatur
999 3159 1095 3219 omni·

136 3242 192 3303 bus
222 3245 335 3320 primae
362 3242 494 3303 cohortis
522 3241 748 3303 centurionibus
776 3243 946 3303 interiectis
974 3248 1097 3320 praeter

137 3327 307 3407 principem
323 3328 465 3406 priorem.

110 3419 125 3470 1
200 3409 286 3471 LXV.
326 3409 447 3489 Iamque
473 3412 647 3492 Pompeiani
675 3429 781 3490 magna
807 3411 897 3472 caede
923 3418 1096 3472 nostrorum

128 3496 240 3556 castris
249 3494 419 3559 Marcellini
439 3495 721 3580 adpropinquabant
740 3514 800 3558 non
814 3496 959 3558 mediocri
976 3503 1096 3556 terrore
