2356 3870
265 239 380 298 COMM.
393 240 442 297 111.
464 239 541 298 cAP.
554 239 859 299 LXXV—LXXVIIIi.
970 233 1031 300 105

71 407 217 468 exercitui
231 406 369 477 dandum,
392 409 488 467 socios
503 407 728 476 confirmandos,
746 407 930 485 praesidium
946 407 1030 468 urbi-

71 491 129 551 bus
149 490 375 570 relinquendum
397 509 518 551 necesse
545 502 610 551 erat
636 491 719 552 adire
739 489 934 570 Apolloniam.
969 491 1055 553 Sed!

71 576 121 636 bis
135 574 226 635 rebus
245 583 360 635 tantum
374 578 518 653 temporis
539 574 657 645 tribuit,
678 583 820 654 quantum
836 582 901 635 erat
920 593 1030 654 prope·

71 661 151 720 ranti
166 676 305 720 necesse:
327 661 436 719 timens
450 659 589 737 Domitio,
609 677 647 719 ne
663 659 792 719 adventu
806 659 928 739 Pompei
942 676 1029 738 prae·

71 751 284 821 occuparetur,
307 743 427 803 adeum
447 745 528 803 omni
543 741 695 803 celeritate
718 749 749 812 et
769 742 867 803 studio
888 745 1030 804 incitatus

70 825 234 889 terebatur.
279 826 383 887 Totius
407 836 506 887 autem
530 829 576 887 rei
605 827 762 887 consilium
790 826 838 886 his
862 826 1056 887 rationibusa

71 909 248 990 explicabat,
264 920 307 980 ut,
323 913 349 970 si
361 910 520 989 Pompeius
534 911 637 971 eodem
652 911 853 980 contenderet,
869 909 1029 971 abductum

71 995 155 1057 illum
171 1013 188 1054 a
202 996 279 1054 mari
293 1002 381 1074 atque
396 993 433 1054 ab
450 996 487 1055 iis
502 995 604 1075 copiis,
627 1011 699 1072 quas
714 993 891 1073 Dyrrhachii
912 1013 1029 1073 compa·

71 1087 205 1147 raverat,
227 1079 377 1139 frumento
398 1096 432 1138 ac
452 1087 619 1139 commeatu
638 1079 819 1139 abstractum
840 1081 906 1157 pari
927 1079 1030 1139 condi·

71 1165 159 1224 cione
175 1159 246 1222 belli
262 1180 362 1222 secum
378 1162 532 1222 decertare
547 1170 682 1240 cogeret;
704 1165 730 1223 si
746 1165 777 1224 iu
791 1162 906 1223 ltaliam
921 1165 1030 1223 transi-

71 1255 129 1316 ret,
146 1248 304 1306 coniuncto
319 1248 450 1306 exercitu
465 1263 533 1307 cum
548 1247 677 1307 Domitio
691 1265 746 1325 per
761 1245 912 1325 illyricum
927 1247 1029 1307 ltaliao

72 1329 206 1392 subsidio
230 1331 487 1408 proficisceretur;
514 1332 539 1391 si
565 1329 749 1409 Apolloniam
770 1328 952 1410 Oricumque
977 1347 1028 1407 op-

71 1431 205 1494 pugnare
226 1423 257 1473 et
276 1432 308 1474 se
330 1416 410 1474 omni
431 1416 589 1475 marituma
609 1432 660 1473 ora
681 1414 839 1475 excludere
860 1421 1029 1483 conaretur,

72 1499 194 1560 obsesso
216 1497 371 1576 Scipione,
398 1501 568 1558 necessario
593 1498 677 1558 illum
704 1500 767 1558 suis
787 1498 928 1559 auxilium
949 1499 1029 1559 terre

71 1589 204 1660 cogeret.
233 1581 335 1660 ltaque
351 1583 524 1661 praemissis
540 1584 652 1642 nuntiis
667 1581 704 1642 ad
719 1582 771 1643 Cn.
784 1580 943 1642 Domitium
958 1582 1057 1643 Cae-4

72 1685 122 1728 sar
142 1668 264 1744 scripsit
284 1673 326 1734 et,
354 1665 425 1742 quid
450 1667 516 1724 lieri
539 1666 640 1735 vellet,
667 1665 797 1725 ostendit
821 1666 1030 1744 praesidioque

72 1748 244 1830 Apolloniae
259 1749 430 1809 cohortibus
444 1761 508 1818 1111,
530 1748 607 1808 Lissi
622 1762 635 1809 1
662 1762 703 1808 111
717 1746 800 1809 Orici
819 1749 941 1819 relictis,
963 1751 1029 1828 qui·

72 1853 132 1915 que
147 1840 233 1894 erant
248 1851 283 1893 ex
299 1832 474 1893 vulneribus
488 1835 586 1909 aegri,
607 1796 751 1912 dlpositis
769 1850 825 1910 per
840 1832 965 1912 Epirum
986 1841 1030 1892 at-

72 1936 131 1997 que
151 1918 355 1978 Athamaniam
374 1919 434 1977 iter
453 1919 556 1977 lacere
577 1920 686 1997 coepit.
727 1916 886 1995 Pompeius
912 1924 1058 1995 quoquot

73 2004 110 2062 de
132 2002 266 2063 Caesaris
292 2001 416 2061 consilio
442 2000 611 2062 coniectura
635 2002 772 2062 iudicans
797 2000 835 2062 ad
860 2001 1030 2079 Scipionem

72 2085 293 2165 properandum
305 2084 364 2144 sibi
379 2084 581 2146 existimabat:
598 2087 623 2146 si
635 2086 743 2147 Caesar
758 2087 816 2145 iter
829 2084 880 2145 illo
894 2083 1030 2152 haberet,

73 2179 109 2230 ut
123 2168 288 2229 subsidium
296 2169 429 2247 Scipioni
444 2170 554 2239 ferret;
570 2172 595 2229 si
607 2169 644 2229 ab
656 2187 708 2229 ora
718 2172 875 2230 marituma
883 2168 1030 2248 Oricoque

73 2251 229 2314 discedere
244 2252 344 2321 nollet,
357 2252 436 2331 quod
451 2254 585 2330 legiones
599 2254 820 2333 equitatumque
836 2270 872 2313 ex
884 2252 967 2314 ltalia
980 2271 1030 2312 ex·

73 2346 218 2417 pecteret,
235 2337 299 2415 ipse
316 2342 348 2395 ut
370 2336 507 2397 omnibus
522 2339 616 2416 copiis
630 2337 792 2398 Domitium
807 2336 1030 2414 adgrederetur.

135 2418 303 2481 LXXVllll.
344 2419 398 2480 His
419 2420 455 2480 de
482 2424 579 2482 causis
603 2429 730 2501 uterque
756 2439 858 2482 eorum
883 2420 1058 2480 celeritatis

73 2503 222 2574 studebat,
239 2513 268 2564 et
283 2505 347 2564 suis
363 2510 394 2564 ut
405 2513 488 2570 ,esset
502 2505 626 2576 auxilio,
648 2514 678 2565 et
695 2505 732 2565 ad
752 2503 965 2585 opprimendos
980 2502 1031 2563 ad-

74 2591 222 2649 versarios
242 2606 281 2648 ne
301 2591 450 2649 occasioni
470 2592 615 2667 temporis
634 2589 762 2650 deesset.
798 2588 856 2649 Sed
873 2587 1059 2649 Caesaremt

74 2672 227 2751 Apollonia
242 2691 259 2732 a
274 2672 389 2734 directo
403 2675 512 2733 itinere
527 2680 691 2742 averterat;
713 2673 873 2751 Pompeius
887 2689 942 2750 per
958 2672 1031 2732 Can·

75 2756 190 2816 dariam
206 2759 264 2816 iter
279 2758 312 2815 in
326 2756 529 2817 Macedoniam
543 2757 715 2835 expeditum
730 2754 869 2816 babebat.
898 2755 1059 2815 Accessit?-

74 2842 164 2900 etiam
180 2857 217 2900 ex
235 2842 396 2918 improviso
416 2841 495 2901 aliud
516 2840 751 2907 incommodum,
772 2839 851 2918 quod
874 2838 1031 2906 Domitius,

74 2927 126 3003 qui
154 2924 218 2984 dies
238 2925 407 3003 complures
427 2926 534 2984 castris
555 2923 703 3002 Scipionis
728 2929 824 2982 castra
850 2920 955 2983 collata
979 2922 1031 2982 ba-

75 3007 200 3078 buisset,
215 3010 261 3068 rei
277 3009 491 3068 frumentariae
507 3024 594 3068 causa
616 3007 653 3067 ab
674 3025 709 3067 eo
730 3007 909 3067 discesserat
930 3013 960 3066 et
974 3005 1032 3066 lie-

72 3092 195 3153 racliam
218 3090 417 3172 [Senticam],
445 3100 590 3172 quaeest
616 3089 751 3152 subiecta
771 3090 948 3160 Candaviae,
975 3092 1034 3150 iter

72 3176 197 3246 iecerat,
213 3183 245 3236 ut
259 3178 323 3256 ipsa
337 3177 455 3239 fortuna
470 3177 554 3237 illum
569 3173 689 3235 obicere
709 3174 852 3253 Pompeio
872 3175 1031 3234 videretur.

73 3260 154 3321 Haec
169 3260 206 3322 ad
228 3260 259 3321 id
279 3268 396 3340 tempus
411 3260 520 3322 Caesar
540 3258 706 3336 ignorabat.
742 3258 837 3319 Simul
858 3259 1060 3338 aPompeiot

74 3344 185 3405 litteris
200 3361 254 3422 per
269 3362 371 3405 omnes
385 3346 555 3423 provincias
566 3345 759 3421 civitatesque
773 3343 904 3404 dimissis
919 3344 1034 3422 proelio

74 3427 112 3487 ad
127 3427 345 3508 Dyrrhachium
359 3430 437 3488 lacto
451 3428 540 3488 latius
554 3426 747 3508 inssatirisque
761 3425 865 3497 multo,
882 3445 976 3505 quam
986 3443 1040 3484 res

73 3521 140 3574 erat
160 3521 252 3589 gesta,
268 3511 345 3573 lama
362 3511 593 3592 percrebuerat,
614 3512 742 3598 pulsum
758 3514 874 3595 lugere
892 3510 1068 3573 caesum
