2356 3870
407 239 484 296 CAP.
497 238 753 300 xxxxvu-Lu
1019 236 1063 302 29

98 389 417 472 praetermittebatur,
446 408 504 469 quo
533 389 639 452 domus
661 398 690 451 et
712 390 847 453 tribunal
869 393 1062 471 imperatoris

98 481 228 537 vacaret.
278 472 372 534 Nemo
394 481 473 541 erat,
503 476 555 552 qui
584 474 673 535 modo
695 475 826 552 aliquam
849 478 994 536 iacturam
1017 478 1060 536 fa·
1080 482 1097 530 s

99 577 171 622 cere
192 565 303 638 posset,
326 560 399 636 quin
422 566 472 618 aut
494 557 667 619 vadimonio
688 567 844 620 teneretur
865 567 917 620 aut
939 562 970 619 in
993 577 1062 621 reos
1098 555 1102 562 ’

99 645 279 705 referretur.
307 641 352 703 lta
366 659 473 720 magna
488 644 580 704 etiam
602 642 774 703 sollicitudo
796 644 1002 722 periculorum
1025 643 1062 703 ad

100 731 232 790 iacturas
255 734 285 787 et
307 726 486 786 detrimenta
507 729 554 787 rei
577 727 735 788 familiaris
757 726 987 804 adiungebatur.

163 811 196 872 L.
241 810 358 882 Quibus
386 811 422 871 de
451 812 550 871 causis
578 809 704 881 accidit,
733 818 781 881 ut,
811 829 880 872 cum
909 811 1097 889 Longinusl

100 898 266 975 imperator
300 895 404 956 eadem
437 896 567 965 faceret,
596 913 672 974 quae
699 897 813 956 fecerat
835 904 991 974 quaestor,
1020 897 1060 955 si·

99 980 184 1040 milia
206 996 313 1039 rursus
340 979 376 1038 de
404 986 500 1039 morte
529 981 594 1039 eius
621 978 820 1058 provinciales
846 981 974 1040 consilia
1002 981 1060 1038 ini-

100 1071 179 1125 rent.
229 1063 343 1124 llorum
367 1061 469 1123 odium
492 1063 708 1125 confirmabant
730 1062 868 1123 nonnulli
896 1062 1061 1125 familiares
1081 1071 1098 1118 2

99 1149 182 1217 eius;
205 1149 273 1226 qui,
297 1165 366 1207 cum
388 1148 420 1205 in
443 1145 495 1207 illa
517 1148 658 1208 societate
670 1154 862 1209 versarentur
876 1150 1059 1227 rapinarum,

99 1231 197 1292 nihilo
224 1233 325 1292 minus
354 1229 479 1290 oderant
506 1249 590 1299 eum,
621 1234 708 1292 ouius
735 1232 855 1292 nomine
884 1231 1060 1311 peccabant.

96 1314 234 1393 sibique,
263 1314 341 1393 quod
370 1322 547 1392 rapuerant,
582 1323 739 1392 acceptum
766 1315 953 1383 referebant,
982 1314 1062 1393 quod

101 1399 299 1459 interciderat
320 1404 372 1457 aut
394 1406 459 1457 erat
482 1398 715 1476 interpellatum,
738 1399 840 1459 Cassio
856 1397 1061 1476 adsigunbant.

98 1484 241 1554 Quintam
263 1481 414 1559 legionem
441 1481 608 1543 conscribit
636 1501 750 1542 novam.
799 1484 933 1560 Augetur
960 1481 1096 1544 odiume

100 1575 189 1628 etex
211 1568 278 1645 ipso
301 1565 419 1626 delectu
442 1572 473 1626 et
493 1572 614 1645 sumptu
643 1565 761 1626 additae
788 1565 925 1643 legionis.
975 1566 1061 1627 Com·

100 1651 223 1731 plentur
246 1653 380 1729 equitum
403 1662 444 1709 111
466 1649 550 1711 milia
572 1651 769 1727 maximisque
793 1660 939 1710 ornantur
954 1652 1061 1729 inpen-

99 1737 158 1804 sis;
181 1752 237 1794 nec
260 1735 433 1813 provinciae
456 1734 543 1794 datur
567 1733 626 1793 ulla
649 1738 778 1811 requies.

164 1818 211 1880 Ll.
255 1818 380 1878 Interim
404 1817 521 1878 litteras
543 1819 660 1896 accepit
681 1836 696 1876 a
720 1817 854 1885 Caesare,
876 1825 911 1877 ut
933 1820 963 1877 in
982 1817 1095 1880 Afri-1

98 1921 168 1963 cam
195 1905 361 1964 exereitum
383 1904 528 1962 traiceret
548 1920 663 1981 perque
684 1901 893 1961 Mauritaniam
921 1901 958 1960 ad
985 1902 1061 1961 fines

99 1986 257 2048 Numidiae
286 1987 473 2069 perveniret,
502 1985 581 2064 quod
609 2003 715 2063 magna
744 1986 796 2046 Cn.
819 1984 964 2063 Pompeio
987 1984 1060 2045 luba

99 2073 225 2131 miserat
240 2070 350 2131 auxilia
365 2071 538 2148 maioraque
550 2072 700 2130 missurus
715 2068 953 2130 existimabatur.
987 2069 1060 2140 Qui-
1080 2084 1097 2132 2

100 2154 158 2215 bus
189 2156 301 2216 litteris
334 2155 465 2232 acceptis
497 2154 639 2215 insolenti
678 2153 828 2234 voluptate
866 2152 1058 2223 efferebatur,

96 2238 180 2319 quod
209 2238 270 2299 sibi
292 2256 436 2298 novarum
458 2239 678 2316 provinciarum
707 2247 737 2298 et
763 2237 945 2300 fertilissimi
974 2239 1060 2315 regni

96 2331 181 2383 tauta
204 2322 302 2384 oblata
331 2331 410 2383 esset
431 2322 566 2383 facultas.
610 2323 713 2401 ltaque
735 2325 799 2402 ipse
822 2325 853 2382 in
876 2322 1059 2383 Lusitaniam
1080 2334 1096 2384 3

98 2407 303 2486 proficiscitur
326 2406 362 2466 ad
384 2407 518 2483 legiones
546 2406 743 2467 accersendas
769 2404 938 2485 artriliaque
967 2405 1059 2465 addu-

97 2490 210 2561 cenda;
234 2493 325 2552 certis
347 2489 522 2551 hominibus
544 2489 594 2552 dat
615 2492 786 2569 negotium,
813 2497 847 2550 ut
875 2490 1059 2551 frumentum

96 2592 248 2654 naresque
270 2586 289 2635 c
312 2582 564 2653 praepararentur
584 2576 791 2655 pecuniaeque
814 2573 1060 2635 describerentur

96 2666 188 2737 atque
210 2660 448 2738 imperarentur,
471 2677 510 2719 ne
532 2677 589 2737 qua
612 2677 678 2727 res,
702 2678 771 2719 cum
793 2659 936 2727 redisset,
960 2677 1058 2719 mora·

96 2751 193 2804 retur.
245 2742 371 2813 Reditus
399 2746 465 2803 eius
492 2745 551 2804 fuit
579 2744 709 2804 celerior
737 2745 872 2804 omnium
900 2744 1096 2820 opinione:4

96 2845 159 2887 non
181 2829 262 2888 enim
284 2826 371 2888 labor
393 2834 444 2887 aut
463 2827 616 2904 vigilantia
640 2829 774 2906 cupienti
796 2829 976 2906 praesertim
1004 2825 1058 2886 ali·

94 2911 170 2990 quid
194 2911 296 2973 Cassio
319 2911 432 2972 deerat.

160 2994 221 3055 Lll.
271 2995 414 3057 Exercitu
442 3003 547 3057 coacto
574 2997 605 3057 in
634 3013 727 3058 unum
758 2995 858 3057 locum
886 2998 994 3057 castris
1023 2993 1094 3056 adl

94 3078 270 3141 Cordubam
284 3082 391 3160 positis
414 3098 468 3159 pro
492 3082 632 3141 contione
655 3080 806 3142 militibus
829 3082 960 3158 exponit,
984 3097 1058 3160 quas

96 3181 147 3225 res
175 3164 311 3226 Caesaris
339 3167 423 3226 iussu
449 3181 556 3242 gerere
586 3164 726 3234 deberet,
761 3164 980 3244 polliceturque
1009 3166 1057 3233 iis,

94 3266 167 3308 ctum
190 3250 222 3308 in
243 3248 452 3310 Mauritaniam
474 3250 659 3318 traiecisset,
682 3252 838 3310 sestertios
860 3257 1004 3310 centenos
1025 3267 1058 3310 se

97 3332 251 3402 daturum:
276 3335 412 3411 quintam
434 3332 499 3394 fore
521 3334 552 3392 in
567 3333 709 3411 Hispania
725 3333 884 3410 legionem.
927 3333 971 3394 Ex
987 3343 1094 3394 con-2

94 3417 179 3478 tione
191 3435 223 3478 se
236 3416 406 3479 Cordubam
417 3419 534 3495 recepit
549 3434 644 3496 eoque
659 3418 724 3496 ipso
748 3418 796 3478 die
818 3425 955 3496 tempore
976 3422 1060 3493 post-

94 3501 276 3571 meridiano,
312 3520 380 3562 cum
411 3503 443 3562 in
474 3500 634 3565 basilicam
658 3503 740 3575 iret,
774 3502 906 3586 quibam
917 3499 1089 3559 minucius
