2356 3870
163 221 206 292 oo
347 184 351 201 ’
484 227 533 282 uu
553 226 668 282 esum
692 226 800 282 crvnn

164 413 222 475 que
244 395 310 454 eius
330 392 457 472 amplius
476 400 665 471 processerat
681 394 840 472 temporis,
865 399 948 454 tanto
963 398 1050 453 erant
1064 390 1125 454 ala·

164 480 279 540 criores
293 478 329 539 ad
345 478 501 546 custodias,
517 479 569 557 qui
581 476 726 538 classibus
736 485 904 556 praeerant,
921 479 1126 557 maioremque

165 564 303 624 fiduciam
317 561 496 641 prohibendi
511 560 673 630 habebant,
696 567 727 621 et
746 560 862 621 crebris
875 561 1000 640 Pompei
1014 561 1126 622 litteris

166 646 402 723 castigabantur,
424 648 563 725 quoniam
584 647 682 724 primo
701 647 871 706 venientem
886 646 1043 707 Caesarem
1063 663 1125 706 nou

165 729 404 810 prohibuissent,
435 737 467 790 ut
494 730 626 808 reliquos
654 730 719 789 eius
747 732 898 790 exercitus
926 728 1124 808 impedirent;

103 854 108 861 -
166 815 329 894 duriusque
350 815 460 875 cotidie
479 823 594 892 tempus
610 813 647 873 ad
662 814 923 893 transportandum
938 813 1126 874 saevioribus

139 902 261 960 eventis
277 898 461 978 expectabat.
500 896 615 967 Quibus
630 896 722 958 rebus
737 905 890 978 permotus
904 898 1013 959 Caesar
1026 897 1125 958 Brun·

165 985 275 1045 disium
295 983 331 1043 ad
353 1000 422 1042 suos
443 985 576 1042 severius
597 983 731 1060 scripsit,
754 985 833 1043 nacti
848 983 989 1043 idoneum
1003 988 1125 1043 ventum

166 1086 205 1129 ne
220 1068 405 1128 occasionem
421 1067 578 1142 navigandi
595 1065 787 1134 dimitterent,
806 1069 867 1126 sive
883 1065 919 1127 ad
934 1065 1021 1126 litora
1036 1065 1125 1146 Apol·

165 1152 321 1212 loniatium
341 1148 405 1212 sive
419 1147 463 1211 ad
476 1146 665 1211 Labeatium
684 1167 804 1210 cursum
826 1151 958 1228 dirigere
980 1159 1069 1230 atque
1090 1167 1127 1210 eo

140 1239 257 1296 4naves
271 1237 370 1295 eicere
385 1242 515 1312 possent.
545 1233 624 1294 Haeo
641 1251 657 1294 a
672 1235 815 1294 custodiis
828 1235 968 1295 classium
983 1234 1048 1295 loca
1062 1252 1125 1294 ma·

166 1321 245 1379 xime
264 1318 420 1387 vacabant,
447 1317 525 1397 quod
550 1335 581 1378 se
602 1318 719 1395 lougius
738 1335 760 1380 o
779 1317 918 1397 portibus
937 1320 1126 1380 committere

167 1421 226 1462 non
242 1403 395 1462 auderent.
509 1460 512 1466 .

141 1492 155 1540 1
229 1486 331 1546 XXVI.
355 1485 400 1546 llli
421 1486 552 1547 adhibita
572 1486 694 1548 audacia
714 1494 744 1546 et
763 1489 874 1548 virtute
889 1487 1127 1548 administranti·

167 1570 223 1630 bus
242 1571 281 1630 M.
296 1572 424 1631 Antonio
446 1579 475 1630 et
496 1571 578 1632 Fufio
594 1570 717 1638 Caleno,
740 1571 864 1632 multum
884 1573 958 1651 ipsis
978 1571 1127 1633 militibus

167 1653 356 1715 hortantibus
374 1673 471 1734 neque
491 1655 582 1715 uDum
603 1654 771 1733 periculum
796 1673 850 1733 pro
875 1655 970 1716 salute
990 1655 1128 1718 Caesaris

168 1738 390 1808 recusantibus,
415 1741 494 1799 nacti
515 1740 655 1799 Austrum
677 1756 767 1799 naves
787 1739 903 1800 solvunt
923 1746 1010 1817 atque
1031 1740 1130 1801 altero

140 1825 156 1872 2
168 1824 215 1883 die
227 1823 410 1901 Apolloniam
422 1820 667 1902 [Dyrrhachium]
681 1824 959 1902 praetervehuntur.
989 1822 1046 1894 Qui
1058 1842 1127 1885 cum

168 1914 269 1967 essent
284 1925 317 1966 ex
334 1909 497 1967 continenti
512 1909 583 1976 visi,
605 1907 768 1985 Coponius,
790 1909 843 1985 qui
857 1907 1023 1988 Dyrrhachi
1039 1908 1127 1970 classi

167 1991 299 2051 Rhodiae
315 1997 463 2069 praeerat,
479 2009 569 2050 naves
584 2008 620 2050 ex
634 1998 724 2069 portu
738 1990 853 2060 educit,
870 2000 900 2053 et
914 2010 982 2054 cum
996 1993 1058 2053 iam
1072 2010 1126 2052 no·

168 2077 240 2134 stris
259 2077 430 2134 remissiore
452 2081 539 2134 vento
558 2075 839 2153 adpropinquasset,
862 2076 941 2136 idem
956 2078 1064 2136 Auster
1079 2078 1127 2137 in·

141 2161 157 2208 3
169 2156 287 2218 crebuit
301 2159 468 2236 nostrisque
483 2159 633 2236 praesidio
648 2159 715 2219 fuit.
744 2158 848 2237 Neque
864 2179 934 2220 vero
948 2161 998 2221 ille
1010 2159 1126 2221 obeam

168 2259 289 2301 causam
313 2249 420 2301 conatu
446 2241 621 2311 desistebat,
648 2243 700 2302 sed
726 2242 827 2303 labore
851 2253 881 2304 et
905 2248 1128 2324 perseverantia

167 2333 323 2385 nautarum
347 2323 404 2405 [et]
426 2328 485 2386 vim
506 2328 691 2405 tempestatis
711 2329 846 2405 superari
873 2346 959 2407 posse
984 2328 1128 2407 sperabat

167 2416 445 2488 praetervectosque
460 2409 676 2489 Dyrrhachium
695 2428 800 2488 magna
822 2413 849 2471 vi
870 2415 949 2473 venti
970 2413 1065 2473 nihilo
1080 2430 1128 2474 se·

141 2495 234 2554 tetus
249 2493 436 2572 sequebatur.
468 2493 568 2554 Nostri
585 2497 631 2555 usi
642 2496 779 2554 fortunae
794 2494 940 2557 beneficio
955 2504 1054 2557 tamen
1069 2498 1127 2558 im·

167 2584 269 2656 petum
286 2577 388 2637 classis
402 2577 556 2646 timebant,
573 2580 598 2638 si
614 2580 690 2638 forte
705 2587 810 2640 ventus
824 2583 999 2642 remisisset.
1040 2581 1127 2643 Nacti

167 2668 301 2740 portum,
323 2663 375 2742 qui
393 2661 558 2740 appellatur
573 2662 791 2741 Nymphaeum,
813 2663 891 2725 ultra
905 2665 1023 2726 Lissum
1044 2665 1129 2727 milia

167 2763 308 2824 passuum
328 2758 383 2814 111,
411 2764 446 2805 eo
472 2764 562 2806 naves
579 2747 808 2808 introduxerunt
827 2781 871 2795 —
890 2751 943 2829 qui
963 2757 1069 2829 portus
1089 2748 1128 2812 ab

168 2829 269 2890 Africo
288 2828 461 2908 tegebatur,
484 2829 520 2890 ab
536 2832 644 2891 Austro
664 2850 722 2891 non
744 2839 808 2893 erat
821 2839 904 2894 tutus
917 2865 959 2877 -
972 2833 1128 2914 levIusque

142 2916 355 2992 otempestatis
376 2930 464 2994 quam
480 2914 582 2975 classis
596 2915 762 2994 periculum
778 2918 1021 2978 aestimaverunt.
1062 2917 1130 2989 Quo

168 2997 345 3076 simulatque
366 3001 446 3058 intro
467 3006 512 3058 est
533 3001 622 3069 itum,
649 3001 820 3062 incredibili
846 3002 989 3064 felicitate
1008 3002 1127 3074 Auster,

170 3083 221 3158 qui
236 3099 291 3159 per
307 3080 430 3142 biduum
445 3082 576 3152 flaverat,
592 3085 623 3143 in
639 3085 771 3144 Africum
787 3104 818 3145 se
834 3088 931 3146 vertit.

145 3172 157 3218 1
233 3164 350 3225 XXVll.
372 3165 428 3225 Hic
448 3165 575 3228 subitam
596 3171 858 3230 commutationem
872 3171 1010 3232 fortunae
1024 3172 1129 3234 videre

168 3247 261 3308 licuit.
301 3247 358 3318 Qui
378 3251 465 3310 modo
486 3250 544 3311 sibi
564 3254 741 3322 timuerant,
764 3254 817 3315 hos
837 3257 1003 3316 tutissimus
1022 3264 1130 3336 portus

168 3332 351 3412 recipiebat;
373 3337 424 3413 qui
440 3338 552 3396 nostris
566 3335 691 3397 navibus
706 3339 871 3416 periculum
889 3341 1069 3411 intulerant,
1091 3341 1128 3402 de

142 3424 222 3477 aeuo
239 3419 344 3478 timere
360 3419 553 3496 cogebantur.
589 3421 691 3501 ltaque
706 3430 840 3502 tempore
856 3431 1037 3487 commutato
1052 3435 1128 3487 tem·

152 3507 263 3574 pertas
276 3509 308 3564 et
317 3509 444 3569 naeuos
458 3506 534 3568 texlt
549 3512 580 3568 et
594 3524 686 3568 naves
698 3505 831 3570 lihodias
843 3509 965 3580 afflixit,
984 3511 1030 3572 ita
1042 3517 1077 3572 ut
1090 3511 1129 3572 ad
