2356 3870
435 177 547 234 ORATI
549 177 655 234 ONES.
968 173 1027 236 123

65 324 285 429 φιλανθρώπου
307 325 452 404 φανείσης
473 324 525 388 καὶ
551 333 605 430 rori
629 324 735 430 λόγον
745 327 882 400 δυνατῶς
904 320 949 388 ἐντ’
971 322 1027 386 αὖ·

66 433 101 492 τῃ
118 409 265 490 ρηθέντος
286 434 321 471 οο
344 410 437 489 μόνον
459 412 490 471 οἱ
506 408 579 489 μετὰ
600 420 705 475 τοῦτον
717 406 908 490 ἀνιστάμενοι
921 427 1027 490 προσε-

65 495 199 572 τίθεντο,
227 493 328 555 πολλοι
355 492 389 554 δὲ
416 493 465 554 aui
493 504 554 555 των
579 486 637 575 πρὸ
662 490 756 557 αὐτοῦ
787 494 840 568 τὰς
872 494 1027 576 εἰρημένας

65 577 185 658 γνώμας
218 599 414 656 αττειτιαμενοι
440 569 514 658 πρὸς
541 576 597 657 τὴν
618 578 733 640 ἐκείνου
753 578 944 660 μετέστησαν,
971 577 1027 652 ἕως

66 661 114 723 ἐπὶ
136 660 264 723 Κατωνα
286 661 319 722 τὸ
339 671 460 742 πρᾶγμα
480 662 532 724 aar
552 659 670 724 Karina
689 669 843 744 περιῆλθε.

83 751 164 811 ·.0
178 753 278 812 Iaitas
297 752 393 812 Victor
405 752 468 812 Ars
480 753 562 812 aar.
575 754 644 821 III,
659 755 687 813 5.
703 753 806 824 (Sahal.
817 752 876 814 aa.
887 755 929 814 a.
941 752 1026 813 Orctt.

60 859 93 914 p.
104 843 176 900 202.
190 841 272 900 aaa
286 841 348 900 Lat
348 842 441 900 .Mc'a.
454 843 495 900 ed.
505 842 606 901 Halm.
614 860 647 917 p.
659 843 746 915 379)
770 873 811 882 -
826 861 1028 919 quaecumque

65 930 266 989 controversia
283 932 420 988 versatur
441 930 474 988 in
495 930 700 989 aestimatione
723 931 798 1002 litis,
822 962 862 971 —
892 949 927 989 aa
949 930 1028 988 cadit

66 1017 97 1075 in
121 1020 233 1075 statum
254 1019 447 1093 negotialem
471 1018 547 1077 siout
569 1019 660 1077 etiam
682 1019 718 1078 de
736 1019 943 1078 aestimatione
965 1019 1027 1076 litis

66 1107 119 1163 aut
142 1106 178 1164 de
201 1105 287 1164 modo
309 1123 421 1181 poenae
444 1106 648 1166 constituendo
670 1108 720 1179 iis,
744 1125 870 1183 quorum
888 1107 924 1165 de
942 1107 1053 1180 eulpa.-

66 1193 127 1251 iam
148 1194 372 1269 pronuntiatum
394 1197 453 1269 est,
481 1195 584 1270 quales
608 1198 678 1254 sunt
700 1196 776 1254 duae
803 1195 950 1254 orationes
974 1192 1028 1253 Ca-

66 1282 145 1339 tonis
169 1285 199 1340 et
223 1281 356 1341 Caesaris
380 1283 416 1342 de
437 1301 533 1358 poena
556 1285 775 1344 coniuratorum
796 1315 847 1343 —.

134 1368 250 1444 (Ipsam
272 1373 430 1431 oratioaera
451 1390 479 1430 v.
501 1371 618 1432 Sallust.
641 1374 676 1432 cte
699 1371 817 1432 Ooaiar.
832 1371 894 1433 aa.
908 1371 970 1446 51.)

58 1469 61 1490 ²
175 1504 225 1539 ruo
242 1505 366 1540 mrumst
382 1503 485 1544 onemo.
522 1485 565 1556 [A.
583 1486 617 1542 U.
636 1486 665 1542 C.
683 1486 914 1557 DCLXXXXVL]

135 1578 396 1638 acuatacuat.
425 1579 460 1646 V,
486 1581 536 1652 13,
561 1582 589 1640 6.
634 1580 671 1639 In
693 1581 839 1653 oratione,
863 1599 953 1656 quam
974 1598 1028 1656 pro

66 1667 206 1742 Bithynis
221 1668 309 1740 dixit,
330 1668 385 1727 hoo
407 1668 550 1742 principio
569 1686 640 1727 usus
659 1671 717 1727 est:
768 1669 820 1728 Va
837 1686 895 1742 pro
908 1670 1029 1743 aspera

66 1757 145 1828 roais
166 1756 331 1815 Nicomedis
352 1757 397 1814 aet
417 1772 476 1829 pro
501 1757 606 1814 aeram
630 1759 809 1822 necessitate,
837 1773 960 1829 qaoraa
981 1772 1030 1814 res

68 1846 179 1916 auttar,
201 1845 336 1919 desaqera
358 1845 541 1910 aocmaaas,
564 1844 609 1902 Μ.
623 1843 728 1911 Iaace,
749 1861 810 1903 aaa
825 1846 917 1917 potat.
948 1844 1030 1902 Nara

68 1948 158 2003 aeqae
178 1933 326 1991 aerataara
347 1936 437 1991 morte
457 1934 597 1992 meraorta
610 1933 698 1991 deteri
719 1933 811 1999 debet,
834 1934 905 2006 qaia
923 1950 943 1990 a
959 1949 1030 2006 μνο-

66 2022 155 2079 atacis
175 2023 346 2088 retineatur,
368 2037 459 2094 aeqae
480 2021 594 2080 clientes
615 2023 678 2080 stae
699 2036 815 2081 samma
835 2020 961 2092 tatamia
982 2021 1031 2078 dc·

67 2111 127 2166 sert
152 2114 288 2183 possaat,
322 2111 426 2183 cattas
452 2111 539 2169 ettam
565 2127 585 2169 ο
610 2111 785 2184 propinquis
815 2111 923 2168 aostra's
949 2124 1030 2182 opera

68 2197 146 2269 ferre
167 2199 352 2257 tasta'taaaas.

134 2284 193 2344 Iat.
176 2287 361 2358 tRafiar'aa.
380 2286 531 2360 senaar.
548 2305 581 2360 p.
598 2289 670 2345 201.
694 2287 736 2346 at.
749 2238 865 2345 uariae.
882 2303 915 2358 p.
931 2286 981 2343 31.
997 2281 1029 2343 C.

69 2369 242 2442 (RaettLat.
252 2376 329 2433 Mira.
345 2375 386 2434 ed.
396 2375 534 2448 Hatramp
540 2377 592 2434 40.
603 2371 677 2448 ξθ.)
692 2373 802 2432 Caesar
814 2391 868 2448 pro
877 2373 1029 2447 Bithynis:

70 2461 147 2534 aare
169 2464 255 2535 erqo?
276 2464 459 2536 syaarapaae
479 2479 539 2522 aaa
561 2467 641 2528 saat,
664 2463 714 2522 sat
735 2478 782 2521 res
805 2463 902 2520 atteaa
923 2464 972 2519 est.

86 2573 234 2610 oamouus
250 2575 317 2610 TBES
334 2573 473 2610 COUTRAO.
466 2575 616 2692 ,ἷίέϊᾶῐῐῦἪ
626 2576 659 2610 ΕΤ
670 2575 694 2615 Ia.
708 2568 839 2612 nomm!
855 2571 1013 2610 reaumaus

517 2641 532 2678 0
579 2641 603 2678 a.

135 2698 249 2758 Saetoa.
262 2700 302 2759 D.
315 2700 375 2758 Iat.
392 2702 442 2760 23.
464 2700 596 2759 Functus
618 2702 781 2775 consulatu
803 2700 878 2760 Gaio
891 2700 1030 2759 Memmio

68 2786 220 2861 Lucioque
241 2787 371 2846 Domitio
397 2789 583 2863 praetoribus
610 2790 647 2848 de
675 2788 833 2863 superioris
860 2788 931 2845 anni
957 2789 1031 2845 actis

69 2875 199 2933 rteferen
200 2875 279 2947 ibus,
303 2876 501 2950 cognitionem
515 2876 631 2936 senatui
653 2875 773 2935 detulit·
766 2919 773 2949 ‚
795 2893 850 2934 nee
872 2874 923 2933 illo
942 2876 1032 2934 susci-

68 2964 181 3039 piente,
204 2963 361 3039 triduoque
383 2982 436 3039 per
457 2963 558 3022 irritas
580 2963 786 3023 altercationes
808 2963 978 3038 absumpto,
1000 2965 1033 3023 in

68 3051 249 3126 prouinciam
262 3052 344 3111 abiit.
360 3083 402 3092 -
418 3053 468 3110 73.
491 3049 548 3109 Gai
557 3053 686 3126 Memmi
696 3052 779 3110 ouius
789 3051 958 3127 asperrimis
969 3070 1032 3110 ora·
1059 3056 1061 3061 '

68 3141 199 3199 tionibus
209 3159 268 3199 uon
279 3140 392 3199 minore
401 3139 564 3200 acerbitate
570 3140 771 3215 rescripserat,
785 3141 876 3199 etiam
890 3141 1032 3216 suffraga-

20 3274 24 3281 .
67 3230 192 3288 tormox
206 3231 237 3288 in
250 3229 312 3305 peti
313 3228 393 3288 tione
403 3227 573 3288 consulatus
587 3229 705 3288 fuit.—
700 3220 779 3307 (Of.
788 3228 896 3287 Neroa.
908 3231 936 3287 2.
944 3230 1031 3303 med.)

135 3317 226 3377 Sahal.
239 3318 340 3378 Boo:
327 3336 361 3378 aa
374 3316 432 3376 aa.
449 3314 498 3375 Or.
507 3317 650 3392 proSest.
667 3335 700 3390 μ.
716 3318 789 3376 297.
813 3318 855 3376 ed.
871 3314 956 3376 Orett.
987 3317 1032 3376 De

68 3407 142 3464 actis
165 3407 309 3482 loquitur,
333 3424 408 3482 quae
422 3407 557 3465 habuit
547 3426 579 3464 m
598 3406 753 3465 consulatu
773 3403 805 3464 O.
820 3404 959 3464 Caesar
950 3424 1031 3464 mau-

68 3494 190 3569 spicato,
213 3497 248 3553 ut
265 3495 434 3569 videbatur5
458 3512 517 3570 qua
540 3495 577 3555 de
598 3513 632 3554 re
654 3493 804 3565 adsersus
825 3512 902 3552 oum
921 3492 1059 3563 egem&
