2356 3870
271 190 276 201 '
378 211 492 268 couu.
508 214 529 267 1.
552 212 629 268 one.
644 213 762 268 1-1ur.
1026 205 1047 269 3
1145 223 1153 285 3

93 374 144 455 pei
158 373 294 455 plerique
307 378 450 456 compulsi
465 377 546 437 inviti
561 385 591 437 et
605 380 698 438 coacti
715 377 863 457 Scipionis
877 377 1050 437 sententiam

93 467 250 521 secuntur:
271 459 315 521 uti
334 468 401 521 ante
417 469 529 522 certam
551 462 628 522 diem
643 463 749 525 Caesar
770 463 934 523 exercitum
950 461 1050 521 dimit·

94 549 150 613 tat;
172 544 197 603 si
217 563 277 605 non
297 545 400 615 iaciat,
423 564 488 606 eum
511 546 652 607 adversus
671 545 885 626 rempublicam
902 547 1050 607 iacturum
1151 546 1153 552 ’

93 628 200 689 videri.
235 629 395 689 lntercedit
414 630 452 690 M.
469 632 629 700 Antonius,
651 629 685 701 Q.
702 630 835 701 Cassius,
857 629 967 690 tribuni
987 628 1076 709 ple-⁷

94 711 151 773 bis.
195 713 336 774 Refertur
359 715 516 775 confestim
542 715 578 775 de
608 716 823 775 intercessione
852 714 1050 775 tribunorum.

94 797 241 858 Dicuntur
256 800 418 858 sententiae
439 816 558 877 graves;
579 805 612 859 ut
633 801 757 878 quisque
773 797 965 859 acerbissime
981 805 1077 857 cru-8

96 879 302 962 delissimeque
318 882 405 952 dixit,
421 886 461 944 ita
478 880 594 963 [quam]
610 885 738 944 maxime
750 880 790 943 ‘ab
806 883 936 943 inimicis
948 882 1050 944 Caesa·

95 968 137 1025 ris
152 966 352 1028 conlaudatur.

157 1049 208 1111 lll.
234 1051 323 1111 Misso
338 1051 374 1112 ad
388 1069 545 1131 vesperum
560 1058 679 1131 senatu,
698 1071 814 1122 omnes,
837 1054 889 1131 qui
904 1058 973 1111 sunt
987 1052 1077 1110 eiusl

94 1134 224 1206 ordinis,
246 1154 262 1195 a
283 1135 424 1215 Pompeio
445 1143 614 1197 evocantur.
654 1136 769 1198 Laudat
789 1136 948 1215 Pompeius
963 1141 1051 1214 atque

93 1220 124 1279 in
144 1226 295 1297 posterum
316 1222 483 1290 confirmat,
509 1223 664 1299 segniores
684 1223 808 1299 castigat
829 1227 916 1300 atque
938 1218 1051 1279 incitat.

94 1303 176 1364 llulti
196 1304 329 1384 undique
344 1322 380 1365 ex
395 1303 547 1366 veteribus
562 1304 684 1384 Pompei
698 1304 876 1366 exercitibus
896 1321 949 1383 spe
964 1310 1078 1383 prae-a

95 1387 221 1448 miorum
237 1396 324 1468 atque
340 1389 477 1450 ordinum
493 1396 662 1464 evocantur,
680 1388 765 1451 multi
780 1407 816 1450 ex
831 1388 946 1450 duabus
959 1388 1052 1465 legio·

94 1471 197 1542 nibus,
220 1491 295 1552 quae
311 1482 380 1534 sunt
393 1474 518 1534 traditae
536 1492 553 1534 a
569 1474 709 1544 Caesare,
728 1480 931 1535 accersuntur.
966 1472 1078 1534 eom-e

94 1556 194 1634 pletur
207 1556 280 1618 urbs
294 1564 323 1617 et
335 1555 412 1638 [ius]
425 1556 576 1618 comitium
586 1557 724 1628 tribunis,
735 1557 969 1627 centurionibus,
986 1573 1053 1616 evo·

95 1640 178 1701 catis.
214 1641 324 1702 Omnes
344 1641 430 1702 amici
449 1641 619 1712 consulum,
641 1644 803 1702 necessarii
824 1641 946 1720 Pompei
965 1645 1080 1719 aeques

95 1741 213 1796 eorum,
236 1727 287 1805 qui
301 1732 417 1787 veteres
431 1725 601 1787 inimicitias
616 1743 684 1786 cum
700 1726 823 1788 Caesare
843 1724 1001 1803 gerebant,
1022 1722 1052 1785 in

95 1816 230 1870 senatum
251 1816 412 1888 coguntur;
432 1828 558 1890 quorum
577 1809 699 1871 vocibus
720 1817 750 1871 et
771 1827 918 1871 concursu
936 1815 1079 1869 terren-⁶

95 1900 146 1953 tnr
161 1894 348 1964 infirmiores,
364 1894 449 1955 dubii
464 1896 686 1963 confirmantur,
706 1894 857 1974 plerisque
871 1910 942 1954 vero
957 1891 1054 1953 libere

96 1977 275 2037 decernendi
295 1985 425 2056 potestas
439 1978 574 2058 eripitur.
609 1978 767 2040 Pollicetur
780 1979 815 2041 L.
850 1977 920 2038 Piso
937 1983 1081 2045 censore

97 2080 163 2122 sese
183 2062 294 2123 iturum
315 2061 352 2124 ad
372 2063 543 2133 Caesarem,
565 2062 636 2123 item
655 2063 690 2123 L.
706 2062 830 2124 Roscius
849 2068 983 2140 praetor,
1005 2059 1056 2140 qui

96 2147 133 2206 de
155 2146 203 2206 bis
222 2145 315 2207 rebus
334 2165 402 2208 eum
417 2148 557 2222 doceant;
578 2165 630 2208 ser
650 2147 715 2210 dies
735 2147 772 2208 ad
794 2165 859 2208 eam
880 2164 944 2207 rem
964 2145 1055 2207 confi·

97 2230 231 2291 ciendam
251 2233 340 2310 spatii
363 2229 522 2311 postulant.
563 2231 708 2292 Dicuntur
727 2233 819 2293 etiam
845 2230 881 2293 ab
907 2228 1080 2292 nonnullisr

96 2316 270 2384 sententiae,
285 2322 319 2376 ut
332 2313 422 2392 legati
437 2314 474 2376 ad
488 2315 643 2378 Caesarem
658 2316 829 2388 mittantur,
851 2317 902 2394 qui
922 2314 1055 2374 volunta-

96 2402 157 2458 tem
173 2406 293 2476 senatus
309 2401 337 2460 ei
353 2406 529 2480 proponant.

160 2482 224 2544 llll.
254 2482 400 2545 Omnibus
418 2483 468 2546 bis
481 2486 633 2546 resistitur
651 2483 847 2564 omnibusque
868 2483 961 2544 oratio
984 2489 1082 2543 con-1

98 2566 184 2636 solis,
201 2566 361 2647 Scipionis,
378 2569 498 2631 Catonis
512 2571 682 2648 opponitur.
712 2569 852 2632 Catonem
866 2576 984 2629 veteres
998 2569 1055 2627 ini·

97 2651 224 2712 miciliae
252 2651 387 2714 Caesaris
411 2653 534 2714 incitant
559 2661 589 2715 et
614 2653 698 2714 dolor
721 2653 870 2733 repulsae.
913 2651 1083 2714 contunsa

97 2737 176 2796 aeris
196 2736 285 2796 alieni
305 2738 508 2815 magnitudine
534 2743 574 2802 et,
590 2754 643 2815 spe
662 2740 813 2799 exercitus
833 2754 867 2798 ac
880 2735 1056 2816 'provincia-

97 2837 164 2880 rum
180 2828 211 2881 et
225 2830 331 2898 regum
348 2821 590 2901 appellandorum
610 2821 819 2900 largitionibus
838 2826 988 2888 movetur,
1003 2837 1056 2901 ,se-

97 2922 155 2983 que
176 2904 302 2967 alterum
321 2906 387 2966 iore
408 2905 518 2967 Sullam
537 2904 615 2967 inter
636 2924 706 2968 suos
727 2903 883 2983 gloriatur,
909 2902 946 2965 ad
969 2922 1057 2984 quem

97 3006 212 3051 summa
226 2990 347 3066 imperii
361 2991 472 3052 redeat.
503 2989 671 3070 Scipionem
686 2990 790 3051 eadem
805 3007 874 3069 spes
887 2988 1085 3066 provinciaes

97 3080 186 3150 atque
202 3073 385 3136 exercituum
399 3073 533 3155 impellit,
549 3092 623 3154 quos
637 3092 670 3135 se
684 3090 740 3151 pro
754 3073 974 3135 necessitudine
988 3091 1056 3153 par·

96 3156 220 3220 titurum
234 3175 303 3219 cum
317 3158 459 3239 Pompeio
473 3158 684 3228 arbitrabatur,
700 3158 787 3220 simul
803 3157 982 3220 iudiciorum
996 3175 1058 3218 me·

97 3249 160 3310 tus,
182 3241 312 3303 adulatio
333 3249 422 3322 atque
443 3245 600 3304 ostentatio
620 3242 666 3303 sui
687 3250 717 3304 et
737 3245 920 3321 potentium,
947 3244 1000 3322 qui
1026 3244 1058 3302 in

97 3324 250 3404 republica
264 3325 441 3407 iudiciisque
456 3335 520 3389 turn
535 3325 696 3407 plurimum
706 3326 866 3405 pollebant.
891 3325 959 3407 lpse
970 3326 1085 3387 Pom-l

96 3411 201 3489 peius,
226 3409 264 3471 ab
286 3412 417 3473 inimicis
438 3412 572 3474 Caesaris
595 3413 737 3473 incitatus
756 3418 786 3472 et
805 3411 887 3494 quod
908 3412 1066 3472 neminem

96 3494 240 3573 dignitate
255 3492 356 3557 secum
370 3498 528 3578 exaequari
545 3495 679 3573 volebat,
696 3501 798 3564 totum
812 3517 848 3562 se
862 3496 905 3562 ab
920 3497 993 3556 e'ius
1003 3492 1083 3552 aun·

842 3603 881 3653 μ
