2356 3870
139 240 181 305 36
459 248 507 303 DE
528 248 642 304 BELLO
666 248 774 304 ClVlLl

141 414 229 492 plena
243 412 356 474 laetitia
372 420 402 473 ct
418 414 612 491 gratulatione
628 416 737 484 omnia,
753 433 865 484 eorum,
882 416 934 494 qui
949 421 1029 483 tanta
1045 432 1100 492 pe·

141 496 235 557 rionla
250 500 368 567 vitasse,
390 505 420 558 et
435 516 547 568 eornm,
563 499 613 576 qui
635 501 700 558 sine
714 499 837 559 vulnere
852 506 948 560 tantas
962 516 1013 558 res
1027 515 1100 559 oon·

141 581 248 641 fecisse
269 579 460 653 videbantur,
488 599 686 660 magnumque
708 583 836 643 fructum
858 601 928 643 snae
953 583 1099 661 pristinae

142 665 272 726 lenitatis
297 668 429 727 omnium
453 667 565 730 iudicio
590 665 698 727 Caesar
723 665 853 737 lerebat,
880 665 1097 745 consiliumque

142 751 207 809 cius
223 768 239 809 a
255 752 369 812 cunctis
383 749 576 829 probabatur.

116 841 131 891 ι
205 833 318 894 LXXV.
347 832 460 905 Quibus
475 834 567 896 rebus
580 835 724 895 nuntiatis
739 834 878 905 Afranio,
902 834 938 895 ab
959 834 1100 895 instituto

142 935 233 997 opere
249 918 374 978 discedit
389 937 481 998 seque
495 921 527 980 in
543 926 638 979 castra
649 920 774 999 recipit,
797 921 840 979 sic
855 926 991 998 paratus,
1008 925 1042 978 ut
1056 919 1099 978 vi·

141 1001 281 1071 debatur,
297 1009 344 1072 ut,
360 1005 539 1084 quicumque
555 1001 712 1066 accidisset
733 1021 833 1072 casus,
856 1002 935 1063 bunc
951 1003 1053 1083 quieto
1069 1009 1100 1061 et

114 1093 236 1165 taequo
251 1087 349 1146 animo
363 1087 467 1146 ferret.
497 1087 633 1148 Petreius
648 1105 718 1148 vero
733 1105 792 1148 non
808 1087 920 1148 deserit
937 1105 1012 1148 sese.
1044 1087 1098 1147 dr·

141 1176 202 1230 mat
221 1169 465 1253 familiamzcum
485 1171 541 1232 hac
561 1178 592 1232 et
610 1173 759 1250 praetoria
775 1171 896 1233 cohorte
917 1177 1099 1232 cetratorum

141 1252 336 1333 barbarisque
364 1254 515 1334 equitibus
540 1258 658 1334 paucis,
690 1255 891 1316 beneficiariis
916 1256 992 1325 suis,
1023 1273 1099 1334 quos

142 1354 212 1397 suae
237 1338 388 1398 custodiae
414 1356 502 1400 causa
530 1338 641 1400 habere
659 1337 844 1410 consuerat,
874 1339 1035 1417 improviso
1061 1339 1099 1400 ad

141 1420 249 1480 vallum
270 1421 397 1492 advolat,
420 1423 576 1503 conloquia
597 1423 725 1491 militnm
746 1425 953 1502 interrumpit,
980 1429 1100 1484 nostros

115 1504 260 1584 cropellit
274 1507 673 1586 acastris,quosdoprendit‚
687 1509 838 1568 interficit.
859 1506 979 1587 Reliqui
991 1512 1100 1569 coeunt

141 1591 221 1649 inter
237 1607 268 1650 se
284 1595 315 1651 et
328 1593 486 1669 repentino
500 1592 634 1669 periculo
649 1594 786 1653 exterriti
807 1592 943 1652 sinistras
958 1591 1037 1668 sagis
1051 1593 1098 1651 in·
1141 1588 1143 1594 ’

141 1672 260 1734 volvunt
279 1673 450 1754 gladiosque
471 1675 672 1754 destringunt,
699 1683 786 1755 atque
812 1677 852 1737 ita
879 1693 910 1736 se
934 1694 950 1735 a
976 1676 1100 1735 cetratis

142 1756 350 1837 equitibusque
372 1758 535 1820 detendunt
560 1767 724 1821 castrorum
749 1760 973 1839 propinquitate
994 1760 1098 1820 confisi

140 1859 231 1921 seque
246 1843 277 1903 in
293 1849 389 1903 castra
403 1845 553 1922 recipiunt
569 1852 598 1904 et
612 1843 649 1904 ab
666 1846 705 1904 iis
720 1842 903 1913 cohortibus,
920 1861 996 1923 quae
1012 1850 1099 1904 erant

22 1936 27 1957 ⁸
140 1926 172 1984 in
186 1927 313 1987 statione
329 1926 365 1985 ad
380 1934 492 2005 portas,
508 1926 716 1988 defenduntur.
808 1963 811 1970 Α

114 2015 129 2064 1
225 2007 352 2070 LXXVI.
382 2007 497 2078 Quibus
511 2010 603 2072 rebus
616 2012 757 2073 conlectis
768 2011 843 2072 flens
852 2012 989 2072 Petreius
1004 2013 1098 2072 mani·

140 2090 226 2169 pulos
241 2094 379 2153 circumit
391 2095 561 2174 militesque
578 2094 715 2174 appellat,
730 2113 789 2155 neu
803 2114 835 2156 se
850 2114 910 2157 neu
924 2096 1099 2173 Pompeium

139 2178 351 2255 imperatorem
367 2195 452 2239 suum
465 2179 644 2240 adversariis
658 2179 694 2240 ad
710 2179 889 2258 supplicium
900 2179 1027 2247 tradant,
1044 2177 1097 2238 ob·

113 2267 249 2321 tsecrat.
279 2260 329 2321 Fit
343 2262 481 2323 celeriter
497 2280 660 2324 concursus
674 2265 706 2322 in
726 2264 919 2342 praetorium.
954 2261 1097 2330 Postulat,

140 2351 172 2404 ut
191 2346 291 2406 iurent
312 2364 427 2419 omnes,
449 2365 482 2408 se
502 2348 668 2407 exercitum
683 2346 831 2426 ducesque
845 2364 904 2407 non
925 2347 1099 2406 deserturos

139 2447 235 2508 neque
250 2430 437 2509 prodituros,
458 2450 555 2512 neque
571 2430 629 2493 sibi
649 2433 808 2511 separatim
825 2448 841 2490 a
856 2431 983 2509 reliquis
998 2431 1097 2490 consi-

113 2512 214 2574 elium
230 2522 378 2592 capturos.
408 2515 553 2595 Princeps
567 2518 599 2576 in
620 2515 693 2575 baec
707 2513 798 2575 verba
818 2517 899 2574 iurat
917 2514 997 2592 ipse;
1017 2514 1099 2573 idem

138 2597 343 2659 iusiurandum
359 2599 452 2678 adigit
466 2601 635 2669 Afranium
653 2599 876 2679 subsequuntur
889 2597 1003 2658 tribuni
1018 2597 1098 2658 mili·

138 2689 202 2741 tum
223 2684 489 2763 centurionesqne;
518 2685 708 2745 centuriatim
729 2683 866 2763 producti
887 2682 998 2743 milites
1016 2681 1097 2741 idern

112 2766 246 2827 tiurant.
277 2766 422 2839 Edicunt,
444 2787 536 2848 penes
550 2786 639 2848 quem
654 2769 779 2848 quisquc
796 2769 836 2828 sit
851 2767 986 2828 Caesaris
1000 2766 1096 2833 miles,

139 2858 172 2910 ut
185 2851 383 2929 producatur:
404 2853 565 2932 productos
580 2851 676 2932 palam
691 2854 723 2912 in
738 2853 888 2929 praetorio
903 2850 1096 2910 interficiunt.

139 2933 199 2994 Sed
220 2934 378 3016 plerosque
399 2938 436 3007 ii,
463 2939 515 3016 qui
535 2943 727 3015 receperant,
756 2935 852 2997 celant
872 2942 1020 3013 noctuque
1042 2951 1098 3012 per

113 3018 247 3078 uvallum
262 3023 409 3081 emittunt.
446 3021 496 3081 Sic
517 3029 631 3080 terrore
647 3020 745 3081 oblato
761 3039 777 3092 a
792 3019 920 3080 ducibus
936 3017 1098 3078 crudelitas

137 3103 167 3161 in
191 3103 351 3181 supplicio,
377 3123 452 3165 nova
472 3104 578 3182 religio
603 3103 797 3165 iurisiurandi
823 3121 905 3182 spem
926 3102 1098 3182 praesentis

139 3185 300 3248 deditionis
316 3188 435 3249 sustulit
449 3196 622 3268 mentesque
634 3188 761 3250 militum
773 3188 920 3247 convertit
935 3193 966 3246 et
980 3203 1045 3246 rem
1061 3183 1097 3245 ad

137 3271 295 3349 pristinam
311 3270 382 3332 belli
398 3273 543 3349 rationem
557 3271 685 3349 redegit.

113 3363 127 3411 1
201 3354 342 3416 LXXVll.
372 3356 489 3428 Caesar,
505 3357 557 3437 qni
572 3355 682 3418 milites
697 3357 932 3417 adversariorum
951 3357 982 3415 in
999 3360 1097 3415 castra

130 3457 193 3515 per
207 3446 324 3518 tempus
339 3439 478 3521 colloquii
493 3447 646 3511 venerant,
663 3459 776 3501 sumina
789 3432 942 3518 diligentia
957 3439 1096 3519 conquiri

87 3526 152 3578 eet
166 3524 291 3584 remitti
311 3523 411 3590 iubet.
459 3524 520 3589 Sed
547 3545 585 3588 ex
606 3542 733 3588 numero
756 3523 949 3586 tribunorum
965 3523 1096 3584 militnm
