2356 3870
135 237 155 300 6
455 241 504 295 DE
524 230 639 296 BELLO
663 239 772 296 clvmr

136 411 200 469 eius
215 408 464 468 existimationem
480 406 713 485 dignitatemque
729 406 765 468 ab
780 407 908 468 inimicis
922 406 1076 468 defendan-
1091 449 1097 474 ,

110 493 327 554 tConclamant
345 491 473 570 legionis
488 503 580 562 xm„
601 509 677 571 quae
697 491 813 561 aderat,
834 490 1000 552 milites-
1016 492 1092 573 h,ane

138 580 217 637 enim
237 579 323 637 initio
337 575 481 637 tumultus
495 582 683 647 evocaverat;
704 576 837 655 reliquae
857 576 989 637 nondum
1003 595 1091 637 vene·

137 668 206 743 rant
219 695 270 731 -—‚
286 680 352 722 sese
366 667 485 740 paratos
500 679 565 721 esse
581 662 769 740 imperatoris
784 660 829 722 sui
844 661 1092 741 tribunorumque

136 745 233 824 plebis
249 747 374 806 iniurias
389 745 559 806 defendere.

111 839 126 888 r
203 828 277 899 Vlll.
313 831 437 908 Cognita
456 830 585 890 militum
605 829 754 892 voluntate
774 832 940 892 Ariminum
966 850 1032 891 cunr
1058 849 1093 893 ea

137 915 253 992 legione
274 916 473 994 proficiscitur
492 914 596 994 ibique
610 914 745 975 tribunos
765 914 874 995 plebis,
897 917 948 993 qui
969 916 1006 976 ad
1026 934 1093 975 erun

138 998 339 1077 oonbrgerant,
356 1000 508 1069 convenit3
530 997 659 1078 reliquas
677 997 811 1076 legiones
825 1017 861 1060 ex
875 999 1011 1061 hibernis
1026 1018 1092 1059 evo·

112 1090 187 1144 acat
207 1092 237 1144 et
261 1083 402 1162 subsequi
427 1081 521 1144 iubet.
560 1083 603 1143 llo
622 1084 656 1144 L.
673 1083 780 1145 Caesar
807 1084 978 1145 adolescens
1002 1086 1090 1153 venit,

138 1170 223 1229 cuius
236 1176 322 1248 pater
333 1168 466 1230 Caesaris
478 1174 543 1228 erat
556 1167 680 1245 legatus.
706 1167 735 1228 ls
746 1167 860 1248 reliquo
871 1186 1007 1230 sermone
1022 1186 1092 1229 con·

138 1253 231 1322 lecto,
255 1255 340 1313 cuius
360 1255 406 1313 rei
427 1268 514 1312 causa
529 1259 665 1322 venerat,
689 1251 800 1313 habere
820 1269 852 1313 se
870 1253 1041 1334 aPompeio
1056 1252 1092 1312 ad

112 1346 207 1399 ceum
222 1339 329 1417 privati
345 1338 436 1397 oflicii
451 1335 588 1397 mandata
603 1336 806 1397 demonstrat:
823 1337 903 1398 Velle
918 1337 1092 1416 Pompeium

138 1440 170 1482 se
181 1421 301 1483 Caesari
314 1428 483 1500 purgatum,
498 1438 536 1480 ne
549 1439 592 1490 ea,
605 1439 680 1500 quae
691 1421 875 1500 reipublicae
888 1440 976 1483 causa
987 1423 1091 1499 egerit,

138 1508 169 1567 in
184 1523 267 1567 suam
281 1505 491 1566 contumeliam
505 1512 610 1566 vertat.
634 1505 760 1585 Semper
770 1523 802 1566 se
813 1505 997 1584 reipublicae
1013 1524 1092 1567 com·

27 1597 34 1614 ¹
137 1590 224 1651 moda
239 1591 362 1669 privatis
376 1589 648 1651 necessitudinibus
663 1587 804 1651 habuisse
823 1592 949 1670 potiora.
986 1589 1091 1652 Caesa·

139 1694 201 1736 rem
221 1693 338 1754 quoque
358 1692 412 1752 pro
428 1692 480 1735 sua
496 1673 636 1752 dignitate
652 1673 762 1736 debere
784 1682 814 1735 et
832 1675 963 1736 studium
983 1681 1013 1735 et
1032 1676 1091 1734 ira·

138 1759 274 1821 cundiam
290 1776 372 1819 suam
392 1758 576 1837 reipublicae
592 1759 743 1819 dimittere
758 1777 855 1839 neque
870 1760 943 1821 adeo
962 1761 1093 1836 graviter

137 1846 226 1904 irasci
241 1845 381 1913 inimicis,
397 1849 438 1913 ut,
455 1841 597 1903 cumillis
612 1861 721 1904 nocere
736 1861 768 1904 se
783 1851 893 1923 speret,
909 1843 1092 1922 reipublicae

110 1935 251 1990 lnoceat.
291 1927 388 1988 Pauca
409 1927 542 1988 eiusdem
570 1929 689 2005 generis
711 1927 792 1988 addit
816 1945 883 1988 cum
903 1929 1092 1989 excusatione

35 2022 37 2027 ’
136 2015 257 2091 Pompei
272 2014 440 2072 coniuncta.
467 2010 578 2071 Eadem
592 2012 656 2072 lere
668 2018 756 2091 atque
768 2012 881 2073 eisdem
891 2011 992 2072 verbis
1005 2029 1091 2090 prae·

136 2106 183 2158 tor
197 2096 321 2157 Roscius
336 2098 398 2172 agit
417 2113 485 2156 cum
501 2095 625 2156 Caesare
640 2095 758 2174 sibique
773 2096 945 2176 Pompeium
963 2113 1091 2157 comme·

136 2198 266 2242 morasse
281 2180 472 2240 demonstrat.

111 2276 125 2323 1
199 2263 286 2325 Vllll.
317 2262 398 2335 Quae
413 2282 463 2324 res
478 2266 534 2326 etsi
550 2265 624 2326 nibil
642 2265 679 2326 ad
699 2266 838 2327 levandas
852 2267 978 2326 iniurias
999 2268 1092 2344 perti·

137 2368 207 2411 nere
217 2347 403 2418 ridebantur,
420 2354 518 2410 tamen
533 2349 657 2414 idoneos
670 2355 774 2411 nactus
787 2350 934 2420 homines,
950 2368 1004 2429 per
1019 2369 1091 2428 quos

135 2453 184 2504 ca,
206 2452 281 2514 quae
295 2433 397 2503 vellet,
423 2433 459 2494 ad
474 2452 542 2494 eum
557 2435 779 2513 perterrentur,
800 2436 876 2515 petit
896 2433 933 2495 ab
956 2442 1091 2514 utroque,

134 2521 273 2598 quoniam
288 2516 410 2598 Pompei
425 2518 561 2579 mandata
579 2517 615 2578 ad
631 2537 662 2579 se
678 2518 852 2588 detulerint,
874 2537 912 2578 ne
933 2528 1093 2595 graventur

133 2621 186 2664 sua
198 2621 315 2683 qnoque
328 2602 364 2664 ad
379 2621 447 2664 eum
461 2603 609 2683 postulata
623 2601 751 2674 deleme,
768 2605 793 2664 si
807 2617 899 2682 parvo
913 2602 1015 2663 labore
1029 2621 1092 2662 ma·

133 2704 206 2765 gnas
231 2689 448 2748 controversias
476 2688 580 2748 tollere
610 2694 698 2768 atque
725 2706 844 2749 omnem
868 2687 982 2749 ltaliam
1011 2694 1091 2747 metu

106 2782 122 2831 2
135 2771 263 2834 liberare
276 2774 401 2853 possint.
433 2770 497 2832 Sibi
512 2788 631 2850 semper
650 2773 778 2851 primam
798 2771 983 2852 reipublicae
998 2772 1091 2831 luisse

132 2857 307 2936 dignitatem
326 2859 445 2936 vitaque
465 2857 623 2935 potiorem.
664 2856 800 2917 Doluisse
819 2874 868 2928 se,
889 2855 968 2936 quod
989 2855 1091 2936 papuli

131 2942 255 3002 Romani
277 2940 457 3002 beneficium
472 2940 531 3000 sibi
549 2957 604 3019 per
619 2941 827 3002 contumeliam
844 2940 881 3001 ab
896 2942 1027 3001 inimicis
1042 2956 1090 2999 ex·

131 3034 329 3103 torqueretur,
347 3033 508 3104 ereptoque
520 3026 679 3085 semenstri
693 3026 822 3104 imperio
834 3027 866 3106 in
878 3023 983 3086 urbem
995 3031 1090 3084 retra·

130 3109 268 3179 lueretur,
291 3110 376 3169 cuius
396 3107 527 3169 absentis
547 3110 695 3169 rationem
715 3107 821 3170 haberi
840 3109 985 3188 proximis
999 3108 1091 3167 comi·

103 3191 179 3253 atiis
193 3192 320 3271 populus
334 3192 479 3253 iussisset.
513 3192 625 3254 Tamen
645 3193 722 3254 hanc
742 3194 888 3255 iacturam
907 3192 1031 3252 honoris
1045 3190 1091 3251 sui

130 3275 313 3356 reipublicae
323 3294 411 3338 causa
424 3294 518 3357 aequo
530 3279 629 3338 animo
642 3277 763 3347 tulisse;
779 3295 847 3337 cum
860 3276 976 3337 litteras
991 3275 1028 3336 ad
1043 3294 1090 3336 se·

129 3369 230 3422 natum
245 3363 371 3432 miserit,
389 3369 421 3423 ut
433 3379 536 3422 omnes
548 3361 585 3421 ab
598 3360 781 3422 exercitibus
794 3360 991 3430 discederent,
1006 3378 1044 3420 ne
1060 3359 1091 3420 id

102 3446 249 3522 equidem
264 3447 479 3526 impetravisse.
505 3446 578 3506 Tota
591 3444 676 3506 ltalia
688 3446 821 3507 delectus
834 3445 949 3516 baberi,
966 3445 1092 3516 retineri

103 3525 248 3597 legiones
258 3542 297 3600 11,
322 3548 403 3610 quae
416 3529 457 3592 ab
472 3549 507 3593 se
522 3529 715 3594 simulatione
730 3529 867 3594 Parthici
878 3529 952 3612 belli
966 3533 1026 3592 sint
1040 3528 1092 3590 ab·
