<?xml version="1.0" encoding="UTF-8"?>
<!DOCTYPE html PUBLIC "-//W3C//DTD XHTML 1.0 Transitional//EN"
    "http://www.w3.org/TR/xhtml1/DTD/xhtml1-transitional.dtd">
<html xmlns="http://www.w3.org/1999/xhtml" xml:lang="en" lang="en">
 <head>
  <title>
</title>
<meta http-equiv="Content-Type" content="text/html;charset=utf-8" />
  <meta name='ocr-system' content='tesseract 3.04.00' />
  <meta name='ocr-capabilities' content='ocr_page ocr_carea ocr_par ocr_line ocrx_word'/>
</head>
<body>
  <div class='ocr_page' id='page_1' title='image "./commentariicuma00caesgoog_0404.png"; bbox 0 0 2356 3870; ppageno 0'>
   <div class='ocr_carea' id='block_1_1' title="bbox 392 193 1055 259">
    <p class='ocr_par' dir='ltr' id='par_1_1' title="bbox 392 193 1055 259">
     <span class='ocr_line' id='line_1_1' title="bbox 392 193 1055 259; baseline 0.011 -7"><span class='ocrx_word' id='word_1_1' title='bbox 392 195 470 254; x_wconf 78' lang='lat' dir='ltr'>OAP.</span> <span class='ocrx_word' id='word_1_2' title='bbox 484 194 752 252; x_wconf 80' lang='lat' dir='ltr'><strong>XXXXVIII-LII.</strong></span> <span class='ocrx_word' id='word_1_3' title='bbox 1013 193 1055 259; x_wconf 85' lang='grc'><strong>69</strong></span> 
     </span>
    </p>
   </div>
   <div class='ocr_carea' id='block_1_2' title="bbox 90 344 1152 3540">
    <p class='ocr_par' dir='ltr' id='par_1_2' title="bbox 90 344 1093 1519">
     <span class='ocr_line' id='line_1_2' title="bbox 90 344 1053 426; baseline 0.002 -18"><span class='ocrx_word' id='word_1_4' title='bbox 90 355 142 416; x_wconf 88' lang='lat' dir='ltr'><strong>ut,</strong></span> <span class='ocrx_word' id='word_1_5' title='bbox 175 364 242 407; x_wconf 89' lang='lat' dir='ltr'><strong>cum</strong></span> <span class='ocrx_word' id='word_1_6' title='bbox 271 348 335 426; x_wconf 87' lang='lat' dir='ltr'><strong>ipse</strong></span> <span class='ocrx_word' id='word_1_7' title='bbox 364 363 400 406; x_wconf 84' lang='lat' dir='ltr'><strong>ex</strong></span> <span class='ocrx_word' id='word_1_8' title='bbox 427 348 590 426; x_wconf 90' lang='lat' dir='ltr'><strong>improviso</strong></span> <span class='ocrx_word' id='word_1_9' title='bbox 618 347 799 425; x_wconf 86' lang='lat' dir='ltr'><strong>legionarios</strong></span> <span class='ocrx_word' id='word_1_10' title='bbox 820 344 942 408; x_wconf 80' lang='lat' dir='ltr'><strong>adortus</strong></span> <span class='ocrx_word' id='word_1_11' title='bbox 964 355 1053 419; x_wconf 86' lang='lat' dir='ltr'><strong>esset,</strong></span> 
     </span>
     <span class='ocr_line' id='line_1_3' title="bbox 92 430 1054 511; baseline 0.001 -20"><span class='ocrx_word' id='word_1_12' title='bbox 92 450 128 491; x_wconf 87' lang='lat' dir='ltr'><strong>ex</strong></span> <span class='ocrx_word' id='word_1_13' title='bbox 152 430 227 491; x_wconf 90' lang='lat' dir='ltr'><strong>colle</strong></span> <span class='ocrx_word' id='word_1_14' title='bbox 251 449 282 490; x_wconf 94' lang='lat' dir='ltr'><strong>se</strong></span> <span class='ocrx_word' id='word_1_15' title='bbox 305 433 454 510; x_wconf 83' lang='lat' dir='ltr'><strong>equitatus</strong></span> <span class='ocrx_word' id='word_1_16' title='bbox 476 430 662 498; x_wconf 82' lang='lat' dir='ltr'><strong>ostenderet,</strong></span> <span class='ocrx_word' id='word_1_17' title='bbox 694 437 724 491; x_wconf 88' lang='lat' dir='ltr'><strong>et</strong></span> <span class='ocrx_word' id='word_1_18' title='bbox 745 450 778 492; x_wconf 90' lang='lat' dir='ltr'><strong>re</strong></span> <span class='ocrx_word' id='word_1_19' title='bbox 801 430 912 510; x_wconf 87' lang='lat' dir='ltr'>duplici</span> <span class='ocrx_word' id='word_1_20' title='bbox 933 439 1054 511; x_wconf 91' lang='lat' dir='ltr'><strong>pertur-</strong></span> 
     </span>
     <span class='ocr_line' id='line_1_4' title="bbox 92 514 1055 594; baseline 0.007 -21"><span class='ocrx_word' id='word_1_21' title='bbox 92 514 181 574; x_wconf 89' lang='lat' dir='ltr'><strong>batus</strong></span> <span class='ocrx_word' id='word_1_22' title='bbox 195 514 303 575; x_wconf 85' lang='lat' dir='ltr'><strong>Caesar</strong></span> <span class='ocrx_word' id='word_1_23' title='bbox 317 517 442 593; x_wconf 91' lang='lat' dir='ltr'><strong>eiusque</strong></span> <span class='ocrx_word' id='word_1_24' title='bbox 464 518 614 576; x_wconf 85' lang='lat' dir='ltr'><strong>exercitus</strong></span> <span class='ocrx_word' id='word_1_25' title='bbox 635 533 733 594; x_wconf 91' lang='lat' dir='ltr'><strong>neque</strong></span> <span class='ocrx_word' id='word_1_26' title='bbox 754 521 838 594; x_wconf 84' lang='lat' dir='ltr'><strong>retro</strong></span> <span class='ocrx_word' id='word_1_27' title='bbox 859 515 1055 594; x_wconf 91' lang='lat' dir='ltr'><strong>regrediundi</strong></span> 
     </span>
     <span class='ocr_line' id='line_1_5' title="bbox 93 598 1056 678; baseline 0.003 -20"><span class='ocrx_word' id='word_1_28' title='bbox 93 616 191 677; x_wconf 91' lang='lat' dir='ltr'><strong>neque</strong></span> <span class='ocrx_word' id='word_1_29' title='bbox 212 598 292 659; x_wconf 91' lang='lat' dir='ltr'><strong>ultra</strong></span> <span class='ocrx_word' id='word_1_30' title='bbox 321 598 506 678; x_wconf 89' lang='lat' dir='ltr'><strong>procedendi</strong></span> <span class='ocrx_word' id='word_1_31' title='bbox 534 599 634 659; x_wconf 89' lang='lat' dir='ltr'><strong>oblata</strong></span> <span class='ocrx_word' id='word_1_32' title='bbox 662 599 803 660; x_wconf 78' lang='lat' dir='ltr'><strong>facultate</strong></span> <span class='ocrx_word' id='word_1_33' title='bbox 831 601 1056 663; x_wconf 85' lang='lat' dir='ltr'><strong>circumventus</strong></span> 
     </span>
     <span class='ocr_line' id='line_1_6' title="bbox 94 681 1091 764; baseline 0 -21"><span class='ocrx_word' id='word_1_34' title='bbox 94 681 312 743; x_wconf 82' lang='lat' dir='ltr'><strong>concideretur.</strong></span> <span class='ocrx_word' id='word_1_35' title='bbox 367 683 476 744; x_wconf 84' lang='lat' dir='ltr'><strong>Caesar</strong></span> <span class='ocrx_word' id='word_1_36' title='bbox 507 691 665 764; x_wconf 90' lang='lat' dir='ltr'><strong>postquam</strong></span> <span class='ocrx_word' id='word_1_37' title='bbox 698 685 834 762; x_wconf 90' lang='lat' dir='ltr'><strong>equitatu</strong></span> <span class='ocrx_word' id='word_1_38' title='bbox 864 691 934 745; x_wconf 91' lang='lat' dir='ltr'><strong>ante</strong></span> <span class='ocrx_word' id='word_1_39' title='bbox 967 693 1091 764; x_wconf 83' lang='lat' dir='ltr'><strong>prae-3</strong></span> 
     </span>
     <span class='ocr_line' id='line_1_7' title="bbox 92 767 1054 839; baseline 0.002 -11"><span class='ocrx_word' id='word_1_40' title='bbox 92 769 184 828; x_wconf 92' lang='lat' dir='ltr'><strong>misso</strong></span> <span class='ocrx_word' id='word_1_41' title='bbox 208 768 320 828; x_wconf 89' lang='lat' dir='ltr'><strong>inscius</strong></span> <span class='ocrx_word' id='word_1_42' title='bbox 342 768 520 829; x_wconf 90' lang='lat' dir='ltr'><strong>insidiarum</strong></span> <span class='ocrx_word' id='word_1_43' title='bbox 543 786 611 828; x_wconf 90' lang='lat' dir='ltr'><strong>cum</strong></span> <span class='ocrx_word' id='word_1_44' title='bbox 634 767 671 828; x_wconf 94' lang='lat' dir='ltr'><strong>ad</strong></span> <span class='ocrx_word' id='word_1_45' title='bbox 695 786 763 828; x_wconf 90' lang='lat' dir='ltr'><strong>eum</strong></span> <span class='ocrx_word' id='word_1_46' title='bbox 785 768 886 828; x_wconf 90' lang='lat' dir='ltr'><strong>locum</strong></span> <span class='ocrx_word' id='word_1_47' title='bbox 914 773 1054 839; x_wconf 88' lang='lat' dir='ltr'><strong>venisset,</strong></span> 
     </span>
     <span class='ocr_line' id='line_1_8' title="bbox 94 850 1057 930; baseline 0.003 -19"><span class='ocrx_word' id='word_1_48' title='bbox 94 851 180 911; x_wconf 90' lang='lat' dir='ltr'><strong>abusi</strong></span> <span class='ocrx_word' id='word_1_49' title='bbox 203 852 264 911; x_wconf 85' lang='lat' dir='ltr'><strong>sive</strong></span> <span class='ocrx_word' id='word_1_50' title='bbox 288 850 375 912; x_wconf 92' lang='lat' dir='ltr'><strong>obliti</strong></span> <span class='ocrx_word' id='word_1_51' title='bbox 398 859 628 930; x_wconf 87' lang='lat' dir='ltr'><strong>praeceptorum</strong></span> <span class='ocrx_word' id='word_1_52' title='bbox 649 851 776 912; x_wconf 84' lang='lat' dir='ltr'><strong>Labieni</strong></span> <span class='ocrx_word' id='word_1_53' title='bbox 804 853 866 911; x_wconf 90' lang='lat' dir='ltr'><strong>sive</strong></span> <span class='ocrx_word' id='word_1_54' title='bbox 890 855 994 922; x_wconf 85' lang='lat' dir='ltr'><strong>veriti,</strong></span> <span class='ocrx_word' id='word_1_55' title='bbox 1016 858 1057 914; x_wconf 86' lang='lat' dir='ltr'><strong>ne</strong></span> 
     </span>
     <span class='ocr_line' id='line_1_9' title="bbox 97 934 1057 1015; baseline 0.003 -21"><span class='ocrx_word' id='word_1_56' title='bbox 97 936 128 994; x_wconf 95' lang='lat' dir='ltr'><strong>in</strong></span> <span class='ocrx_word' id='word_1_57' title='bbox 151 937 230 995; x_wconf 83' lang='lat' dir='ltr'><strong>losse</strong></span> <span class='ocrx_word' id='word_1_58' title='bbox 252 934 289 994; x_wconf 91' lang='lat' dir='ltr'><strong>ab</strong></span> <span class='ocrx_word' id='word_1_59' title='bbox 318 936 473 1014; x_wconf 91' lang='lat' dir='ltr'><strong>equitibus</strong></span> <span class='ocrx_word' id='word_1_60' title='bbox 501 938 760 1015; x_wconf 88' lang='lat' dir='ltr'><strong>opprimerentur,</strong></span> <span class='ocrx_word' id='word_1_61' title='bbox 790 937 852 996; x_wconf 92' lang='lat' dir='ltr'><strong>rari</strong></span> <span class='ocrx_word' id='word_1_62' title='bbox 881 953 917 997; x_wconf 93' lang='lat' dir='ltr'><strong>ac</strong></span> <span class='ocrx_word' id='word_1_63' title='bbox 946 936 1057 1013; x_wconf 79' lang='lat' dir='ltr'><strong>singuli</strong></span> 
     </span>
     <span class='ocr_line' id='line_1_10' title="bbox 95 1018 1093 1098; baseline 0.004 -21"><span class='ocrx_word' id='word_1_64' title='bbox 95 1018 132 1078; x_wconf 94' lang='lat' dir='ltr'><strong>de</strong></span> <span class='ocrx_word' id='word_1_65' title='bbox 156 1036 230 1097; x_wconf 91' lang='lat' dir='ltr'><strong>mpe</strong></span> <span class='ocrx_word' id='word_1_66' title='bbox 252 1019 376 1097; x_wconf 89' lang='lat' dir='ltr'><strong>prodire</strong></span> <span class='ocrx_word' id='word_1_67' title='bbox 399 1027 429 1080; x_wconf 91' lang='lat' dir='ltr'><strong>et</strong></span> <span class='ocrx_word' id='word_1_68' title='bbox 450 1038 567 1082; x_wconf 90' lang='lat' dir='ltr'><strong>summa</strong></span> <span class='ocrx_word' id='word_1_69' title='bbox 588 1027 692 1098; x_wconf 87' lang='lat' dir='ltr'><strong>petere</strong></span> <span class='ocrx_word' id='word_1_70' title='bbox 723 1019 820 1080; x_wconf 91' lang='lat' dir='ltr'><strong>collis.</strong></span> <span class='ocrx_word' id='word_1_71' title='bbox 872 1019 953 1091; x_wconf 87' lang='lat' dir='ltr'><strong>Quos</strong></span> <span class='ocrx_word' id='word_1_72' title='bbox 983 1021 1055 1081; x_wconf 86' lang='lat' dir='ltr'><strong>Cae·</strong></span> <span class='ocrx_word' id='word_1_73' title='bbox 1075 1031 1093 1080; x_wconf 82' lang='lat'>4</span> 
     </span>
     <span class='ocr_line' id='line_1_11' title="bbox 93 1104 1057 1185; baseline 0.003 -22"><span class='ocrx_word' id='word_1_74' title='bbox 93 1104 171 1163; x_wconf 88' lang='lat' dir='ltr'><strong>saris</strong></span> <span class='ocrx_word' id='word_1_75' title='bbox 200 1105 318 1180; x_wconf 87' lang='lat' dir='ltr'><strong>equites</strong></span> <span class='ocrx_word' id='word_1_76' title='bbox 346 1107 501 1166; x_wconf 90' lang='lat' dir='ltr'><strong>consecuti</strong></span> <span class='ocrx_word' id='word_1_77' title='bbox 534 1105 644 1184; x_wconf 90' lang='lat' dir='ltr'><strong>partim</strong></span> <span class='ocrx_word' id='word_1_78' title='bbox 677 1105 911 1174; x_wconf 79' lang='lat' dir='ltr'><strong>interfecerunt,</strong></span> <span class='ocrx_word' id='word_1_79' title='bbox 944 1107 1057 1185; x_wconf 88' lang='lat' dir='ltr'><strong>partim</strong></span> 
     </span>
     <span class='ocr_line' id='line_1_12' title="bbox 94 1187 1057 1269; baseline 0.005 -24"><span class='ocrx_word' id='word_1_80' title='bbox 94 1188 229 1247; x_wconf 82' lang='lat' dir='ltr'><strong>virorum</strong></span> <span class='ocrx_word' id='word_1_81' title='bbox 259 1195 330 1248; x_wconf 91' lang='lat' dir='ltr'><strong>sunt</strong></span> <span class='ocrx_word' id='word_1_82' title='bbox 361 1191 465 1267; x_wconf 83' lang='lat' dir='ltr'><strong>potiti3</strong></span> <span class='ocrx_word' id='word_1_83' title='bbox 499 1188 607 1249; x_wconf 90' lang='lat' dir='ltr'><strong>deinde</strong></span> <span class='ocrx_word' id='word_1_84' title='bbox 639 1189 779 1267; x_wconf 87' lang='lat' dir='ltr'><strong>protinus</strong></span> <span class='ocrx_word' id='word_1_85' title='bbox 812 1187 920 1250; x_wconf 91' lang='lat' dir='ltr'><strong>collem</strong></span> <span class='ocrx_word' id='word_1_86' title='bbox 952 1196 1057 1269; x_wconf 90' lang='lat' dir='ltr'><strong>petere</strong></span> 
     </span>
     <span class='ocr_line' id='line_1_13' title="bbox 95 1270 1057 1352; baseline 0.002 -20"><span class='ocrx_word' id='word_1_87' title='bbox 95 1270 315 1332; x_wconf 89' lang='lat' dir='ltr'><strong>contenderunt</strong></span> <span class='ocrx_word' id='word_1_88' title='bbox 338 1280 425 1352; x_wconf 91' lang='lat' dir='ltr'><strong>atque</strong></span> <span class='ocrx_word' id='word_1_89' title='bbox 446 1291 514 1333; x_wconf 93' lang='lat' dir='ltr'><strong>eum</strong></span> <span class='ocrx_word' id='word_1_90' title='bbox 530 1272 656 1334; x_wconf 89' lang='lat' dir='ltr'><strong>decusso</strong></span> <span class='ocrx_word' id='word_1_91' title='bbox 670 1271 795 1332; x_wconf 87' lang='lat' dir='ltr'><strong>Labieni</strong></span> <span class='ocrx_word' id='word_1_92' title='bbox 809 1272 961 1352; x_wconf 89' lang='lat' dir='ltr'><strong>praesidio</strong></span> <span class='ocrx_word' id='word_1_93' title='bbox 978 1274 1057 1334; x_wconf 90' lang='lat' dir='ltr'><strong>cele·</strong></span> 
     </span>
     <span class='ocr_line' id='line_1_14' title="bbox 94 1356 1058 1436; baseline 0.003 -22"><span class='ocrx_word' id='word_1_94' title='bbox 94 1358 169 1414; x_wconf 91' lang='lat' dir='ltr'><strong>riter</strong></span> <span class='ocrx_word' id='word_1_95' title='bbox 196 1366 427 1434; x_wconf 88' lang='lat' dir='ltr'><strong>occupaverunt.</strong></span> <span class='ocrx_word' id='word_1_96' title='bbox 470 1356 623 1418; x_wconf 89' lang='lat' dir='ltr'><strong>Labienus</strong></span> <span class='ocrx_word' id='word_1_97' title='bbox 644 1357 713 1417; x_wconf 85' lang='lat' dir='ltr'><strong>cum</strong></span> <span class='ocrx_word' id='word_1_98' title='bbox 734 1364 819 1435; x_wconf 87' lang='lat' dir='ltr'><strong>parte</strong></span> <span class='ocrx_word' id='word_1_99' title='bbox 847 1359 982 1436; x_wconf 88' lang='lat' dir='ltr'><strong>equitum</strong></span> <span class='ocrx_word' id='word_1_100' title='bbox 1009 1359 1058 1417; x_wconf 87' lang='lat' dir='ltr'><strong>vix</strong></span> 
     </span>
     <span class='ocr_line' id='line_1_15' title="bbox 94 1439 545 1519; baseline 0 -19"><span class='ocrx_word' id='word_1_101' title='bbox 94 1441 165 1517; x_wconf 87' lang='lat' dir='ltr'><strong>luga</strong></span> <span class='ocrx_word' id='word_1_102' title='bbox 187 1439 248 1500; x_wconf 91' lang='lat' dir='ltr'><strong>sibi</strong></span> <span class='ocrx_word' id='word_1_103' title='bbox 269 1443 389 1519; x_wconf 89' lang='lat' dir='ltr'><strong>peperit</strong></span> <span class='ocrx_word' id='word_1_104' title='bbox 409 1442 545 1502; x_wconf 90' lang='lat' dir='ltr'><strong>salutem.</strong></span> 
     </span>
    </p>

    <p class='ocr_par' dir='ltr' id='par_1_3' title="bbox 94 1523 1152 3432">
     <span class='ocr_line' id='line_1_16' title="bbox 157 1523 1092 1605; baseline -0.001 -23"><span class='ocrx_word' id='word_1_105' title='bbox 157 1523 204 1583; x_wconf 94' lang='lat' dir='ltr'><strong>Ll.</strong></span> <span class='ocrx_word' id='word_1_106' title='bbox 248 1523 310 1584; x_wconf 90' lang='lat' dir='ltr'><strong>llac</strong></span> <span class='ocrx_word' id='word_1_107' title='bbox 343 1543 376 1585; x_wconf 90' lang='lat' dir='ltr'><strong>re</strong></span> <span class='ocrx_word' id='word_1_108' title='bbox 405 1543 460 1604; x_wconf 91' lang='lat' dir='ltr'><strong>per</strong></span> <span class='ocrx_word' id='word_1_109' title='bbox 488 1527 605 1605; x_wconf 88' lang='lat' dir='ltr'><strong>equites</strong></span> <span class='ocrx_word' id='word_1_110' title='bbox 630 1533 713 1604; x_wconf 86' lang='lat' dir='ltr'><strong>gesta</strong></span> <span class='ocrx_word' id='word_1_111' title='bbox 742 1525 851 1587; x_wconf 83' lang='lat' dir='ltr'><strong>Caesar</strong></span> <span class='ocrx_word' id='word_1_112' title='bbox 886 1524 1092 1603; x_wconf 85' lang='lat' dir='ltr'><strong>legionibus1</strong></span> 
     </span>
     <span class='ocr_line' id='line_1_17' title="bbox 94 1606 1152 1690; baseline 0.002 -21"><span class='ocrx_word' id='word_1_113' title='bbox 94 1625 186 1686; x_wconf 88' lang='lat' dir='ltr'><strong>opera</strong></span> <span class='ocrx_word' id='word_1_114' title='bbox 208 1606 364 1668; x_wconf 76' lang='lat' dir='ltr'><strong>dIstribuit</strong></span> <span class='ocrx_word' id='word_1_115' title='bbox 390 1618 480 1688; x_wconf 91' lang='lat' dir='ltr'><strong>atque</strong></span> <span class='ocrx_word' id='word_1_116' title='bbox 508 1612 542 1668; x_wconf 92' lang='lat' dir='ltr'><strong>in</strong></span> <span class='ocrx_word' id='word_1_117' title='bbox 569 1627 606 1669; x_wconf 89' lang='lat' dir='ltr'><strong>eo</strong></span> <span class='ocrx_word' id='word_1_118' title='bbox 634 1609 724 1678; x_wconf 85' lang='lat' dir='ltr'><strong>colle,</strong></span> <span class='ocrx_word' id='word_1_119' title='bbox 753 1627 813 1687; x_wconf 92' lang='lat' dir='ltr'><strong>quo</strong></span> <span class='ocrx_word' id='word_1_120' title='bbox 841 1617 906 1670; x_wconf 87' lang='lat' dir='ltr'><strong>erat</strong></span> <span class='ocrx_word' id='word_1_121' title='bbox 933 1612 1073 1688; x_wconf 84' lang='lat' dir='ltr'><strong>potitus,</strong></span> <span class='ocrx_word' id='word_1_122' title='bbox 1143 1683 1152 1690; x_wconf 39' lang='lat'>‚</span> 
     </span>
     <span class='ocr_line' id='line_1_18' title="bbox 95 1691 1094 1771; baseline -0.003 -20"><span class='ocrx_word' id='word_1_123' title='bbox 95 1699 192 1752; x_wconf 90' lang='lat' dir='ltr'><strong>castra</strong></span> <span class='ocrx_word' id='word_1_124' title='bbox 219 1694 356 1753; x_wconf 85' lang='lat' dir='ltr'><strong>munivit.</strong></span> <span class='ocrx_word' id='word_1_125' title='bbox 406 1692 521 1754; x_wconf 87' lang='lat' dir='ltr'><strong>Deinde</strong></span> <span class='ocrx_word' id='word_1_126' title='bbox 548 1691 586 1752; x_wconf 90' lang='lat' dir='ltr'><strong>ab</strong></span> <span class='ocrx_word' id='word_1_127' title='bbox 613 1694 677 1753; x_wconf 90' lang='lat' dir='ltr'><strong>suis</strong></span> <span class='ocrx_word' id='word_1_128' title='bbox 704 1694 842 1752; x_wconf 87' lang='lat' dir='ltr'><strong>maximis</strong></span> <span class='ocrx_word' id='word_1_129' title='bbox 870 1696 977 1754; x_wconf 89' lang='lat' dir='ltr'><strong>castris</strong></span> <span class='ocrx_word' id='word_1_130' title='bbox 1004 1700 1094 1771; x_wconf 75' lang='lat' dir='ltr'><strong>pera</strong></span> 
     </span>
     <span class='ocr_line' id='line_1_19' title="bbox 94 1775 1060 1856; baseline 0.001 -19"><span class='ocrx_word' id='word_1_131' title='bbox 94 1777 229 1837; x_wconf 90' lang='lat' dir='ltr'><strong>medium</strong></span> <span class='ocrx_word' id='word_1_132' title='bbox 251 1793 389 1856; x_wconf 89' lang='lat' dir='ltr'><strong>campum</strong></span> <span class='ocrx_word' id='word_1_133' title='bbox 412 1795 428 1837; x_wconf 92' lang='lat' dir='ltr'><strong>e</strong></span> <span class='ocrx_word' id='word_1_134' title='bbox 451 1779 574 1855; x_wconf 86' lang='lat' dir='ltr'><strong>regione</strong></span> <span class='ocrx_word' id='word_1_135' title='bbox 597 1776 698 1855; x_wconf 90' lang='lat' dir='ltr'><strong>oppidi</strong></span> <span class='ocrx_word' id='word_1_136' title='bbox 721 1775 852 1845; x_wconf 87' lang='lat' dir='ltr'><strong>Uzittae,</strong></span> <span class='ocrx_word' id='word_1_137' title='bbox 876 1776 956 1855; x_wconf 91' lang='lat' dir='ltr'><strong>quod</strong></span> <span class='ocrx_word' id='word_1_138' title='bbox 978 1777 1060 1838; x_wconf 90' lang='lat' dir='ltr'><strong>inter</strong></span> 
     </span>
     <span class='ocr_line' id='line_1_20' title="bbox 95 1860 1058 1940; baseline 0.001 -20"><span class='ocrx_word' id='word_1_139' title='bbox 95 1879 149 1920; x_wconf 88' lang='lat' dir='ltr'><strong>sua</strong></span> <span class='ocrx_word' id='word_1_140' title='bbox 170 1866 268 1922; x_wconf 89' lang='lat' dir='ltr'><strong>castra</strong></span> <span class='ocrx_word' id='word_1_141' title='bbox 290 1868 321 1920; x_wconf 90' lang='lat' dir='ltr'><strong>et</strong></span> <span class='ocrx_word' id='word_1_142' title='bbox 342 1861 493 1940; x_wconf 88' lang='lat' dir='ltr'><strong>Scipionis</strong></span> <span class='ocrx_word' id='word_1_143' title='bbox 513 1863 545 1920; x_wconf 93' lang='lat' dir='ltr'><strong>in</strong></span> <span class='ocrx_word' id='word_1_144' title='bbox 567 1860 699 1939; x_wconf 90' lang='lat' dir='ltr'><strong>planicie</strong></span> <span class='ocrx_word' id='word_1_145' title='bbox 721 1861 854 1939; x_wconf 89' lang='lat' dir='ltr'><strong>positum</strong></span> <span class='ocrx_word' id='word_1_146' title='bbox 881 1868 947 1920; x_wconf 91' lang='lat' dir='ltr'><strong>erat</strong></span> <span class='ocrx_word' id='word_1_147' title='bbox 973 1867 1058 1922; x_wconf 89' lang='lat' dir='ltr'><strong>tene·</strong></span> 
     </span>
     <span class='ocr_line' id='line_1_21' title="bbox 94 1943 1058 2024; baseline 0.002 -21"><span class='ocrx_word' id='word_1_148' title='bbox 94 1943 243 2023; x_wconf 89' lang='lat' dir='ltr'><strong>baturque</strong></span> <span class='ocrx_word' id='word_1_149' title='bbox 264 1962 282 2004; x_wconf 93' lang='lat' dir='ltr'><strong>a</strong></span> <span class='ocrx_word' id='word_1_150' title='bbox 305 1944 464 2024; x_wconf 89' lang='lat' dir='ltr'><strong>Scipione,</strong></span> <span class='ocrx_word' id='word_1_151' title='bbox 489 1943 548 2005; x_wconf 94' lang='lat' dir='ltr'><strong>duo</strong></span> <span class='ocrx_word' id='word_1_152' title='bbox 570 1944 694 2005; x_wconf 91' lang='lat' dir='ltr'><strong>brachia</strong></span> <span class='ocrx_word' id='word_1_153' title='bbox 717 1945 850 2004; x_wconf 89' lang='lat' dir='ltr'><strong>instituit</strong></span> <span class='ocrx_word' id='word_1_154' title='bbox 872 1943 951 2012; x_wconf 88' lang='lat' dir='ltr'><strong>duci,</strong></span> <span class='ocrx_word' id='word_1_155' title='bbox 964 1952 996 2005; x_wconf 85' lang='lat' dir='ltr'><strong>et</strong></span> <span class='ocrx_word' id='word_1_156' title='bbox 1017 1946 1058 2005; x_wconf 88' lang='lat' dir='ltr'><strong>ita</strong></span> 
     </span>
     <span class='ocr_line' id='line_1_22' title="bbox 95 2026 1059 2113; baseline 0.001 -25"><span class='ocrx_word' id='word_1_157' title='bbox 95 2026 242 2104; x_wconf 89' lang='lat' dir='ltr'><strong>dirigere,</strong></span> <span class='ocrx_word' id='word_1_158' title='bbox 279 2036 313 2088; x_wconf 89' lang='lat' dir='ltr'><strong>ut</strong></span> <span class='ocrx_word' id='word_1_159' title='bbox 348 2029 384 2089; x_wconf 93' lang='lat' dir='ltr'><strong>ad</strong></span> <span class='ocrx_word' id='word_1_160' title='bbox 412 2029 555 2108; x_wconf 81' lang='lat' dir='ltr'><strong>angulum</strong></span> <span class='ocrx_word' id='word_1_161' title='bbox 581 2027 720 2089; x_wconf 81' lang='lat' dir='ltr'><strong>dextrum</strong></span> <span class='ocrx_word' id='word_1_162' title='bbox 749 2029 966 2113; x_wconf 84' lang='lat' dir='ltr'><strong>sinistrumque</strong></span> <span class='ocrx_word' id='word_1_163' title='bbox 993 2031 1059 2089; x_wconf 91' lang='lat' dir='ltr'><strong>eius</strong></span> 
     </span>
     <span class='ocr_line' id='line_1_23' title="bbox 96 2111 1092 2192; baseline 0 -21"><span class='ocrx_word' id='word_1_164' title='bbox 96 2111 199 2191; x_wconf 90' lang='lat' dir='ltr'><strong>oppidi</strong></span> <span class='ocrx_word' id='word_1_165' title='bbox 229 2114 433 2174; x_wconf 90' lang='lat' dir='ltr'><strong>convenirent.</strong></span> <span class='ocrx_word' id='word_1_166' title='bbox 484 2113 518 2173; x_wconf 90' lang='lat' dir='ltr'><strong>ld</strong></span> <span class='ocrx_word' id='word_1_167' title='bbox 546 2112 603 2173; x_wconf 91' lang='lat' dir='ltr'><strong>bac</strong></span> <span class='ocrx_word' id='word_1_168' title='bbox 630 2115 747 2174; x_wconf 92' lang='lat' dir='ltr'><strong>ratione</strong></span> <span class='ocrx_word' id='word_1_169' title='bbox 775 2128 852 2192; x_wconf 90' lang='lat' dir='ltr'><strong>opus</strong></span> <span class='ocrx_word' id='word_1_170' title='bbox 880 2112 1092 2181; x_wconf 68' lang='lat' dir='ltr'><strong>instruebatis</strong></span> 
     </span>
     <span class='ocr_line' id='line_1_24' title="bbox 95 2195 1059 2277; baseline 0.002 -22"><span class='ocrx_word' id='word_1_171' title='bbox 95 2203 138 2264; x_wconf 93' lang='lat' dir='ltr'><strong>ut,</strong></span> <span class='ocrx_word' id='word_1_172' title='bbox 163 2213 232 2256; x_wconf 90' lang='lat' dir='ltr'><strong>cum</strong></span> <span class='ocrx_word' id='word_1_173' title='bbox 254 2199 379 2276; x_wconf 88' lang='lat' dir='ltr'><strong>propius</strong></span> <span class='ocrx_word' id='word_1_174' title='bbox 393 2197 536 2277; x_wconf 91' lang='lat' dir='ltr'><strong>oppidum</strong></span> <span class='ocrx_word' id='word_1_175' title='bbox 552 2199 654 2276; x_wconf 85' lang='lat' dir='ltr'><strong>copias</strong></span> <span class='ocrx_word' id='word_1_176' title='bbox 668 2195 848 2258; x_wconf 85' lang='lat' dir='ltr'><strong>admovisset</strong></span> <span class='ocrx_word' id='word_1_177' title='bbox 868 2213 1059 2276; x_wconf 84' lang='lat' dir='ltr'><strong>oppugnare·</strong></span> 
     </span>
     <span class='ocr_line' id='line_1_25' title="bbox 96 2279 1058 2359; baseline 0.002 -19"><span class='ocrx_word' id='word_1_178' title='bbox 96 2298 154 2359; x_wconf 91' lang='lat' dir='ltr'><strong>que</strong></span> <span class='ocrx_word' id='word_1_179' title='bbox 177 2283 342 2359; x_wconf 88' lang='lat' dir='ltr'><strong>coepisset,</strong></span> <span class='ocrx_word' id='word_1_180' title='bbox 370 2289 450 2344; x_wconf 92' lang='lat' dir='ltr'><strong>tccta</strong></span> <span class='ocrx_word' id='word_1_181' title='bbox 478 2282 572 2343; x_wconf 90' lang='lat' dir='ltr'><strong>latera</strong></span> <span class='ocrx_word' id='word_1_182' title='bbox 593 2282 657 2341; x_wconf 92' lang='lat' dir='ltr'><strong>suis</strong></span> <span class='ocrx_word' id='word_1_183' title='bbox 678 2279 900 2342; x_wconf 89' lang='lat' dir='ltr'><strong>munitionibus</strong></span> <span class='ocrx_word' id='word_1_184' title='bbox 922 2280 1058 2351; x_wconf 87' lang='lat' dir='ltr'><strong>haberet,</strong></span> 
     </span>
     <span class='ocr_line' id='line_1_26' title="bbox 95 2363 1058 2445; baseline 0.003 -22"><span class='ocrx_word' id='word_1_185' title='bbox 95 2381 134 2424; x_wconf 90' lang='lat' dir='ltr'><strong>ne</strong></span> <span class='ocrx_word' id='word_1_186' title='bbox 156 2364 193 2424; x_wconf 91' lang='lat' dir='ltr'><strong>ab</strong></span> <span class='ocrx_word' id='word_1_187' title='bbox 217 2367 367 2444; x_wconf 88' lang='lat' dir='ltr'><strong>equitatus</strong></span> <span class='ocrx_word' id='word_1_188' title='bbox 387 2366 582 2427; x_wconf 88' lang='lat' dir='ltr'><strong>multitudino</strong></span> <span class='ocrx_word' id='word_1_189' title='bbox 598 2366 821 2426; x_wconf 87' lang='lat' dir='ltr'><strong>circumventus</strong></span> <span class='ocrx_word' id='word_1_190' title='bbox 843 2363 881 2424; x_wconf 92' lang='lat' dir='ltr'><strong>ab</strong></span> <span class='ocrx_word' id='word_1_191' title='bbox 904 2383 1058 2445; x_wconf 89' lang='lat' dir='ltr'><strong>oppugna·</strong></span> 
     </span>
     <span class='ocr_line' id='line_1_27' title="bbox 95 2446 1059 2530; baseline 0 -23"><span class='ocrx_word' id='word_1_192' title='bbox 95 2451 179 2509; x_wconf 88' lang='lat' dir='ltr'><strong>tione</strong></span> <span class='ocrx_word' id='word_1_193' title='bbox 191 2446 407 2519; x_wconf 88' lang='lat' dir='ltr'><strong>deterreretur,</strong></span> <span class='ocrx_word' id='word_1_194' title='bbox 422 2457 589 2530; x_wconf 89' lang='lat' dir='ltr'><strong>praeterea,</strong></span> <span class='ocrx_word' id='word_1_195' title='bbox 605 2449 801 2528; x_wconf 84' lang='lat' dir='ltr'><strong>quosaoilius</strong></span> <span class='ocrx_word' id='word_1_196' title='bbox 816 2448 976 2527; x_wconf 90' lang='lat' dir='ltr'><strong>conloquia</strong></span> <span class='ocrx_word' id='word_1_197' title='bbox 991 2450 1059 2509; x_wconf 87' lang='lat' dir='ltr'><strong>fieri</strong></span> 
     </span>
     <span class='ocr_line' id='line_1_28' title="bbox 96 2531 1059 2614; baseline 0 -23"><span class='ocrx_word' id='word_1_198' title='bbox 96 2539 233 2610; x_wconf 91' lang='lat' dir='ltr'><strong>possent,</strong></span> <span class='ocrx_word' id='word_1_199' title='bbox 263 2541 294 2593; x_wconf 90' lang='lat' dir='ltr'><strong>et</strong></span> <span class='ocrx_word' id='word_1_200' title='bbox 322 2535 348 2594; x_wconf 90' lang='lat' dir='ltr'><strong>sl</strong></span> <span class='ocrx_word' id='word_1_201' title='bbox 375 2536 425 2613; x_wconf 92' lang='lat' dir='ltr'><strong>qui</strong></span> <span class='ocrx_word' id='word_1_202' title='bbox 448 2536 610 2614; x_wconf 78' lang='lat' dir='ltr'><strong>perfugere</strong></span> <span class='ocrx_word' id='word_1_203' title='bbox 637 2532 764 2601; x_wconf 82' lang='lat' dir='ltr'><strong>vellent,</strong></span> <span class='ocrx_word' id='word_1_204' title='bbox 797 2531 829 2592; x_wconf 94' lang='lat' dir='ltr'><strong>id</strong></span> <span class='ocrx_word' id='word_1_205' title='bbox 861 2531 940 2610; x_wconf 93' lang='lat' dir='ltr'><strong>quod</strong></span> <span class='ocrx_word' id='word_1_206' title='bbox 972 2538 1059 2593; x_wconf 90' lang='lat' dir='ltr'><strong>antea</strong></span> 
     </span>
     <span class='ocr_line' id='line_1_29' title="bbox 96 2611 1059 2696; baseline 0.001 -21"><span class='ocrx_word' id='word_1_207' title='bbox 96 2633 185 2695; x_wconf 87' lang='lat' dir='ltr'><strong>saepe</strong></span> <span class='ocrx_word' id='word_1_208' title='bbox 207 2617 363 2678; x_wconf 89' lang='lat' dir='ltr'><strong>accidebat</strong></span> <span class='ocrx_word' id='word_1_209' title='bbox 384 2635 492 2696; x_wconf 85' lang='lat' dir='ltr'><strong>magno</strong></span> <span class='ocrx_word' id='word_1_210' title='bbox 508 2634 576 2679; x_wconf 90' lang='lat' dir='ltr'><strong>oum</strong></span> <span class='ocrx_word' id='word_1_211' title='bbox 593 2634 697 2678; x_wconf 87' lang='lat' dir='ltr'><strong>eorum</strong></span> <span class='ocrx_word' id='word_1_212' title='bbox 713 2615 860 2696; x_wconf 88' lang='lat' dir='ltr'><strong>periculo,</strong></span> <span class='ocrx_word' id='word_1_213' title='bbox 883 2611 948 2676; x_wconf 89' lang='lat' dir='ltr'><strong>tum</strong></span> <span class='ocrx_word' id='word_1_214' title='bbox 970 2616 1059 2678; x_wconf 85' lang='lat' dir='ltr'><strong>iacilo</strong></span> 
     </span>
     <span class='ocr_line' id='line_1_30' title="bbox 97 2701 1096 2779; baseline 0.002 -21"><span class='ocrx_word' id='word_1_215' title='bbox 97 2706 127 2759; x_wconf 91' lang='lat' dir='ltr'><strong>et</strong></span> <span class='ocrx_word' id='word_1_216' title='bbox 148 2702 213 2760; x_wconf 91' lang='lat' dir='ltr'><strong>sine</strong></span> <span class='ocrx_word' id='word_1_217' title='bbox 235 2703 372 2779; x_wconf 90' lang='lat' dir='ltr'><strong>periculo</strong></span> <span class='ocrx_word' id='word_1_218' title='bbox 400 2704 496 2763; x_wconf 88' lang='lat' dir='ltr'><strong>fieret.</strong></span> <span class='ocrx_word' id='word_1_219' title='bbox 551 2701 651 2762; x_wconf 87' lang='lat' dir='ltr'><strong>Voluit</strong></span> <span class='ocrx_word' id='word_1_220' title='bbox 684 2705 774 2762; x_wconf 87' lang='lat' dir='ltr'><strong>etiam</strong></span> <span class='ocrx_word' id='word_1_221' title='bbox 806 2702 956 2779; x_wconf 86' lang='lat' dir='ltr'><strong>experiri,</strong></span> <span class='ocrx_word' id='word_1_222' title='bbox 991 2712 1096 2762; x_wconf 87' lang='lat' dir='ltr'><strong>oum4</strong></span> 
     </span>
     <span class='ocr_line' id='line_1_31' title="bbox 96 2781 1058 2863; baseline 0.001 -22"><span class='ocrx_word' id='word_1_223' title='bbox 96 2785 221 2863; x_wconf 87' lang='lat' dir='ltr'><strong>propius</strong></span> <span class='ocrx_word' id='word_1_224' title='bbox 242 2784 359 2845; x_wconf 88' lang='lat' dir='ltr'><strong>bostem</strong></span> <span class='ocrx_word' id='word_1_225' title='bbox 380 2789 571 2854; x_wconf 87' lang='lat' dir='ltr'><strong>accessisset,</strong></span> <span class='ocrx_word' id='word_1_226' title='bbox 600 2784 765 2846; x_wconf 85' lang='lat' dir='ltr'><strong>haberetne</strong></span> <span class='ocrx_word' id='word_1_227' title='bbox 791 2784 948 2843; x_wconf 90' lang='lat' dir='ltr'><strong>inanimo</strong></span> <span class='ocrx_word' id='word_1_228' title='bbox 971 2781 1058 2843; x_wconf 88' lang='lat' dir='ltr'><strong>dimi·</strong></span> 
     </span>
     <span class='ocr_line' id='line_1_32' title="bbox 97 2865 1095 2946; baseline 0.004 -23"><span class='ocrx_word' id='word_1_229' title='bbox 97 2882 176 2924; x_wconf 88' lang='lat' dir='ltr'><strong>care.</strong></span> <span class='ocrx_word' id='word_1_230' title='bbox 230 2867 400 2929; x_wconf 82' lang='lat' dir='ltr'><strong>Accedebat</strong></span> <span class='ocrx_word' id='word_1_231' title='bbox 427 2871 517 2929; x_wconf 91' lang='lat' dir='ltr'><strong>etiam</strong></span> <span class='ocrx_word' id='word_1_232' title='bbox 544 2867 582 2928; x_wconf 91' lang='lat' dir='ltr'><strong>ad</strong></span> <span class='ocrx_word' id='word_1_233' title='bbox 602 2867 736 2946; x_wconf 90' lang='lat' dir='ltr'><strong>reliquas</strong></span> <span class='ocrx_word' id='word_1_234' title='bbox 758 2884 878 2935; x_wconf 86' lang='lat' dir='ltr'><strong>causas,</strong></span> <span class='ocrx_word' id='word_1_235' title='bbox 920 2865 1001 2944; x_wconf 93' lang='lat' dir='ltr'><strong>quod</strong></span> <span class='ocrx_word' id='word_1_236' title='bbox 1032 2869 1095 2927; x_wconf 72' lang='lat' dir='ltr'><strong>iso</strong></span> 
     </span>
     <span class='ocr_line' id='line_1_33' title="bbox 96 2947 1084 3031; baseline 0.002 -23"><span class='ocrx_word' id='word_1_237' title='bbox 96 2949 181 3010; x_wconf 90' lang='lat' dir='ltr'><strong>locus</strong></span> <span class='ocrx_word' id='word_1_238' title='bbox 204 2949 364 3029; x_wconf 89' lang='lat' dir='ltr'><strong>depressus</strong></span> <span class='ocrx_word' id='word_1_239' title='bbox 386 2960 451 3013; x_wconf 89' lang='lat' dir='ltr'><strong>erat</strong></span> <span class='ocrx_word' id='word_1_240' title='bbox 472 2953 616 3031; x_wconf 89' lang='lat' dir='ltr'><strong>puteique</strong></span> <span class='ocrx_word' id='word_1_241' title='bbox 637 2950 682 3011; x_wconf 92' lang='lat' dir='ltr'><strong>ibi</strong></span> <span class='ocrx_word' id='word_1_242' title='bbox 706 2947 875 3030; x_wconf 87' lang='lat' dir='ltr'><strong>[nonnulli]</strong></span> <span class='ocrx_word' id='word_1_243' title='bbox 898 2950 965 3010; x_wconf 85' lang='lat' dir='ltr'><strong>lieri</strong></span> <span class='ocrx_word' id='word_1_244' title='bbox 987 2953 1084 3026; x_wconf 9' lang='lat' dir='ltr'><strong>con-y¹</strong></span> 
     </span>
     <span class='ocr_line' id='line_1_34' title="bbox 96 3034 1059 3115; baseline 0.001 -23"><span class='ocrx_word' id='word_1_245' title='bbox 96 3034 198 3111; x_wconf 91' lang='lat' dir='ltr'><strong>plures</strong></span> <span class='ocrx_word' id='word_1_246' title='bbox 220 3040 372 3113; x_wconf 90' lang='lat' dir='ltr'><strong>poterant:</strong></span> <span class='ocrx_word' id='word_1_247' title='bbox 396 3037 556 3115; x_wconf 91' lang='lat' dir='ltr'><strong>aquatione</strong></span> <span class='ocrx_word' id='word_1_248' title='bbox 579 3036 660 3095; x_wconf 90' lang='lat' dir='ltr'><strong>enim</strong></span> <span class='ocrx_word' id='word_1_249' title='bbox 683 3034 772 3111; x_wconf 85' lang='lat' dir='ltr'><strong>longa</strong></span> <span class='ocrx_word' id='word_1_250' title='bbox 795 3042 826 3094; x_wconf 91' lang='lat' dir='ltr'><strong>et</strong></span> <span class='ocrx_word' id='word_1_251' title='bbox 846 3040 971 3111; x_wconf 89' lang='lat' dir='ltr'><strong>angusta</strong></span> <span class='ocrx_word' id='word_1_252' title='bbox 993 3040 1059 3093; x_wconf 91' lang='lat' dir='ltr'><strong>ute·</strong></span> 
     </span>
     <span class='ocr_line' id='line_1_35' title="bbox 99 3117 1094 3198; baseline 0.002 -22"><span class='ocrx_word' id='word_1_253' title='bbox 99 3118 195 3177; x_wconf 88' lang='lat' dir='ltr'><strong>batur.</strong></span> <span class='ocrx_word' id='word_1_254' title='bbox 239 3117 316 3179; x_wconf 83' lang='lat' dir='ltr'><strong>lium</strong></span> <span class='ocrx_word' id='word_1_255' title='bbox 337 3117 413 3180; x_wconf 90' lang='lat' dir='ltr'><strong>baec</strong></span> <span class='ocrx_word' id='word_1_256' title='bbox 434 3135 535 3198; x_wconf 87' lang='lat' dir='ltr'><strong>opera,</strong></span> <span class='ocrx_word' id='word_1_257' title='bbox 558 3136 634 3198; x_wconf 91' lang='lat' dir='ltr'><strong>quae</strong></span> <span class='ocrx_word' id='word_1_258' title='bbox 656 3124 724 3179; x_wconf 91' lang='lat' dir='ltr'><strong>ante</strong></span> <span class='ocrx_word' id='word_1_259' title='bbox 748 3118 819 3187; x_wconf 81' lang='lat' dir='ltr'><strong>dixi,</strong></span> <span class='ocrx_word' id='word_1_260' title='bbox 842 3118 956 3178; x_wconf 89' lang='lat' dir='ltr'><strong>fiebant</strong></span> <span class='ocrx_word' id='word_1_261' title='bbox 976 3134 993 3177; x_wconf 91' lang='lat' dir='ltr'><strong>a</strong></span> <span class='ocrx_word' id='word_1_262' title='bbox 1014 3118 1094 3178; x_wconf 72' lang='lat' dir='ltr'><strong>leo</strong></span> 
     </span>
     <span class='ocr_line' id='line_1_36' title="bbox 97 3200 1058 3282; baseline 0 -21"><span class='ocrx_word' id='word_1_263' title='bbox 97 3201 254 3278; x_wconf 89' lang='lat' dir='ltr'><strong>gionibus,</strong></span> <span class='ocrx_word' id='word_1_264' title='bbox 289 3205 412 3264; x_wconf 90' lang='lat' dir='ltr'><strong>interim</strong></span> <span class='ocrx_word' id='word_1_265' title='bbox 444 3220 514 3282; x_wconf 87' lang='lat' dir='ltr'><strong>pars</strong></span> <span class='ocrx_word' id='word_1_266' title='bbox 541 3204 607 3264; x_wconf 88' lang='lat' dir='ltr'><strong>acie</strong></span> <span class='ocrx_word' id='word_1_267' title='bbox 634 3209 703 3263; x_wconf 92' lang='lat' dir='ltr'><strong>ante</strong></span> <span class='ocrx_word' id='word_1_268' title='bbox 731 3219 807 3281; x_wconf 93' lang='lat' dir='ltr'><strong>opus</strong></span> <span class='ocrx_word' id='word_1_269' title='bbox 833 3203 979 3262; x_wconf 88' lang='lat' dir='ltr'><strong>instructa</strong></span> <span class='ocrx_word' id='word_1_270' title='bbox 1001 3200 1058 3263; x_wconf 91' lang='lat' dir='ltr'><strong>sub</strong></span> 
     </span>
     <span class='ocr_line' id='line_1_37' title="bbox 98 3285 1057 3367; baseline 0.002 -23"><span class='ocrx_word' id='word_1_271' title='bbox 98 3285 181 3346; x_wconf 92' lang='lat' dir='ltr'><strong>hoste</strong></span> <span class='ocrx_word' id='word_1_272' title='bbox 204 3285 318 3355; x_wconf 90' lang='lat' dir='ltr'><strong>stabat;</strong></span> <span class='ocrx_word' id='word_1_273' title='bbox 349 3289 467 3367; x_wconf 89' lang='lat' dir='ltr'><strong>equites</strong></span> <span class='ocrx_word' id='word_1_274' title='bbox 490 3285 611 3347; x_wconf 90' lang='lat' dir='ltr'><strong>barbari</strong></span> <span class='ocrx_word' id='word_1_275' title='bbox 634 3286 767 3366; x_wconf 90' lang='lat' dir='ltr'><strong>levisque</strong></span> <span class='ocrx_word' id='word_1_276' title='bbox 785 3292 953 3347; x_wconf 88' lang='lat' dir='ltr'><strong>armaturae</strong></span> <span class='ocrx_word' id='word_1_277' title='bbox 968 3303 1057 3365; x_wconf 79' lang='lat' dir='ltr'><strong>proe-</strong></span> 
     </span>
     <span class='ocr_line' id='line_1_38' title="bbox 98 3368 702 3432; baseline 0.002 -4"><span class='ocrx_word' id='word_1_278' title='bbox 98 3368 147 3429; x_wconf 91' lang='lat' dir='ltr'><strong>liis</strong></span> <span class='ocrx_word' id='word_1_279' title='bbox 170 3372 295 3431; x_wconf 91' lang='lat' dir='ltr'><strong>minutis</strong></span> <span class='ocrx_word' id='word_1_280' title='bbox 318 3375 487 3432; x_wconf 89' lang='lat' dir='ltr'><strong>comminus</strong></span> <span class='ocrx_word' id='word_1_281' title='bbox 510 3369 702 3432; x_wconf 90' lang='lat' dir='ltr'><strong>dimicabant.</strong></span> 
     </span>
    </p>

    <p class='ocr_par' dir='ltr' id='par_1_4' title="bbox 95 3453 1111 3540">
     <span class='ocr_line' id='line_1_39' title="bbox 95 3453 1111 3540; baseline -0.008 -27"><span class='ocrx_word' id='word_1_282' title='bbox 95 3531 104 3540; x_wconf 92' lang='lat'><strong>..</strong></span> <span class='ocrx_word' id='word_1_283' title='bbox 159 3453 219 3514; x_wconf 95' lang='lat' dir='ltr'><strong>Lll.</strong></span> <span class='ocrx_word' id='word_1_284' title='bbox 265 3454 372 3516; x_wconf 85' lang='lat' dir='ltr'><strong>Caesar</strong></span> <span class='ocrx_word' id='word_1_285' title='bbox 395 3455 491 3516; x_wconf 90' lang='lat' dir='ltr'><strong>abeo</strong></span> <span class='ocrx_word' id='word_1_286' title='bbox 514 3473 604 3535; x_wconf 92' lang='lat' dir='ltr'><strong>opere</strong></span> <span class='ocrx_word' id='word_1_287' title='bbox 632 3473 700 3515; x_wconf 93' lang='lat' dir='ltr'><strong>cum</strong></span> <span class='ocrx_word' id='word_1_288' title='bbox 728 3457 790 3516; x_wconf 77' lang='lat' dir='ltr'><strong>inm</strong></span> <span class='ocrx_word' id='word_1_289' title='bbox 816 3453 877 3518; x_wconf 82' lang='lat' dir='ltr'><strong>sub</strong></span> <span class='ocrx_word' id='word_1_290' title='bbox 899 3463 1111 3530; x_wconf 62' lang='lat' dir='ltr'><strong>uesperum</strong></span> 
     </span>
    </p>
   </div>
   <div class='ocr_carea' id='block_1_3' title="bbox 0 0 1188 3870">
    <p class='ocr_par' dir='ltr' id='par_1_5' title="bbox 0 0 1188 3870">
     <span class='ocr_line' id='line_1_40' title="bbox 0 0 1188 3870; baseline 0 0"><span class='ocrx_word' id='word_1_291' title='bbox 0 0 1188 3870; x_wconf 95' lang='lat' dir='ltr'><strong> </strong></span> 
     </span>
    </p>
   </div>
  </div>
 </body>
</html>
