2356 3870
345 205 444 262 obtul.
460 205 513 261 llll.
530 205 600 261 GAP.
616 204 776 261 Vlll-lllll.
1006 210 1045 269 ob

82 380 145 433 tatu
160 376 392 438 antecesserant,
407 369 506 436 mittit,
524 370 575 445 qui
590 369 771 433 nuntiarent.
788 387 826 428 ne
842 368 941 430 hostes
956 387 1044 448 proe-

81 456 120 516 ho
135 454 319 515 lacesserent
333 459 371 519 et,
388 454 413 512 si
427 453 485 530 ipsi
499 451 727 520 lacesserentur,
744 455 935 523 sustinerent,
950 452 1045 529 quoad

80 543 145 619 ipse
159 554 230 599 cum
245 538 377 596 exercitu
392 537 515 614 propius
530 538 713 596 accessisset.

143 621 195 682 xh
231 621 268 680 nt
282 617 396 688 hostes,
419 619 471 678 ubi
485 620 616 697 prImum
636 629 756 679 nostros
778 621 892 696 equites
920 628 1072 699 conspe-l

81 711 200 779 xerunt,
217 719 346 780 quorum
357 712 421 762 erat
431 721 452 763 v
463 702 578 762 millum
587 719 739 770 numerus,
756 719 824 764 cum
838 705 895 780 ipsi
907 722 968 763 non
983 722 1044 764 am·

80 788 161 868 plius
176 789 364 863 octingentos
380 787 495 861 equites
508 783 670 853 heberent,
695 784 773 860 quod
787 787 823 854 ii,
846 789 897 862 qui
911 789 1044 847 frumen·

80 871 165 932 tandi
179 888 268 930 causa
281 871 378 929 ierant
392 877 473 928 trans
488 869 615 936 Mosam,
638 867 771 928 nondum
786 869 951 938 redierant,
973 869 1046 930 nihil

80 953 255 1014 timentibus
270 954 395 1020 nostris,
417 951 496 1029 quod
516 951 605 1028 legati
626 968 731 1011 corum
746 951 833 1029 paulo
854 960 923 1012 ante
940 970 956 1011 a
972 953 1043 1014 Cae·

80 1056 149 1099 sare
164 1037 362 1097 discesserant
376 1041 464 1111 atque
478 1037 504 1094 is
518 1034 581 1094 dles
595 1033 717 1094 indutiis
732 1043 795 1094 erat
810 1035 846 1095 ab
861 1034 907 1095 his
922 1039 1043 1113 petitus,

81 1124 197 1199 impetu
210 1120 288 1180 Iacto
305 1118 441 1179 celeriter
454 1126 574 1178 nostros
588 1118 854 1196 perturbaverunt3
871 1138 979 1180 rursus
993 1139 1041 1180 re·
1059 1129 1074 1177 t

80 1203 273 1272 sistentibus,
296 1201 509 1262 consuetudine
525 1219 578 1260 sua
593 1201 629 1260 ad
643 1201 735 1278 pedes
750 1200 951 1271 desiluerunt,
974 1202 1043 1263 sub·

80 1290 170 1348 lossis
193 1287 277 1363 equis
298 1284 551 1363 conpluribusque
576 1287 686 1344 nostris
712 1285 834 1344 deiectis
859 1285 990 1362 reliquos
1015 1289 1045 1346 in

82 1373 184 1448 lugam
205 1370 398 1430 contecerunt
412 1376 501 1444 atque
516 1370 557 1428 ita
576 1370 753 1446 perterritos
769 1377 908 1445 egerunt,
930 1376 964 1429 ut
984 1387 1044 1430 non

81 1457 166 1533 prius
181 1455 250 1530 luga
265 1453 456 1520 desisterent,
478 1468 567 1527 quam
587 1453 617 1511 in
638 1460 830 1530 conspectum
850 1454 975 1529 agminis
990 1471 1043 1512 no·

82 1540 138 1598 stri
152 1538 311 1597 venissent.
351 1535 384 1595 ln
405 1552 441 1594 eo
456 1535 571 1612 proelio
587 1553 622 1594 ex
645 1534 793 1611 equitibus
808 1537 917 1595 uostris
932 1537 1044 1596 interli-
1060 1542 1074 1592 a

82 1623 202 1681 ciuntur
218 1626 357 1696 quattuor
373 1625 402 1677 et
417 1619 611 1696 septuaginta,
623 1620 654 1677 in
669 1618 715 1677 his
727 1620 771 1677 vIr
785 1620 966 1678 fortissimus
977 1621 1044 1679 Piso
1059 1629 1074 1674 t

82 1706 254 1780 Aquitanus,
272 1701 452 1780 amplissimo
464 1718 574 1778 genere
589 1708 685 1769 natus,
700 1703 784 1763 cuius
799 1719 869 1761 avus
881 1703 912 1762 in
928 1703 1043 1762 civitate

81 1805 135 1847 sua
150 1803 277 1864 regnum
291 1784 474 1854 obtinuerat,
496 1786 607 1844 amicus
623 1783 660 1844 ab
675 1790 786 1845 senatu
795 1795 897 1844 nostro
913 1785 1042 1863 appella·

82 1879 139 1930 tus.
177 1869 232 1929 ihc
252 1886 320 1929 cum
341 1869 425 1928 fratri
444 1866 606 1928 intercluso
627 1867 664 1927 ab
679 1867 813 1928 hostibus
828 1867 969 1929 auxilium
985 1871 1075 1929 fer-5

81 1964 144 2021 ret,
164 1952 248 2013 illum
271 1969 306 2012 ex
320 1950 453 2029 periculo
469 1953 592 2029 eripuit,
613 1952 677 2028 lpse
699 1969 775 2028 equo
791 1950 943 2012 vulnerato
964 1952 1042 2011 deie-

81 2044 165 2104 ctus,
182 2035 277 2112 quoad
292 2037 402 2113 potuit,
418 2036 579 2094 lortIssimc
594 2037 717 2102 restitit;
742 2053 810 2095 cum
825 2036 1075 2096 circumventuso

81 2119 184 2180 multis
199 2117 369 2179 vulneribus
390 2120 519 2197 acceptis
534 2116 689 2178 cecidisset
709 2125 798 2196 atque
818 2119 848 2179 id
868 2119 970 2188 frater,
994 2121 1045 2195 qui

81 2205 140 2262 iam
161 2201 275 2280 proelio
297 2211 478 2269 excesserat,
506 2199 611 2279 procul
632 2203 900 2272 animadvertisset,
923 2205 1044 2262 incitato

81 2302 161 2362 equo
176 2303 208 2345 se
223 2283 358 2345 hostibus
372 2284 479 2362 optulit
493 2293 583 2362 atque
599 2286 775 2346 interiectus
791 2293 844 2347 est,

145 2367 222 2429 XIII.
246 2368 308 2428 Hoc
329 2369 405 2429 iacto
420 2367 534 2447 proelio
551 2368 657 2429 Caesar
672 2386 769 2445 neque
784 2371 842 2430 iam
858 2368 914 2429 sibi
929 2367 1042 2446 legatos
1059 2377 1069 2425 t

80 2451 245 2513 audiendos
265 2469 363 2528 neque
377 2452 564 2512 condiciones
585 2453 770 2531 accipiendas
791 2451 991 2513 arbitrabatur
1005 2452 1043 2512 ab

80 2538 126 2605 iis,
144 2537 197 2612 qui
210 2553 264 2612 per
279 2534 379 2596 dolum
394 2543 482 2612 atque
497 2535 627 2604 iusidias,
640 2540 731 2614 petita
743 2555 823 2615 pace,
841 2534 920 2596 ultro
932 2534 1043 2595 bellum

80 2618 267 2687 Intulissent3
284 2625 441 2697 expectare
456 2637 535 2688 vcro,
552 2619 622 2678 dum
638 2619 766 2680 hostium
782 2622 882 2698 copiae
897 2636 1042 2696 augmen·
1059 2630 1074 2678 2

81 2717 130 2763 tur
146 2703 353 2779 equitatusque
368 2709 577 2771 reverteretur,
592 2721 724 2763 summae
737 2703 901 2763 dementiae
917 2721 982 2762 esse
997 2705 1041 2762 iu·

82 2785 212 2854 dicabat,
234 2793 265 2845 et
290 2787 407 2864 cognita
427 2785 576 2846 Gallorum
604 2787 789 2854 infirmitate,
817 2793 959 2862 quantum
986 2787 1073 2844 iamt

82 2869 159 2948 apud
176 2887 227 2929 eos
243 2867 343 2929 hostes
358 2886 418 2929 uuo
433 2869 547 2947 proelio
569 2871 752 2930 auctoritatis
768 2878 867 2929 essent
882 2870 1042 2937 consecuti,

81 2951 243 3020 sentiebam
276 2952 384 3030 quibus
404 2952 441 3013 ad
462 2953 584 3014 consilia
604 2951 745 3031 capienda
771 2950 844 3012 nihll
865 2952 951 3030 spatii
971 2951 1041 3012 dan·

81 3036 152 3096 dum
174 3036 368 3096 exisIImabat.
410 3036 462 3098 His
484 3037 650 3097 constitutis
671 3034 761 3096 rebus
782 3043 811 3096 et
831 3035 955 3096 consilio
977 3046 1074 3097 cumn

80 3119 186 3197 legatis
202 3127 231 3181 et
247 3127 405 3196 quaestore
420 3121 649 3187 communicato,
671 3137 709 3180 ne
728 3138 816 3197 quem
832 3120 910 3180 diem
925 3137 1041 3199 pugnae

80 3204 349 3281 praetermitteret,
372 3205 621 3282 opportunissima
636 3222 684 3265 res
700 3205 819 3271 accidit,
837 3204 916 3281 quod
932 3204 1040 3282 postri-

80 3288 128 3346 die
151 3287 216 3346 eius
237 3287 296 3347 diei
315 3305 402 3348 mane
423 3287 525 3347 cadem
547 3297 577 3346 et
596 3288 718 3366 pertidia
741 3295 770 3347 et
791 3287 976 3348 simulatione
997 3284 1043 3347 usi

81 3369 223 3430 Germani
251 3371 422 3446 frequentes
452 3369 589 3430 omnibus
614 3371 799 3450 priucipibus
819 3369 1041 3447 maioribusque

80 3461 151 3513 natu
167 3451 305 3514 adhibitis
320 3453 357 3514 ad
373 3471 440 3514 eum
455 3456 485 3514 iu
501 3461 596 3515 castra
613 3465 772 3523 venerunt,
794 3453 896 3523 stmul,
913 3469 946 3515 ut
961 3451 1068 3514 ilco-o

121 3567 146 3603 c.
160 3565 222 3604 run.
235 3567 350 3603 canses.
862 3545 881 3599 5
