2356 3870
78 270 86 283 =
159 239 222 300 114
435 240 581 298 BELLUM
595 239 844 296 HISPANIENSE.

159 391 357 470 praesidium,
390 392 497 469 vigiles
526 392 676 469 iugulant.
708 397 810 470 portas
838 391 1055 470 praecludunt,
1087 390 1127 452 de

159 479 277 553 integro
297 493 432 553 pugnare
454 483 628 554 coeperunt.

118 572 138 618 ι
224 560 352 620 XXXVI.
396 559 473 620 Dum
507 561 580 620 baec
612 567 774 638 gemntur,
810 560 900 637 legati
934 560 1126 622 Carteienses

160 647 424 714 renuntiaverunt,
448 644 527 723 quod
542 645 718 722 Pompeium
740 647 772 704 in
792 652 941 722 potestate
964 643 1123 705 baberent.

160 728 245 800 Quod
269 736 336 789 ante
360 729 478 790 Caesari
501 736 604 807 portas
625 729 873 807 praeclusissem,
896 728 948 789 illo
972 728 1125 789 beneficio

161 833 248 874 suum
275 814 457 874 maleficium
480 812 690 873 existimabant
718 831 749 874 se
776 812 855 874 lucri
881 815 991 874 facere.
1036 813 1124 873 Lusi·

122 907 139 954 2
162 901 225 958 tani
246 898 362 978 Hispali
384 915 517 976 pugnare
540 897 624 958 nullo
645 905 781 976 tempore
804 895 999 957 desistebant.
1037 896 1124 968 Quod

161 982 268 1043 Caesar
296 1001 364 1043 cum
393 982 658 1050 animadverteret,
686 983 713 1041 si
741 981 885 1060 oppidum
913 999 1021 1059 capere
1049 999 1123 1042 eon-

161 1066 307 1134 tenderet,
327 1067 400 1138 sore
422 1075 454 1127 ut
477 1067 613 1126 homines
634 1066 747 1144 perditi
769 1065 966 1126 incenderent
989 1072 1019 1126 et
1040 1083 1124 1126 moe·

160 1153 214 1210 nia
243 1149 393 1222 delerent,
429 1151 469 1210 ita
493 1151 617 1210 consilio
646 1149 749 1211 babito
780 1158 869 1210 noctu
898 1152 1014 1228 patitur
1035 1150 1125 1210 Lusi·

161 1241 246 1293 tanos
268 1236 456 1311 eruptionem
479 1237 596 1302 facere;
622 1233 654 1293 id
676 1233 755 1314 quod
776 1234 913 1295 consulto
936 1252 996 1295 non
1018 1235 1124 1294 existi·

161 1317 282 1378 mabant
304 1319 380 1378 fieri
424 1317 469 1378 lta
492 1317 677 1397 erumpendo
709 1320 808 1388 navis,
838 1336 914 1396 quae
943 1318 980 1378 ad
1006 1317 1125 1378 Baetim

123 1402 273 1463 tflumen
295 1404 437 1471 fuissent,
462 1403 636 1463 incendunt.
680 1402 780 1463 Nostri
808 1402 879 1462 dum
907 1401 1047 1463 incendio
1071 1402 1124 1463 de·

161 1489 311 1554 tinentur,
338 1487 383 1546 illi
405 1488 582 1564 profugiunt
610 1495 639 1546 et
667 1486 704 1546 ab
734 1485 888 1564 equitibus
910 1487 1123 1548 conciduntur.

124 1579 141 1626 4
163 1571 227 1642 Quo
249 1572 329 1632 facto
351 1571 461 1649 oppido
484 1579 660 1650 recuperato
682 1572 783 1631 Astam
805 1573 864 1631 iter
885 1571 985 1631 facere
1006 1573 1124 1648 coepit;

162 1673 199 1716 ex
221 1673 279 1733 qua
301 1656 421 1716 civitate
450 1656 540 1732 legati
568 1655 604 1715 ad
632 1654 815 1716 deditionem
837 1663 993 1718 venerunt.
1036 1656 1125 1716 lllun·

162 1740 342 1818 densosque,
377 1742 429 1818 qui
462 1758 498 1800 ex
530 1740 646 1819 proelio
679 1743 710 1800 in
738 1739 881 1818 oppidum
913 1742 1124 1818 confugerant,

162 1841 231 1884 cum
254 1824 368 1884 diutius
389 1825 700 1893 circumsederentur,
729 1822 806 1885 bene
828 1824 915 1884 multi
939 1822 1124 1885 deditionem

162 1909 291 1977 faciunt,
315 1916 436 1968 etcum
459 1911 613 1987 essentia
641 1908 790 1986 legionem
818 1906 988 1978 distributi,
1017 1910 1124 1969 coniu-

162 1999 231 2052 rant
253 1995 332 2052 inter
354 2011 435 2060 sese,
466 2001 498 2052 ut
526 2000 617 2052 noctu
645 1994 731 2069 signo
759 1993 844 2060 dato,
872 1994 924 2070 qui
952 1994 984 2052 in
1013 1993 1126 2070 oppido

163 2078 306 2144 luissent,
336 2078 525 2155 eruptionem
553 2078 701 2143 facerent,
730 2076 776 2137 illi
804 2076 925 2136 caedem
952 2078 984 2135 in
1014 2079 1125 2136 castris

122 2167 141 2216 5
164 2159 416 2220 administrarent.
460 2160 523 2220 llae
545 2178 578 2220 re
601 2163 720 2238 cognita
746 2162 916 2239 insequenti
938 2170 1027 2221 noete
1050 2161 1124 2237 vigi-

162 2244 203 2306 lia
225 2247 310 2304 tertia
334 2251 446 2306 tessera
469 2244 537 2303 data
559 2251 643 2304 extra
657 2244 766 2304 vallum
782 2263 885 2305 omnes
907 2253 977 2305 sunt
997 2247 1124 2306 concisi.

127 2339 141 2385 1
227 2327 366 2389 XXXVll.
412 2328 613 2398 Carteienses,
644 2329 714 2388 dum
737 2328 844 2389 Caesar
866 2331 897 2388 in
920 2331 1029 2390 itinere
1050 2330 1123 2390 reli·

163 2431 220 2492 qaia
254 2413 363 2492 oppida
396 2421 562 2492 oppugnat,
598 2423 721 2492 propter
755 2412 930 2491 Pompeium
964 2413 1126 2474 dissentire

165 2506 339 2575 coeperunt.
385 2497 458 2558 Pars
480 2505 560 2565 erat,
582 2515 657 2575 quae
679 2496 794 2574 legatos
821 2497 858 2557 ad
881 2497 1037 2558 Caesarem
1066 2499 1125 2557 mi·

165 2593 258 2652 serat,
288 2601 357 2660 pars
379 2590 458 2650 erat,
483 2584 533 2660 qui
557 2580 804 2660 Pompeianarum
833 2583 964 2660 partium
991 2583 1126 2642 fautores

126 2675 143 2722 2
166 2674 276 2726 essent.
321 2665 473 2726 Seditione
496 2668 643 2726 concitata
665 2673 767 2742 portas
785 2674 948 2744 occupant;
971 2665 1076 2727 caedes
1091 2671 1125 2728 lit

164 2768 284 2828 magna;
308 2752 428 2811 saueius
450 2749 607 2829 Pompeius
630 2768 720 2810 naves
741 2762 791 2809 xx
813 2757 939 2828 occupat
968 2750 1073 2829 longas
1094 2761 1127 2812 et

164 2837 307 2913 profugit.
356 2834 477 2903 litoius,
506 2837 558 2912 qui
588 2832 718 2895 Gadibus
746 2834 834 2895 classi
857 2836 1052 2913 praefuisset,
1082 2838 1124 2896 si·

52 2958 55 2963 ·
164 2919 316 2998 mulatque
338 2921 463 2979 nuntius
486 2919 592 2979 allatus
621 2927 680 2987 est,
709 2920 868 2979 confestim
895 2921 980 2998 sequi
1009 2921 1123 2998 coepit;

164 3007 273 3083 partim
301 3004 430 3082 pedibus
458 3001 503 3082 [et
531 3000 696 3081 eqiritatus]
719 3003 755 3062 ad
784 3002 1025 3082 persequendum
1046 3004 1123 3065 cele·

126 3098 143 3146 3
166 3091 243 3150 riter
259 3091 317 3148 iter·
331 3087 482 3148 faciebant
498 3089 570 3147 item
586 3089 744 3148 confestim
760 3095 989 3166 consequentes.
1013 3087 1126 3160 Quarto

167 3173 215 3232 die
238 3173 444 3249 navigationis,
467 3171 547 3254 quod
570 3173 708 3250 imparati
731 3190 747 3231 a
770 3171 886 3232 Carteia
909 3174 1037 3251 profecti
1060 3175 1126 3233 sine

166 3275 241 3334 aqua
268 3258 411 3326 fuissent,
443 3255 479 3315 ad
506 3264 620 3317 terram
647 3255 808 3334 applicant.
858 3256 934 3317 Dum
967 3265 1126 3336 aquantur,

164 3340 271 3402 Didius
293 3340 387 3400 classe
410 3342 554 3409 accurrit,
578 3359 667 3402 naves
689 3340 837 3410 incendit,
861 3341 1020 3401 nonnullas
1035 3343 1127 3421 capit.

127 3435 142 3482 1
229 3424 385 3484 XXXVlll.
430 3423 591 3504 Pompeius
606 3444 674 3486 cum
696 3428 799 3503 paucis
821 3427 955 3503 profugit
976 3433 1006 3486 et
1027 3426 1128 3487 locum

153 3510 308 3594 quendam
331 3511 489 3576 munitum
512 3520 622 3574 natura
642 3518 780 3591 occupat.
816 3510 944 3587 Couites
963 3517 995 3570 et
1019 3511 1128 3571 cohor·
