2356 3870
160 228 220 292 172
475 224 521 284 Db
540 223 643 280 tutto
660 221 799 279 erineo

159 398 189 452 et
204 389 374 452 auxiliarios
389 387 503 469 pedites
516 388 548 449 in
564 403 666 447 omues
680 393 781 466 partes
795 386 898 456 mittit,
916 403 1117 466 quascumque

157 476 269 555 petisse
291 474 464 535 dicebantur
483 470 599 540 hostes3
620 488 689 531 nec*
701 471 826 531 frustra:
852 489 920 532 nam
940 471 1119 551 plerumque

130 568 264 636 tmagna
278 557 389 638 praeda
402 557 489 636 potiti
502 557 597 617 nostri
612 560 811 616 revertuntur.
848 555 991 635 Oppressi
1006 555 1117 618 Carnu·

161 650 205 703 tes
220 642 325 703 hiemis
340 638 519 710 difficultate,
535 646 651 701 terrore
665 637 803 718 periculi,
820 657 888 699 cum
903 641 988 701 tectis
1004 639 1119 718 expulsi

160 726 241 787 nullo
256 725 321 787 loco
338 725 448 786 diutius
463 724 626 785 consistere
646 722 790 784 auderent
809 738 866 784 nec
880 723 1019 785 silvarum
1033 741 1118 803 prae·

160 811 234 871 sidio
245 807 470 889 tempestatibus
481 807 647 869 durissimis
661 808 722 884 tegi
730 815 860 886 possent,
877 806 1004 887 dispersi
1015 824 1120 885 magna

160 901 244 973 parte
260 896 366 955 amissa
381 910 504 954 suorum
519 891 699 970 dissipantur
713 891 745 950 iu
759 891 895 951 finitimas
910 892 1050 952 civitates.
1124 906 1128 925 ²

130 984 140 1036 1
223 978 267 1039 Vl.
298 978 405 1039 Caesar
420 983 554 1055 tempore
569 975 639 1035 anni
652 973 838 1043 difficillimo,
862 982 929 1035 cum
944 976 1015 1035 satis
1029 973 1120 1036 habe·

160 1068 207 1123 ret
227 1063 436 1123 convenientos
457 1076 563 1119 manus
583 1057 741 1137 dissipare,
768 1075 806 1118 ne
827 1058 905 1134 quod
919 1059 1036 1120 initium
1051 1057 1120 1122 belli

160 1151 349 1214 nasceretur,
367 1148 568 1221 quantumque
582 1143 613 1202 in
628 1142 743 1203 ratione
759 1147 851 1211 esset,
869 1141 1054 1222 exploratum
1069 1141 1120 1202 ha·

161 1226 338 1298 beret,⁴sub
359 1234 476 1306 tempus
496 1227 674 1287 aestivorum
698 1223 812 1286 nullum
838 1243 987 1287 summum
1011 1223 1121 1287 bellum

160 1329 248 1392 posse
264 1311 394 1380 conflari,
412 1310 517 1370 Gaium
530 1308 712 1370 Trebonium
733 1326 801 1369 oum
815 1308 929 1370 duabus
944 1309 1120 1388 legionibus,

161 1412 234 1471 quas
249 1412 351 1455 secum
372 1392 512 1462 habebat,
535 1395 566 1453 in
581 1391 714 1454 hibernis
728 1391 838 1454 Cenabi
860 1392 1036 1461 conlocavit:
1058 1395 1123 1471 ipse

162 1496 230 1540 cum
246 1477 359 1538 crebris
373 1476 569 1555 legationibus
584 1476 746 1536 Remorum
760 1477 869 1537 certior
883 1477 977 1547 fieret,
989 1475 1121 1538 Bellova-

162 1582 222 1632 cos,
239 1564 289 1639 qui
303 1560 374 1622 belli
394 1560 488 1639 gloria
503 1559 601 1621 Gallos
621 1577 724 1621 omnes
739 1558 904 1637 Belgasque
922 1558 1121 1639 praestabant,

161 1647 357 1724 finitimasque
372 1643 418 1706 his
433 1645 563 1705 civitates
577 1644 653 1704 duce
659 1643 769 1705 Correo
780 1643 934 1705 Bellovaco
950 1651 979 1705 et
990 1644 1121 1706 Commio

44 1735 47 1741 '
160 1729 300 1792 Atrebate
312 1731 639 1807 exercituscomparare
650 1729 883 1804 atqueinunum
894 1727 993 1789 locum
1005 1745 1121 1804 cogere,

162 1820 195 1875 ut
209 1815 289 1874 omni
304 1811 491 1873 multitudine
506 1814 537 1872 iu
551 1812 625 1872 fines
641 1811 842 1882 Suessionum,
860 1813 911 1888 qui
924 1811 1023 1872 Remis
1039 1817 1123 1872 erant

162 1897 312 1965 adtributi,
330 1897 461 1957 facerent
471 1897 695 1975 inpressionem,
711 1897 863 1974 pertinere
874 1901 973 1955 autem
984 1913 1045 1955 nou
1056 1901 1120 1953 tan·

162 1989 224 2041 tum
241 1980 276 2041 ad
292 1980 476 2057 dignitatem,
498 1977 550 2040 sed
566 1980 653 2039 etiam
668 1977 704 2039 ad
719 1977 843 2040 salutem
864 1996 948 2040 suam
968 1978 1121 2044 iudicaret,

163 2064 274 2124 nullam
295 2062 489 2123 calamitatem
513 2063 609 2123 socios
637 2063 746 2141 optime
767 2063 804 2122 de
824 2062 976 2141 republica
1000 2062 1121 2122 meritos

132 2149 148 2201 3
162 2149 309 2225 accipere,
326 2144 475 2223 legionem
490 2163 526 2205 ex
541 2144 675 2206 hibernis
691 2153 792 2207 evocat
805 2164 911 2207 rursus
926 2137 1121 2213 undecimam,

161 2229 274 2290 litteras
290 2235 389 2290 autem
404 2227 551 2289 adGaiom
562 2229 686 2289 Fabium
701 2231 798 2299 mittit,
815 2230 893 2290 utin
907 2229 1120 2291 flnesSuessio·

162 2331 233 2373 num
248 2312 379 2390 legiones
394 2312 482 2381 duas,
505 2329 577 2389 quas
597 2311 732 2382 habebat,
749 2312 924 2383 adduceret,
941 2313 1123 2389 alteramque

132 2400 147 2449 4
163 2416 198 2457 ex
214 2395 328 2457 duabus
343 2396 380 2457 ab
395 2396 462 2457 Tito
476 2395 606 2459 Labieno
622 2398 755 2458 accersit.
790 2396 842 2466 lta,
866 2403 1009 2475 quantum
1023 2395 1120 2457 hiber·

163 2498 269 2541 norum
292 2481 499 2559 opportunitas
523 2479 653 2556 bellique
677 2481 753 2541 ratio
773 2480 955 2558 postulabat,
976 2487 1122 2561 perpetuo

163 2583 217 2625 suo
242 2563 343 2624 labore
368 2564 399 2624 iu
425 2564 519 2623 vicem
544 2563 709 2640 legionibus
736 2565 954 2643 expeditionum
977 2582 1053 2625 onus
1077 2566 1122 2623 in·

162 2647 311 2724 iungebat.

134 2735 147 2787 1
227 2731 285 2792 Vll.
315 2730 367 2792 llis
383 2732 475 2811 copiis
497 2734 605 2793 coactis
626 2730 663 2791 ad
677 2731 848 2792 Bellovacos
862 2732 1059 2812 proficiscitur
1075 2749 1121 2791 ca·

162 2816 292 2892 strisque
306 2815 337 2876 in
353 2832 457 2876 eorum
473 2815 580 2876 finibus
600 2815 705 2893 positis
726 2816 858 2892 equitum
878 2822 991 2875 turmas
1006 2814 1125 2875 dimittit

162 2899 194 2959 in
209 2916 310 2960 omnes
324 2907 425 2978 partes
436 2898 472 2960 ad
487 2897 600 2976 aliquos
612 2898 810 2978 excipiendos,
827 2916 863 2959 ex
876 2898 984 2976 quibus
995 2897 1124 2959 hostium

129 2981 286 3042 tconsilia
306 2989 509 3061 cognosceret.
550 2982 673 3060 Equites
699 2983 794 3044 officio
821 2983 916 3044 functi
942 2983 1122 3051 renuntiant,

159 3080 273 3139 paucos
286 3066 465 3128 inaedificiis
480 3083 546 3127 csse
560 3068 704 3136 inventos,
720 3072 809 3143 atque
820 3064 884 3136 hos,
900 3083 961 3126 nou
972 3067 1022 3143 qui
1037 3081 1122 3141 agro·

160 3163 196 3205 ru
242 3146 434 3211 colendorum
446 3168 533 3210 causa
543 3151 755 3212 remansissent
769 3184 804 3194 —
822 3166 949 3226 namque
959 3166 1024 3210 esse
1038 3147 1122 3208 undi-

159 3245 218 3305 que
241 3229 398 3310 diligenter
420 3233 616 3310 demigratum
640 3265 687 3303 ——,
710 3233 763 3294 sed
785 3234 836 3311 qul
850 3230 1022 3313 speculandi
1036 3250 1123 3292 causa

128 3311 224 3373 desso
251 3317 403 3377 tremissi.
434 3319 458 3378 Α
473 3316 580 3394 quibus
595 3334 663 3377 cum
678 3324 836 3394 quaereret
850 3317 966 3386 Caesar,
984 3332 1041 3393 quo
1056 3315 1123 3377 loco

158 3396 632 3462 multitudoessetBelloracorum
640 3400 755 3478 quodve
763 3399 1122 3469 essetconsiliumeorum,

122 3481 339 3544 arnvenrebat:
353 3483 527 3546 bellovacos
543 3498 661 3554 omnes,
685 3486 735 3562 qui
749 3503 831 3546 arma
846 3486 926 3546 ferre
941 3492 1077 3566 possent,
1094 3485 1122 3544 in
