2356 3870
431 206 511 267 OAP.
527 205 659 262 ill-VI.
984 203 1024 267 97

60 356 93 418 in
116 355 260 434 oppidum
282 374 314 419 se
336 358 519 436 reciperent.
563 357 627 419 lloc
656 359 765 418 timore
787 355 934 418 adductus
955 355 1023 417 Sex.
1046 365 1063 416 3

59 439 221 519 Pompeius
244 440 361 501 litteras
384 442 473 501 lratri
499 440 597 511 misit,
630 449 664 502 ut
691 440 833 502 celeriter
861 438 921 501 sibi
955 441 1025 501 sub·

60 523 138 584 sidio
160 525 293 593 veniret,
315 542 354 585 ne
376 527 462 603 prius
477 525 586 586 Caesar
600 524 769 587 Cordubam
785 532 915 604 caperet,
936 543 1025 603 quam

60 609 125 686 ipse
159 608 212 669 illo
244 610 386 668 venisset.
409 607 514 686 ltaque
535 608 621 670 iacit:
661 605 724 688 [ut]
746 605 812 669 Ulia
833 617 1063 688 propecaptat

61 691 172 752 litteris
199 694 303 753 fratris
329 694 447 753 excitus
475 709 544 754 cum
576 696 674 772 copiis
701 694 738 756 ad
766 691 933 754 Cordubam
967 695 1026 753 iter

61 776 163 836 iacere
186 777 296 854 coepit.

125 859 158 918 V.
203 859 326 929 Cacsar,
353 861 481 921 eumad
504 861 617 922 llumeu
637 861 751 922 Baetim
773 863 905 922 venisset
927 878 1024 940 neque
1048 870 1061 918 1

61 949 186 1023 propter
208 943 397 1005 altitudinem
419 945 551 1006 lluminis
572 947 701 1006 transire
729 951 846 1024 posset,
876 943 1026 1023 lapidibus

62 1025 171 1088 corbes
193 1027 298 1105 plenos
320 1027 454 1089 demisit:
483 1031 525 1090 ita
555 1031 679 1107 iusuper
708 1037 800 1108 ponte
821 1029 901 1090 iacto
924 1030 1026 1107 copias

62 1111 114 1192 [ad
130 1110 242 1191 castra]
265 1113 415 1190 tripartito
437 1111 577 1173 traduxit.
618 1110 754 1173 'leuabat
776 1110 918 1172 adversus
933 1114 1050 1190 oppia

61 1197 132 1257 dum
148 1214 164 1256 e
180 1198 303 1273 regione
318 1197 421 1272 pontis
435 1203 534 1256 costm
551 1193 653 1276 [bes],
676 1203 709 1256 ut
725 1214 816 1276 supra
830 1196 1015 1274 scripsimus,

61 1284 226 1360 tripartito.
271 1282 335 1343 Huc
357 1301 425 1343 cum
447 1282 608 1360 Pompeius
629 1301 698 1343 cum
724 1285 787 1343 suis
810 1285 905 1361 copiis
926 1284 1025 1342 venis-

62 1372 124 1435 set,
147 1383 181 1425 ex
204 1366 328 1426 adverso
350 1368 416 1444 pari
438 1368 555 1426 ratione
577 1375 676 1427 castra
697 1369 793 1445 ponit.
836 1366 961 1436 Caesar,
990 1374 1024 1426 ut
1046 1374 1062 1423 3

63 1467 132 1510 eum
155 1448 192 1510 ab
214 1449 324 1528 oppido
348 1459 574 1530 commeatuque
596 1451 785 1520 excluderet,
808 1450 966 1513 brachium
988 1450 1026 1510 ad

62 1541 183 1613 pontem
217 1534 328 1594 ducere
359 1538 468 1612 coepit.
517 1534 588 1595 Pari
620 1535 701 1596 idem
734 1534 912 1596 condicione
937 1535 1025 1594 Pom-

63 1620 159 1697 peius.
203 1618 260 1678 llic
282 1614 362 1678 iuter
384 1618 475 1678 disces
497 1618 572 1678 duos
593 1618 626 1678 fit
649 1619 817 1688 contentio,
846 1626 913 1678 uter
940 1621 1025 1696 prius
1046 1627 1063 1675 4

64 1710 184 1779 pontem
205 1709 381 1780 occuparet;
406 1720 441 1762 ex
464 1719 521 1781 qua
537 1705 729 1763 contentione
745 1701 894 1762 cotidiana
911 1705 1024 1762 minuta

63 1785 178 1865 proelia
194 1785 320 1855 fiebant,
344 1793 376 1846 ut
398 1786 486 1845 modo
509 1786 557 1855 hi,
580 1803 804 1865 nonnumquam
821 1786 867 1846 illi
890 1787 1026 1863 superio·

65 1887 115 1928 res
136 1870 335 1932 discederent.
380 1869 461 1941 Quae
484 1888 533 1930 res
555 1888 623 1931 cum
639 1869 674 1931 ad
697 1871 842 1930 maiorem
858 1872 1063 1931 contentio-o

65 1971 134 2013 nem
155 1957 302 2024 venisset,
331 1954 369 2015 ab
396 1957 532 2035 utrisque
555 1957 722 2015 comminus
743 1949 914 2016 commosse
928 1971 1027 2031 pugna

65 2038 182 2117 iniqua,
211 2038 280 2098 dum
308 2039 447 2118 cupidius
473 2038 573 2100 locum
604 2038 725 2099 student
753 2045 874 2108 tenere,
902 2047 1029 2117 propter

64 2129 187 2200 pontem
210 2123 499 2201 coangustabantur,
526 2122 661 2184 lluminis
682 2124 764 2201 ripas
786 2123 1027 2202 adpropinquan-

64 2217 111 2267 tes
147 2210 333 2285 coaugustati
369 2207 654 2287 praecipitabantur.
712 2207 769 2267 llic
806 2207 930 2268 alternis
966 2212 1065 2267 nond

65 2289 162 2351 solum
183 2293 273 2353 morti
295 2300 421 2353 mortem
445 2291 681 2370 exaggerabant,
704 2291 756 2358 sed
778 2291 910 2352 tumulos
927 2296 1028 2352 tumu-

66 2373 105 2436 lis
126 2376 340 2454 exacquabant.
383 2376 428 2437 lta
450 2375 558 2437 diebus
579 2374 787 2453 compluribus
802 2375 944 2455 cupiebat
955 2376 1026 2436 Cae·
1048 2383 1064 2432 t

66 2477 130 2529 sar,
160 2461 186 2520 si
214 2478 272 2538 qua
295 2460 472 2521 condicione
494 2467 609 2539 posset,
639 2459 826 2519 adversarios
848 2461 1029 2538 inaequum

65 2543 165 2687 {locum
195 2543 344 2605 deducere
372 2552 404 2605 et
435 2546 533 2623 primo
560 2561 679 2625 quoque
710 2550 847 2622 tempore
876 2541 914 2602 de
948 2541 1028 2604 bello

87 2644 241 2687 ecernere.

129 2710 176 2769 Vl.
225 2712 259 2771 ld
292 2730 361 2773 cum
393 2713 646 2774 animadverteret
680 2714 868 2774 adversarios
904 2714 1064 2773 minimet

67 2792 153 2861 velle,
177 2812 236 2871 quo
258 2813 319 2864 eos,
342 2797 490 2875 quomodo
512 2796 550 2857 ab
565 2796 631 2858 Ulia
653 2803 831 2865 retraxerat,
854 2796 885 2856 in
902 2813 1029 2874 aequum

68 2877 247 2947 deduceret,
276 2881 372 2957 copiis
393 2881 523 2961 flumine
544 2880 690 2941 traductis
712 2888 802 2940 noctu
833 2877 918 2939 iubet
945 2881 1031 2958 ignes

66 2962 133 3022 fieri
163 2979 302 3040 magnos:
337 2965 379 3024 ita
413 2964 618 3025 firmissimum
652 2966 717 3025 eius
750 2962 934 3041 praesidium
961 2966 1030 3024 dte·

57 3064 154 3124 ‘guam
176 3047 388 3125 proficiscitur.
431 3047 465 3108 ld
488 3066 556 3108 cum
576 3048 736 3128 Pompeius
759 3066 796 3109 ex
821 3049 959 3125 perfugis
980 3057 1066 3108 re·2

67 3134 184 3202 scisset,
206 3139 332 3211 propter
355 3131 562 3194 difficultatem
580 3141 610 3193 et
625 3134 777 3210 angustias
799 3133 933 3192 locorum
950 3151 1030 3193 corn-

67 3215 169 3293 plures
190 3216 290 3278 m'ulos
311 3224 434 3277 onustos
456 3218 583 3279 retraxit
611 3225 641 3278 et
669 3217 706 3277 ad
728 3214 897 3278 Cordubam
927 3234 959 3276 se
981 3235 1031 3277 re·

68 3300 155 3378 cepit.
214 3301 323 3362 Caesar
355 3300 577 3362 munitionibus
609 3302 754 3378 Ateguam
790 3317 963 3379 oppugnare
1000 3307 1067 3360 ets

68 3381 192 3444 brachia
215 3385 443 3448 circumducere
467 3387 575 3466 coepit.
621 3384 678 3457 Qui
703 3403 772 3447 cum
796 3383 864 3464 [de]
888 3384 1031 3464 Pompeio

69 3470 193 3528 nuntius
216 3478 296 3530 essct
323 3471 445 3541 allatus,
478 3489 514 3532 eo
542 3471 592 3531 die
619 3468 839 3551 proficiscitur.
879 3468 983 3528 Coros
1003 3470 1051 3520 'm

59 3617 61 3622 y
119 3582 137 3612 ο.
152 3583 198 3612 rus.
214 3579 303 3615 oman
335 3581 371 3616 m.
501 3620 505 3629 ,
827 3568 847 3618 'l
