2356 3870
159 202 220 264 128
459 199 498 254 BE
513 199 619 255 BELLO
635 198 774 255 nautico

159 365 297 425 ditorum.
328 364 390 424 Hac
405 371 505 424 coacta
519 381 623 431 manu,
647 380 850 440 quoscumque
867 365 927 424 adit
943 380 977 422 ex
994 365 1119 433 civitate,

127 457 144 505 4
159 449 195 510 ad
210 467 293 509 snam
308 450 483 508 sententiam
503 446 655 525 perducit;
678 446 829 516 hortatur,
851 456 884 508 ut
903 449 1069 508 communis
1084 447 1119 507 li-

158 532 281 592 bertatis
296 550 383 592 causa
403 549 484 591 arma
499 532 628 609 capiant,
646 533 817 608 magnisque
832 533 941 591 coactis
962 533 1054 609 copiis
1069 531 1120 591 ad·

158 617 305 676 versarios
327 633 407 684 suos,
429 635 444 675 a
467 614 574 691 quibus
594 614 681 692 paulo
697 621 765 674 ante
780 622 844 675 erat
859 616 979 683 eiectus,
1002 615 1120 693 expellit

126 706 143 756 t
159 717 194 759 ex
211 701 334 760 civitate.
365 699 429 759 Rex
444 698 481 759 ab
496 700 558 758 suis
573 696 747 776 appellatur.
779 698 904 758 Dimittit
918 714 1039 774 quoque
1055 717 1119 758 ver·

126 789 211 844 dsus
231 783 408 861 legationes:
430 782 608 850 obtestatur,
630 788 663 841 ut
676 784 707 841 in
726 781 784 841 lide
798 791 944 843 maneant.
978 781 1119 842 Celeriter

157 867 365 936 sibiSenones,
381 867 519 934 Parisios,
533 866 678 934 Pictones,
688 865 844 934 Cadurcos,
860 866 1119 934 Turonosrluler-

158 969 224 1018 cos,
241 950 426 1032 Lemovices,
447 950 545 1010 Andos
560 948 749 1026 reliquosque
764 967 881 1018 omnes,
904 951 955 1026 qui
970 948 1119 1010 Oceanum

157 1034 321 1111 adtingunt,
342 1033 487 1111 adiungit:
517 1035 648 1093 omnium
668 1051 815 1094 consensu
841 1032 877 1093 ad
898 1050 967 1092 eum
987 1032 1120 1093 defertur

125 1119 323 1196 iimperium.
360 1118 424 1188 Qua
445 1116 542 1177 oblata
561 1123 708 1195 potestate
729 1115 866 1177 omnibus
886 1115 934 1177 his
955 1116 1120 1177 civitatibus

158 1200 275 1261 obsides
288 1203 423 1279 imperat,
440 1208 555 1261 certum
570 1218 728 1261 numerum
742 1198 868 1261 militum
884 1200 919 1261 ad
934 1217 968 1261 se
983 1200 1117 1260 celeriter

124 1284 261 1345 sadduci
286 1282 383 1354 iubet,
412 1294 564 1344 armorum
591 1292 732 1361 quantum
754 1300 889 1361 quaeque
914 1284 1016 1345 civitas
1041 1284 1119 1344 domi

157 1368 296 1446 quodque
306 1375 375 1442 ante
386 1375 503 1448 tempus
515 1368 630 1436 eiliciat,
647 1368 814 1435 constitnit;
829 1369 965 1447 inprimis
979 1369 1119 1445 equitatui

124 1457 141 1509 e
157 1452 265 1512 studet.
304 1451 443 1511 Summae
458 1451 626 1529 diligentiae
641 1468 786 1511 summam
800 1453 918 1530 imperii
933 1453 1118 1512 severitatem

115 1541 148 1593 10
156 1535 250 1603 addit;
267 1534 467 1613 magnitudine
483 1534 619 1614 supplicii
633 1534 800 1596 dubitantes
815 1538 902 1613 cogit.
924 1535 998 1597 Nam
1008 1537 1119 1596 maiore

156 1621 314 1680 commisso
330 1618 436 1679 delicto
451 1621 519 1697 igne
534 1627 622 1695 atque
636 1618 773 1679 omnibns
788 1621 946 1680 tormentis
964 1626 1058 1688 necat,
1075 1618 1115 1677 le-

155 1705 237 1764 viore
253 1704 290 1764 de
305 1721 392 1763 eausa
408 1702 529 1764 auribus
545 1702 672 1763 desectis
692 1710 743 1762 aut
757 1701 881 1780 singulis
897 1703 1011 1763 eliossis
1026 1701 1118 1762 oculis

155 1787 277 1849 domum
288 1788 419 1856 remittit,
436 1795 469 1847 nt
483 1788 544 1848 sint
553 1786 676 1864 reliquis
687 1786 865 1847 documento
878 1794 908 1847 et
918 1785 1119 1863 magnitudine

154 1888 269 1949 poenae
283 1877 471 1951 perterreant
486 1871 566 1931 alios.

124 1960 138 2010 1
219 1956 250 2016 V.
274 1954 326 2014 llis
342 1953 494 2032 suppliciis
514 1953 651 2015 celeriter
666 1962 767 2014 coacto
784 1951 1118 2022 exercitu,'Lucterium

156 2037 331 2105 Cadurcum,
348 2055 481 2097 summae
496 2036 645 2097 hominem
661 2037 814 2106 audaciae,
837 2055 905 2098 cum
919 2045 1005 2115 parte
1021 2039 1118 2115 copia·

154 2138 222 2181 rum
242 2123 274 2180 in
299 2119 433 2181 Rutenos
457 2123 563 2189 mittit:
590 2123 654 2201 ipse
680 2122 710 2180 in
738 2121 886 2198 Bituriges
910 2122 1117 2200 proficiscitur.

121 2211 138 2260 2
152 2203 223 2265 Eius
238 2204 365 2264 adventu
381 2204 529 2282 Bituriges
550 2205 585 2265 ad
601 2204 732 2274 Aeduos,
755 2221 883 2281 quorum
906 2213 991 2265 erant
1004 2207 1035 2265 in
1051 2205 1118 2274 tide,

153 2288 266 2367 legatos
280 2289 401 2349 mittunt
420 2287 585 2349 subsidium
607 2294 757 2365 rogatum,
780 2304 839 2364 qno
861 2287 975 2349 laellius
989 2289 1119 2350 hostium

122 2377 139 2428 3
154 2374 253 2452 copias
265 2373 413 2433 sustinere
424 2374 549 2451 possint.
566 2372 658 2433 Aedui
671 2371 708 2431 de
719 2371 842 2432 consilio
854 2371 1030 2449 legatorum,
1044 2389 1119 2450 quos

154 2457 261 2518 Caesar
283 2455 318 2516 ad
342 2459 505 2516 exercitum
526 2455 703 2533 reliquerat,
726 2457 826 2535 copias
841 2458 990 2533 equitatus
1005 2456 1118 2536 pedita-

121 2546 260 2616 ttusque
275 2538 407 2599 subsidio
422 2539 604 2617 Biturigibus
624 2542 753 2600 mittunt
792 2539 848 2611 Qui
869 2558 937 2600 oum
957 2541 993 2600 ad
1008 2540 1119 2601 llnmen

152 2621 280 2700 Ligerim
292 2624 457 2691 venissent,
480 2623 560 2700 quod
575 2625 721 2700 Bituriges
741 2623 778 2684 ab
795 2623 904 2684 Aeduis
915 2623 1032 2693 dividit,
1045 2630 1117 2702 pau-

62 2702 65 2708 ’
153 2723 203 2766 cos
219 2706 281 2766 dies
296 2705 338 2766 ibi
352 2709 459 2767 morati
474 2723 572 2784 neque
586 2707 697 2768 llumen
712 2709 840 2767 transire
855 2710 919 2768 ausi
933 2707 1055 2768 domum
1070 2725 1117 2767 re·

122 2796 309 2851 evertuntur
324 2788 486 2868 legatisque
501 2792 611 2852 nostris
626 2793 808 2860 renuntiant,
825 2809 857 2850 se
869 2791 1033 2869 Biturigum
1048 2808 1114 2870 per·

151 2874 249 2934 fidiam
265 2875 374 2934 veritos
389 2873 563 2944 revertisse,
588 2874 696 2952 quibus
717 2875 747 2935 ld
763 2875 878 2935 consilii
899 2876 992 2936 luisse
1008 2892 1117 2953 eogno-

151 2960 262 3027 verint,
279 2964 327 3027 ut,
344 2960 369 3018 si
383 2959 495 3020 llumen
510 2960 700 3029 transissent,
717 2977 776 3020 una
791 2968 924 3039 exparte
937 2962 1008 3040 ipsi,
1025 2959 1119 3020 altera

119 3045 136 3096 d
151 3043 275 3102 Arverni
290 3060 323 3101 se
339 3044 601 3105 circumsisterent.
632 3043 665 3104 ld
674 3061 751 3125 eane
766 3044 803 3104 de
819 3063 916 3114 causa,
934 3061 1022 3122 quam
1037 3043 1117 3121 lega-

151 3126 189 3185 tis
204 3127 449 3203 pronuntiarunt,
473 3146 510 3188 an
524 3127 647 3206 pertidia
662 3127 780 3188 adducti
799 3128 934 3197 iecerint,
951 3127 1030 3206 quod
1045 3126 1119 3187 nihil

150 3207 236 3269 nobis
251 3216 375 3279 constat,
391 3229 451 3271 non
462 3211 579 3272 videtur
593 3230 649 3291 pro
661 3219 743 3272 certo
766 3230 831 3274 esse
847 3210 1115 3294 [pro]ponendum.

118 3299 133 3347 7
148 3291 298 3368 Bituriges
314 3310 417 3353 eorum
433 3294 566 3357 discessu
587 3297 686 3356 statim
701 3314 769 3356 cum
784 3299 924 3359 Arvernis
943 3299 1116 3374 iunguntur.

119 3382 132 3432 i
212 3374 257 3437 Vl.
287 3375 339 3436 llis
359 3377 450 3439 rebus
469 3381 499 3439 in
520 3378 634 3440 ltaliam
650 3379 769 3441 Caesari
789 3383 946 3450 nuntietis,
971 3399 1038 3441 cum
1059 3381 1117 3439 iam

149 3458 199 3521 ille
215 3458 343 3522 urbanas
357 3479 407 3523 res
420 3464 528 3524 virtute
545 3464 595 3525 Cn.
614 3464 736 3543 Pompei
757 3465 989 3526 commodiorem
1003 3468 1035 3525 in
1056 3471 1116 3524 sta·
