2356 3870
304 231 403 288 coitu.
419 231 459 288 Vl.
475 231 545 288 CAP.
560 232 797 289 XXVlll-XXXll.
969 235 1028 298 119

68 401 240 454 nostrorum
266 395 323 454 vim
344 397 558 456 sustinuerunt.
595 396 646 456 llis
671 396 870 475 pugnantibus
895 396 1058 457 illumina

68 494 179 554 equum
195 476 313 554 quidam
329 496 365 539 ex
380 481 441 539 suis
456 478 570 539 intulit:
592 479 754 557 lugientem
775 480 863 540 silvae
878 487 1025 541 texerunt.

68 561 116 621 Sic
131 560 213 620 etad
238 561 423 622 subeundum
442 561 607 642 periculum
628 571 657 622 et
679 563 713 623 ad
734 565 882 625 vitandum
904 564 1028 624 multum

67 645 188 705 lortuua
201 645 299 705 valuit.

129 727 224 788 XXXI
263 728 414 790 Ambiorix
430 731 529 809 copias
550 748 617 790 suas
637 730 783 791 iudicione
803 739 862 790 non
879 731 1057 792 cendum-i

67 815 122 881 rit,
145 810 224 889 quod
248 812 362 891 proelio
384 813 580 873 dimicandum
601 832 660 874 non
681 816 868 882 existimarit,
896 834 935 875 an
954 823 1029 875 tem·

66 913 142 976 pore
164 894 302 957 exclusus
323 905 352 956 et
370 899 526 976 repentino
547 900 680 975 equitum
705 897 831 958 adventu
851 897 1027 976 prohibitus

68 997 137 1040 cum
152 978 300 1056 reliquum
322 983 483 1041 exercitum
504 980 646 1058 subsequi
667 982 818 1050 crederet,
835 981 957 1043 dubium
972 990 1025 1044 cst.

67 1063 127 1124 Sed
144 1071 225 1123 certe
240 1063 368 1124 dimissis
382 1081 437 1143 per
452 1082 539 1142 agros
558 1066 670 1125 nuntiis
684 1065 742 1126 sibi
757 1082 905 1142 quemquo
920 1084 1027 1126 consu·
1043 1075 1058 1123 2

67 1146 131 1207 lere
151 1148 245 1208 iussit.
283 1147 416 1218 Quorum
434 1166 504 1226 pars
518 1149 548 1207 ln
569 1149 759 1209 Arduennam
775 1149 890 1218 silvam,
914 1167 982 1228 pars
996 1153 1026 1209 in

67 1233 256 1291 continentes
270 1230 393 1310 paludes
402 1232 549 1309 profugit:
567 1234 616 1308 qui
631 1234 758 1311 proximi
766 1232 882 1293 Oceano
897 1235 1027 1301 luerunt,
1044 1240 1060 1291 3

67 1314 98 1373 bi
113 1312 221 1374 insulis
236 1333 303 1375 sese
318 1314 549 1383 occultaverunt,
567 1332 639 1392 quas
653 1324 752 1376 aestus
768 1317 885 1376 elllcere
901 1334 1026 1376 consue·

67 1405 154 1464 runt;
169 1397 254 1458 multi
266 1416 302 1458 ex
314 1400 375 1459 suis
389 1397 495 1459 finibus
511 1401 622 1476 egressi
637 1416 669 1459 se
681 1415 792 1476 suaque
804 1400 901 1460 omnia
913 1399 1028 1460 alienis-
1044 1412 1060 1458 4

67 1483 150 1542 simis
165 1481 364 1542 crediderunt.
388 1481 572 1551 Catuvoleus,
587 1500 641 1543 rex
656 1482 792 1544 dimidiae
806 1485 900 1562 partis
915 1483 1028 1544 Eburo·
1043 1492 1059 1540 o

67 1583 149 1634 num,
164 1565 215 1642 qui
229 1583 367 1627 unacum
382 1565 549 1643 Ambiorige
561 1565 716 1627 consilium
730 1568 845 1634 inierat,
862 1573 956 1626 aetate
971 1569 1027 1627 iarn

67 1649 237 1718 confectnS,
260 1667 327 1710 cum
348 1648 482 1710 laborem
497 1647 568 1708 belli
582 1658 632 1710 aut
645 1650 827 1726 fugae-serre
841 1667 902 1709 nou
916 1661 1026 1735 posset,

67 1731 207 1792 omnibus
220 1732 360 1811 precibus
381 1733 543 1792 detestatus
557 1731 770 1810 Ambiorigem,
787 1735 838 1809 qul
854 1734 917 1793 eius
932 1736 1027 1793 oonsi-

65 1815 99 1875 lii
114 1823 218 1876 auctor
230 1817 343 1885 luisset,
360 1825 437 1884 taxo,
455 1817 538 1876 cuius
549 1833 654 1893 magna
667 1817 699 1875 in
711 1814 801 1875 Gallia
814 1816 1028 1893 Germaniaque

68 1901 155 1978 copia
171 1908 224 1968 est,
242 1917 274 1960 se
290 1901 473 1959 exanimavit.

131 1981 246 2044 XXXII.
280 1981 369 2061 Segni
385 1983 599 2059 Condrusique,
616 2001 652 2042 ex
667 1990 755 2060 gente
771 1991 800 2042 et
814 2001 939 2043 numero
956 1984 1027 2043 Ger·
1044 1991 1054 2041 t

66 2083 240 2135 manorum,
264 2068 315 2143 qui
335 2075 405 2126 sunt
419 2069 497 2126 inter
513 2066 668 2144 Eburones
683 2067 899 2142 Treverosque,
916 2067 1029 2144 legatos

66 2151 103 2211 ad
119 2150 284 2222 Caesarem,
295 2151 441 2210 miserunt
457 2157 587 2218 oratum,
610 2167 648 2209 ne
666 2167 698 2210 se
712 2151 743 2211 iu
758 2148 887 2210 hostium
903 2168 1028 2211 numero

65 2235 193 2295 duceret
207 2251 280 2293 nere
295 2236 427 2294 omnium
443 2234 668 2303 Germanorum,
685 2236 736 2310 qui
751 2241 850 2293 esseut
865 2235 937 2294 citra
950 2233 1027 2293 Rhe·

64 2335 149 2385 num,
165 2334 255 2378 unam
270 2335 335 2378 esse
350 2333 468 2377 causam
483 2317 642 2377 iudicaret:
663 2316 735 2377 nibil
755 2335 788 2377 se
802 2317 840 2377 de
855 2316 931 2377 bello
948 2321 1026 2394 cogi·

65 2409 163 2468 tasse,
180 2399 260 2461 nulla
280 2399 442 2478 Ambiorigi
462 2399 570 2461 auxilia
594 2401 718 2461 misisse.
756 2399 863 2461 Caesar
879 2400 1028 2478 explorata
1037 2410 1059 2472 ,t
1141 2457 1144 2463 .

65 2502 100 2545 re
116 2485 289 2562 quaestione
303 2485 494 2564 captivorum,
511 2486 535 2543 si
552 2485 602 2560 qui
617 2483 652 2544 ad
669 2502 719 2544 eos
734 2482 889 2544 Eburones
909 2502 945 2543 ex
960 2485 1028 2561 luga

65 2569 289 2636 convenissent,
311 2567 347 2629 ad
363 2587 395 2628 sc
410 2577 443 2628 ut
457 2566 682 2637 reducerentur,
698 2569 867 2646 imperaris
890 2569 916 2627 si
930 2569 970 2627 ita
985 2569 1027 2627 lc·

64 2653 187 2718 cissent,
209 2651 283 2712 lines
303 2669 406 2712 eorum
428 2669 460 2711 se
479 2651 657 2712 violaturum
677 2654 802 2729 negarit
839 2651 916 2711 Tum
936 2653 1058 2729 copiist

68 2737 100 2798 in
114 2741 178 2794 tres
197 2741 297 2813 partes
318 2734 484 2795 distributis
503 2733 702 2813 inpedimenta
727 2736 860 2795 omnium
879 2735 1027 2812 legionum

64 2819 248 2881 Aduatucam
269 2817 400 2879 contulit.
431 2818 464 2878 ld
485 2817 596 2878 castelli
615 2836 723 2878 nomen
740 2825 793 2878 est.
829 2817 892 2878 [loe
906 2819 969 2877 lere
985 2826 1059 2877 este
1151 2823 1157 2831 '

64 2905 97 2962 in
119 2901 226 2974 mediis
247 2900 419 2962 Eburonum
440 2900 564 2969 fluibus,
586 2901 637 2962 ubl
652 2902 784 2961 Titurius
805 2908 894 2978 atque
910 2904 1027 2962 Aurun-

64 2984 182 3047 culeius
197 2983 345 3046 hiemandi
366 3003 454 3046 causa
475 2984 678 3046 consederant.
716 2984 802 3045 llunc
823 3003 891 3045 cum
905 2984 1059 3059 reliquist

64 3067 159 3130 rebus
174 3067 272 3129 locum
284 3068 434 3148 probarat,
451 3074 515 3129 turn
531 3069 610 3146 quod
626 3068 789 3147 superioris
804 3070 873 3129 anui
888 3069 1026 3129 munitio·

64 3170 119 3214 nes
140 3155 275 3230 integrae
296 3152 468 3220 manebant,
491 3160 524 3213 ut
550 3152 675 3213 militum
696 3150 828 3214 laborem
848 3151 1025 3213 sublevaret.

64 3236 217 3298 Praesidio
227 3236 436 3316 inpedimentis
446 3237 593 3314 legionem
606 3236 884 3313 quartamdecimam
894 3235 1026 3314 reliquit,

64 3338 154 3382 unam
172 3338 208 3380 ex
229 3320 275 3380 his
297 3319 407 3389 tribus,
429 3338 501 3398 quas
520 3337 665 3399 proxume
686 3322 867 3399 conscriptas
889 3337 925 3380 ex
946 3318 1028 3379 ltalia

63 3405 247 3465 traduxerat.
278 3403 313 3465 Ei
329 3404 438 3482 legioni
459 3406 622 3480 castrisque
638 3403 779 3474 Quintum
800 3403 929 3464 Tullium
946 3403 1060 3463 Cice-t

63 3506 168 3550 runem
184 3488 319 3567 praeficit
333 3488 537 3566 ducentosque
552 3489 666 3565 equites
682 3486 831 3549 adtribuit.
