2356 3870
144 158 185 224 38
468 163 515 218 DE
536 161 650 218 BELLO
674 161 783 218 CIVILI

119 339 133 387 1
206 329 324 390 LXXX.
360 328 424 389 Tali
446 328 516 388 dum
536 335 685 407 pugnatur
699 328 804 396 modo,
825 326 905 388 lente
928 333 1015 407 atque
1031 344 1106 406 pau·

146 416 226 475 latim
246 413 419 492 proceditur
439 411 621 491 crebroque,
644 418 677 473 ut
692 414 752 472 sint
774 410 884 472 auxilio
906 412 983 480 suis,
1006 409 1106 472 subsi-

118 504 244 568 2stunt;
259 505 293 558 ut
307 504 370 558 tum
386 496 503 556 accidit.
527 495 609 556 Milia
624 497 702 556 enim
717 497 868 574 progressi
878 508 933 554 1111
945 495 1106 555 vehemen-

147 585 264 660 tiusque
279 580 437 660 peragitati
458 579 495 640 ab
513 582 647 659 equitatu
667 586 797 640 montem
814 578 963 640 excelsum
983 580 1108 658 capiunt

146 666 249 745 ibique
270 683 329 725 una
348 666 445 725 lronte
466 671 568 725 contra
593 663 709 725 bostem
731 670 826 724 castra
848 663 989 724 muniunt
1005 675 1107 741 neque

119 750 288 810 aiumentis
316 767 408 810 onera
433 748 593 828 deponunt.
636 747 693 810 Ubi
721 747 857 809 Caesaris
882 753 979 806 castra
1008 747 1107 825 posita

148 833 394 913 tabernaculaque
416 835 577 893 constituta
597 839 627 893 et
648 832 787 892 dimissos
809 833 926 910 equites
945 827 1107 910 pabulandi

147 937 235 979 causa
257 919 387 989 animum
409 916 613 986 adverterunt,
635 933 700 976 sese
721 914 820 976 subito
841 917 1012 994 proripiunt
1032 913 1108 974 bora

148 1004 269 1062 circiter
284 1007 365 1061 sexta
381 1001 515 1060 eiusdem
530 999 590 1060 diei
612 1008 642 1060 et
663 1016 745 1078 spem
761 1000 840 1060 nacti
854 1017 956 1059 morae
972 998 1108 1058 discessu

120 1092 317 1147 4nostrorum
332 1086 466 1164 equitum
481 1086 539 1144 iter
554 1085 653 1145 lacere
668 1085 827 1165 incipiunt.
853 1083 917 1154 Qua
928 1101 961 1143 re
974 1083 1108 1142 animum

148 1171 270 1231 adversa
282 1168 391 1229 Caesar
404 1167 519 1229 relictis
532 1169 753 1246 impedimentis
765 1185 835 1230 eum
849 1165 1020 1245 legionibus
1035 1164 1107 1227 sub·

147 1256 297 1333 sequitur,
324 1252 475 1331 praesidio
501 1270 611 1330 paucas
634 1251 765 1312 cobortis
792 1250 950 1331 relinquit;
976 1251 1051 1310 hora
1071 1262 1107 1309 x.

149 1336 290 1415 subsequi
302 1334 493 1415 pabulatores
504 1338 679 1416 equitesque
694 1338 827 1396 revocari
843 1334 936 1396 iubet.
960 1333 1109 1395 Celeriter

121 1422 298 1501 sequitatus
313 1420 348 1480 ad
365 1420 545 1480 cotidianum
568 1421 686 1480 itineris
701 1420 832 1480 officium
846 1420 1019 1479 revertitur.
1050 1418 1108 1478 Pu-

148 1511 255 1583 gnatur
269 1505 378 1563 acriter
393 1505 429 1565 ad
444 1504 639 1583 nqvissimum
650 1521 763 1580 agmen,
778 1504 851 1563 adeo
866 1509 899 1578 ut
912 1519 1007 1582 paene
1023 1507 1109 1577 terga

148 1594 334 1657 convertant,
357 1589 583 1667 compluresque
598 1587 724 1657 milites,
748 1590 838 1647 etiam
853 1585 986 1647 nonnulli
1003 1592 1107 1669 centu·

151 1675 267 1742 riones,
293 1674 524 1733 interficiuntur.
568 1670 700 1732 Instabat
727 1687 832 1749 agmen
858 1670 992 1732 Caesaris
1018 1677 1109 1748 atque

114 1822 123 1839 .
152 1759 322 1818 universum
336 1755 520 1817 imminebat.

123 1845 138 1895 1
212 1839 342 1904 LXXXI.
379 1839 454 1902 Tum
469 1859 540 1900 vero
561 1857 658 1919 neque
679 1839 716 1900 ad
738 1838 949 1918 explorandum
966 1838 1110 1898 idoneum

149 1925 246 1985 locum
273 1925 380 1984 castris
406 1942 503 2003 neque
534 1924 570 1984 ad
599 1923 850 2002 progrediendum
877 1923 943 1983 data
968 1919 1109 1982 facultate

150 2010 316 2069 consistunt
335 2010 504 2068 necessario
519 2014 549 2067 et
570 2006 673 2085 procul
695 2006 731 2068 ab
747 2026 823 2087 aqua
838 2014 868 2067 et
884 2013 989 2066 natura
1004 2006 1110 2084 iniquo

121 2093 214 2151 aloco
234 2096 330 2151 castra
349 2098 473 2169 ponunt
514 2090 573 2151 Sed
592 2090 687 2151 isdem
710 2091 746 2151 de
767 2093 865 2152 causis
882 2091 1005 2160 Caesar,
1033 2106 1109 2167 quae

149 2192 238 2253 supra
259 2180 329 2234 sunt
350 2174 581 2244 demonstratae,
603 2175 716 2253 proelio
737 2194 797 2235 non
816 2174 935 2248 lacessit
955 2179 985 2233 et
1007 2191 1042 2233 eo
1060 2173 1110 2233 die

148 2257 339 2319 tabernacula
355 2260 444 2318 statui
465 2277 570 2337 passus
584 2277 643 2320 non
665 2266 726 2328 est,
749 2277 807 2337 quo
827 2260 994 2337 paratiores
1010 2263 1110 2318 essent

150 2343 186 2402 ad
201 2341 417 2417 insequendum
433 2361 544 2412 omnes,
566 2344 628 2403 sive
643 2350 733 2402 noctu
748 2345 810 2402 sive
825 2342 955 2403 interdiu
971 2359 1109 2419 erumpe·

122 2431 227 2486 erent.
262 2424 309 2486 llli
329 2426 534 2492 animadverso
550 2429 622 2487 vitio
642 2433 808 2488 castrorum
828 2433 889 2488 tota
909 2433 995 2486 nocte
1010 2426 1109 2485 muni·

149 2513 247 2570 tiones
261 2510 419 2588 proferunt
433 2517 587 2589 castraque
602 2512 709 2571 castris
723 2516 909 2571 convertunt.
945 2509 1008 2568 Hoc
1028 2509 1109 2569 idem

150 2600 268 2672 postero
284 2594 332 2653 die
348 2612 364 2653 a
385 2594 483 2673 prima
502 2594 568 2654 luce
584 2594 697 2655 iaciunt
711 2602 865 2674 totumque
882 2596 913 2655 iu
929 2612 964 2653 ea
979 2611 1012 2653 re
1028 2593 1109 2653 diem

123 2684 337 2738 transumunt.
373 2676 431 2737 Sed
452 2685 595 2754 quantum
616 2696 706 2757 opere
731 2685 939 2758 processerant
959 2683 990 2737 et
1012 2683 1110 2737 castra

149 2761 350 2840 protulerant,
372 2767 454 2821 tanto
469 2760 594 2823 aberant
609 2761 645 2822 ab
661 2778 737 2839 aqua
751 2763 884 2839 longius,
907 2769 937 2821 ct
956 2762 1109 2840 praesenti

123 2846 225 2906 omalo
241 2845 307 2906 aliis
321 2844 407 2905 malis
422 2846 554 2906 remedia
572 2844 728 2907 dabantur.
763 2847 863 2906 Prima
878 2853 965 2906 nocte
981 2844 1110 2922 aquandi

150 2946 239 2989 causa
253 2948 340 2990 nemo
364 2930 517 3006 egreditur
532 2948 567 2990 ex
590 2933 711 3000 castris;
732 2932 868 3009 proximo
889 2930 937 2989 dic
958 2928 1110 3008 praesidio

149 3015 181 3072 in
197 3015 303 3073 castris
318 2989 423 3073 relicto
438 3015 594 3074 universas
609 3014 644 3074 ad
660 3032 767 3092 aquam
782 3016 883 3092 copias
898 3013 1038 3082 educunt}
1057 3031 1111 3091 pa·

123 3095 284 3156 obolatam
298 3099 446 3157 emittitur
465 3115 562 3167 nemo.
597 3098 656 3186 lliq
667 3115 717 3157 eos
732 3098 886 3176 suppliciis
906 3097 982 3158 male
1003 3096 1110 3157 haberi

150 3179 260 3240 Caesar
282 3186 312 3239 et
331 3184 532 3242 necessariam
553 3181 653 3242 subire
681 3181 861 3242 deditionem
882 3199 969 3260 quam
994 3178 1111 3260 proelio

150 3263 306 3324 decertare
321 3263 458 3325 malebat.
484 3265 614 3326 Conatur
629 3273 726 3326 tamen
743 3283 794 3327 eos
808 3265 883 3327 vallo
898 3266 1035 3344 fossaque
1051 3266 1111 3325 cir·

150 3349 352 3418 communire,
374 3355 407 3409 ut
423 3366 510 3426 quam
524 3353 651 3410 maxime
666 3352 841 3428 repentinas
857 3367 959 3410 eorum
976 3350 1111 3426 eruptio·

150 3449 203 3492 nes
219 3431 405 3503 demoretur;
427 3452 484 3512 quo
501 3436 670 3496 necessario
692 3434 889 3495 descensuros
911 3431 1113 3494 existimabat.
