2356 3870
266 209 821 270 1011111111111111-111111.
961 211 1022 270 147
1121 253 1123 257 ,

66 390 129 442 tum
144 388 272 444 turmasr
290 379 332 436 cis
347 377 384 437 de
398 375 494 436 media
507 357 595 435 nocte
610 376 745 453 imperat,
761 380 795 434 11
808 387 896 453 paulo
913 374 1021 435 tumul·

65 465 180 526 tuosius
206 460 342 522 omnibus
362 460 436 520 locis
450 465 637 536 vagarentur.
677 459 776 519 Prima
801 459 868 518 luce
885 467 1055 535 magnumt

63 565 223 610 numerum
237 543 519 623 impedimentorum
531 561 567 603 ex
574 544 679 603 castris
684 541 1024 622 mulorumqueproduci

64 632 161 708 deque
176 629 222 690 his
237 634 398 689 stramenta
414 625 529 687 detrahi
549 627 755 703 mulionesque
776 645 843 686 eum
859 627 1023 687 cassidibus

64 717 199 792 equitum
221 713 320 791 specie
334 729 368 771 ac
383 709 570 770 simulatione
590 709 715 770 collibus
736 710 916 770 circumvehi
929 710 1022 771 iubet

64 799 114 858 llis
130 814 242 876 paucos
257 794 338 854 addit
353 796 477 870 equites,
495 795 546 870 qui
556 793 643 854 latius
656 796 860 854 ostentationis
872 812 960 855 eausa
976 812 1023 854 ra·
1040 800 1055 850 3

63 887 217 958 gerentur.
248 878 349 955 longo
365 879 491 938 circuitu
505 877 622 937 easdem
638 895 740 937 omnes
755 877 842 938 iubet
856 884 960 957 petere
974 896 1022 938 re-

63 967 176 1043 giones.
193 962 283 1022 vllaec
297 961 402 1040 procul
415 978 451 1020 ex
466 961 575 1040 oppido
590 961 777 1031 ridebantur,
793 969 826 1021 ut
841 968 904 1022 erat
918 980 935 1021 a
951 961 1024 1022 Ger·
1039 969 1055 1016 1

64 1050 148 1126 goria
164 1046 323 1124 despectus
343 1047 373 1104 in
389 1052 499 1114 castra,
521 1061 620 1121 neque
639 1051 721 1104 tanto
736 1047 845 1123 spatio,
863 1047 937 1106 certi
953 1045 1023 1121 quid

65 1138 157 1200 esset,
186 1128 334 1208 explorari
358 1135 484 1206 poterat.
530 1127 689 1206 Legionem
710 1146 799 1189 unam
821 1129 925 1189 eodem
954 1130 1055 1206 iugoo

63 1215 153 1276 mittit
168 1221 200 1273 et
212 1212 333 1291 paulum
353 1229 542 1290 progressam
562 1213 704 1272 inferiore
720 1214 872 1273 constituit
892 1213 957 1272 loco
973 1212 1023 1273 sil·

64 1301 168 1375 risque
183 1296 319 1357 occultat.
356 1298 488 1372 Augetur
502 1295 592 1356 Gallis
607 1297 737 1375 suspicio
752 1304 841 1372 atque
857 1314 959 1356 omnes
973 1295 1056 1356 illoti

64 1382 265 1442 munitionum
286 1380 387 1458 copiae
408 1379 614 1440 traducuntur.
656 1381 753 1440 Vacua
778 1387 874 1440 castra
894 1379 1054 1441 hostiumr

65 1467 174 1528 Caesar
189 1465 377 1542 conspicatus
392 1464 477 1523 tectis
491 1463 657 1541 insignibus
671 1482 795 1524 suorum
810 1463 1024 1540 occultatisque

64 1550 158 1628 siguis
172 1546 349 1609 militaribus
363 1565 447 1608 raros
456 1546 573 1617 milites,
589 1565 627 1607 ne
639 1566 674 1607 ex
686 1548 795 1625 oppido
810 1547 1023 1608 animadverte·

64 1641 182 1701 rentur,
199 1650 234 1691 cx
246 1630 408 1692 maioribus
420 1633 524 1690 castris
537 1633 568 1691 in
581 1632 696 1691 minora
707 1631 836 1691 traducit
849 1631 1023 1707 legatisque,

65 1733 142 1794 quos
153 1715 275 1792 singulis
286 1713 451 1791 legionibus
465 1716 657 1792 praefecerat,
674 1713 744 1790 quid
755 1715 819 1775 lieri
830 1714 908 1783 velit,
925 1721 1024 1773 osten·

66 1801 125 1866 dit;
141 1800 278 1877 inprimis
292 1807 403 1866 mouet,
427 1805 460 1858 ut
475 1801 645 1859 contineant
658 1796 780 1865 milites,
803 1816 841 1858 ne
856 1797 953 1857 studio
968 1815 1023 1875 pu·
1038 1801 1056 1853 8

66 1883 176 1961 gnandi
190 1889 240 1943 aut
261 1900 314 1961 spe
328 1881 455 1960 praedae
475 1880 591 1959 longius
611 1881 853 1961 progrediantur;
878 1881 946 1958 quid
967 1881 1056 1941 ini-t

67 1968 164 2043 quitas
178 1965 236 2026 loci
247 1965 547 2034 haheatincommodi,
563 1967 717 2045 proponit:
735 1965 791 2025 boc
803 1984 861 2025 una
873 1964 1024 2025 celeritate

65 2067 155 2129 posse
169 2051 292 2116 mutari;
309 2049 470 2109 occasionis
482 2065 632 2119 esse'rem,
649 2067 708 2109 non
723 2048 837 2127 proelii.
865 2048 918 2108 llis
931 2048 1022 2109 rebus
1034 2054 1067 2106 lo

67 2135 208 2212 expositis
222 2134 339 2210 signum
347 2132 395 2192 dat
411 2141 441 2192 et
454 2131 601 2194 abdextra
615 2140 700 2212 parte
715 2132 771 2193 alio
783 2151 908 2194 ascensu
920 2133 1023 2194 eodem

67 2225 203 2296 tempore
216 2217 333 2277 Aeduos
347 2217 444 2276 mittit.
558 2207 568 2223 ⁸

129 2299 282 2361 XXXXVI.
310 2299 418 2379 Oppidi
428 2318 532 2361 murus
541 2299 577 2360 ab
589 2300 713 2378 planicie
723 2310 812 2377 atquc
824 2303 908 2361 initio
921 2318 1022 2361 ascen·
1039 2305 1052 2357 l

67 2403 117 2446 sus
131 2391 215 2445 recta
228 2385 365 2460 regione,
387 2385 413 2444 si
426 2384 526 2444 nullus
541 2385 700 2445 amfractus
713 2385 927 2452 intercederet,
943 2384 1024 2443 mille

66 2469 211 2529 ducentos
225 2485 330 2545 passus
341 2467 456 2535 aberat;
474 2468 613 2544 quicquid
623 2467 681 2529 huc
693 2471 834 2529 circuitus
841 2469 877 2528 ad
889 2466 1022 2528 mollien-
1039 2474 1056 2522 t

67 2550 250 2618 dum-clivum
262 2558 435 2619 accesserat,
450 2551 480 2611 id
496 2553 623 2630 spatium
633 2554 748 2614 itineris
761 2551 894 2629 augebat.
921 2554 945 2612 Α
960 2569 1021 2612 me·
1038 2555 1054 2607 t

67 2636 114 2696 dio
130 2636 195 2696 1111
216 2634 292 2694 colle
305 2636 337 2694 in
352 2634 580 2712 longitudinem,
603 2644 635 2696 ut
649 2644 754 2697 natura
774 2638 883 2697 montis
897 2635 1025 2705 ferebat,

67 2737 102 2780 ex
129 2717 290 2795 grandibus
310 2719 388 2779 saxis
408 2737 460 2779 sex
482 2719 592 2798 pedum
614 2738 748 2787 murum,
782 2722 833 2796 qui
852 2728 1023 2780 nostrorum

66 2804 210 2882 impetum
221 2801 360 2871 tardaret,
374 2802 592 2880 praeduxerant
605 2802 679 2864 Galli
691 2811 779 2880 atque
789 2804 931 2864 inferiore
943 2804 1024 2862 omni

66 2887 161 2965 spatio
181 2903 274 2946 vacuo
294 2884 399 2947 relicto
420 2888 605 2965 superiorem
631 2894 746 2965 partem
768 2886 849 2946 collis
870 2904 966 2964 usque
987 2886 1023 2947 ad

66 2987 186 3030 murum
201 2969 302 3049 oppidi
324 2969 505 3032 densissimis
525 2971 629 3030 castris
650 2969 878 3048 compleverant.
916 2971 1054 3032 Militest

66 3053 133 3114 dato
154 3054 240 3131 signo
265 3052 401 3114 celeriter
422 3055 457 3115 ad
478 3056 671 3115 munitionem
702 3057 879 3133 perveniunt
899 3072 1023 3131 eamque

65 3139 244 3216 transgressi
258 3138 344 3203 trinis
351 3140 455 3198 castris
469 3140 639 3216 potiuntur;
656 3157 690 3198 ae
701 3145 782 3198 tanta
798 3139 854 3199 luit
872 3140 903 3199 11
919 3141 1022 3200 castris
1038 3146 1054 3196 1

66 3221 217 3300 capiendis
236 3218 391 3291 celeritas,
408 3222 653 3292 ut·Teutomatus,
669 3241 722 3283 111
735 3222 954 3301 Nitiobrogum,
971 3242 1020 3282 su·

65 3305 127 3365 bito
141 3308 174 3366 in
189 3305 379 3366 tabernaculo
404 3324 575 3384 oppressus,
601 3313 634 3365 ut
657 3304 781 3366 meridie
803 3308 1019 3383 conquieverat

65 3391 223 3469 superiore
238 3390 372 3468 corporis
388 3397 471 3470 parte
486 3390 604 3458 nudata,
620 3389 773 3451 vulnerato
790 3407 867 3469 equo
881 3392 933 3450 rin
941 3408 977 3451 se
987 3407 1027 3447 ox

67 3473 203 3534 manibus
218 3473 419 3551 praedantium
433 3472 559 3536 militum
576 3475 721 3558 eriperet.

806 3566 875 3632 to*
