2356 3870
288 244 401 302 GOMM.
408 246 457 300 111.
479 244 856 303 GARXXXIII—XXXVII.
1008 241 1050 310 85

89 413 232 481 tlaretur,
255 418 285 472 ct
299 430 356 491 quo
371 413 429 473 iter
444 412 612 491 expeditius
631 413 759 483 laceret,
782 413 819 473 M.
836 413 997 475 Favonium
1012 416 1049 476 ad

89 496 202 558 flumen
217 495 432 566 Aliacmonem,
454 495 531 576 quod
547 496 748 576 Macedoniam
765 515 782 556 a
799 496 952 559 Thessalia
974 499 1048 560 divi·

91 580 151 650 dit,
174 598 242 641 cum
262 579 435 640 cohortibus
455 592 520 640 vm
541 580 692 660 praesidio
712 580 934 660 impedimentis
955 583 1047 660 legio·

89 682 162 726 num
177 664 300 742 reliquit
311 663 523 743 castellumque
539 663 583 724 ibi
598 666 710 725 muniri
725 667 822 726 iussit.
844 664 956 726 Eodem
973 673 1075 727 tem-t

89 767 163 828 pore
180 750 330 827 equitatus
344 751 425 826 regis
440 749 540 828 Cotyis
555 748 591 808 ad
607 755 703 809 castra
719 748 800 809 Cassi
816 749 974 819 advolavit,
996 754 1047 830 qui

90 835 204 893 circum
216 831 396 893 Thessaliam
412 849 476 893 esse
488 840 655 893 consuerat.
686 832 761 893 Tum
777 835 885 893 timore
900 837 1072 913 parterm-5

90 924 139 978 tus
154 916 272 977 Cassius
287 919 404 995 cognito
421 916 570 996 Scipionis
591 917 719 978 adventu
733 919 865 997 visisque
883 917 1046 995 equitibus,

90 1018 165 1078 quos
180 1000 329 1080 Scipionis
344 1019 409 1062 esse
425 1000 637 1070 arbitrabatur,
654 1001 690 1061 ad
705 1009 821 1061 montes
842 1020 874 1061 se
890 1005 1046 1071 convertit,

89 1088 142 1164 qui
163 1084 345 1146 Thessaliam
368 1087 504 1162 cingunt,
533 1092 621 1165 atque
644 1103 680 1146 ex
699 1084 746 1145 his
766 1084 840 1146 locis
861 1085 1047 1146 Ambraciam

88 1187 194 1230 versus
209 1171 267 1230 iter
281 1170 381 1230 lacere
397 1172 505 1250 coepit.
536 1171 574 1230 At
588 1169 757 1248 Scipionem
775 1178 985 1249 properantem
1000 1179 1074 1230 seo

89 1255 141 1333 qui
156 1253 273 1314 litterae
288 1261 357 1314 sunt
372 1260 546 1315 consecutae
562 1272 579 1314 a
593 1253 631 1313 M.
648 1253 787 1322 Favonio,
802 1255 965 1314 Domitium
981 1273 1047 1315 cum

88 1337 258 1415 legionibus
279 1338 382 1398 adesse
403 1355 499 1417 neque
520 1356 551 1398 se
572 1337 770 1416 praesidium,
797 1336 849 1397 ubi
870 1340 1048 1398 constitutus

90 1427 179 1492 esset,
194 1425 259 1482 sine
275 1422 384 1482 auxilio
400 1422 549 1502 Scipionis
563 1430 666 1481 tenere
682 1440 779 1500 posse.
808 1421 923 1492 Quibus
939 1423 1074 1482 litterisl

89 1508 219 1584 acceptis
234 1506 390 1566 consilium
406 1505 507 1585 Scipio
521 1508 638 1584 iterque
654 1512 831 1575 commutat;
851 1506 985 1567 Cassium
999 1525 1045 1568 se·

89 1592 141 1669 qui
157 1591 283 1659 desistit,
299 1590 429 1651 Favonio
444 1590 587 1651 auxilium
601 1591 682 1650 serre
694 1590 855 1650 contendit.
879 1591 980 1670 ltaque
996 1591 1044 1650 die
1057 1599 1074 1648 8

89 1693 124 1736 ac
139 1681 226 1734 nocte
241 1677 411 1735 continuato
426 1677 534 1734 itinere
550 1674 587 1734 ad
602 1692 670 1734 cum
691 1674 839 1752 pervenit,
864 1681 922 1734 tam
939 1693 1047 1754 oppor-

90 1766 163 1819 tuno
179 1765 322 1838 tempore,
340 1766 374 1819 ut
389 1758 476 1819 simul
492 1757 652 1818 Domitiani
668 1753 816 1818 exercitus
831 1757 928 1836 pulvis
943 1775 1047 1818 cerne-

89 1850 174 1903 retur
199 1851 229 1903 et
254 1845 343 1922 primi
370 1850 576 1902 antecursores
601 1841 751 1921 Scipionis
775 1841 959 1902 viderentur.
1003 1842 1047 1903 lta

88 1925 193 1989 Cassio
207 1927 354 1987 industria
369 1927 507 1995 Domitii,
529 1926 659 1987 Favonio
674 1925 822 2004 Scipionis
842 1925 979 1986 celeritas
999 1945 1046 1986 aa·

91 2011 184 2072 lutem
199 2012 306 2071 attulit.

154 2095 297 2155 XXXVII.
325 2095 425 2174 Scipio
440 2094 564 2155 biduum
578 2093 615 2156 in
626 2096 730 2155 castris
742 2096 856 2155 stativis
866 2101 998 2155 moratus
1010 2095 1046 2156 ad
1059 2103 1073 2152 1

89 2179 217 2250 llumen,
239 2180 317 2258 quod
335 2182 414 2240 inter
430 2197 497 2240 eum
512 2187 543 2239 et
557 2179 678 2239 Domitii
693 2185 789 2240 castra
803 2178 929 2250 iluebat,
951 2180 1047 2241 aliac-

89 2281 225 2333 monem,
247 2266 336 2324 tertio
351 2264 399 2323 die
414 2265 510 2342 prima
525 2264 591 2323 luce
607 2265 770 2323 exercitum
786 2263 859 2323 vado
874 2263 1003 2324 traducit
1018 2271 1048 2324 et

89 2350 197 2409 castris
217 2349 324 2426 positis
343 2355 463 2427 postero
484 2347 533 2407 die
555 2364 641 2407 mane
657 2349 758 2426 copias
772 2355 839 2408 ante
855 2349 983 2408 frontem
999 2365 1047 2408 ca·

89 2439 220 2493 strorum
235 2434 366 2492 instruit.
397 2431 543 2492 Domitius
564 2438 627 2491 tum
642 2448 759 2510 quoque
780 2430 838 2491 sibi
854 2425 1073 2492 dubitandum

89 2533 149 2576 non
164 2518 287 2595 putarit,
303 2519 376 2595 quin
392 2516 543 2594 productis
557 2515 726 2593 legionibus
741 2516 856 2593 proelio
869 2516 1046 2576 decertaret.

90 2598 149 2659 Sed
172 2618 239 2659 cum
255 2608 334 2660 esset
353 2602 432 2661 inter
452 2599 521 2660 bina
543 2607 638 2660 castra
660 2618 782 2678 campus
797 2601 918 2660 circiter
933 2600 1048 2660 milium

89 2701 230 2762 passuum
245 2698 296 2752 VI,
320 2684 466 2745 Domitius
479 2687 588 2745 castris
604 2684 753 2762 Scipionis
768 2685 863 2744 aciem
879 2702 962 2744 suam
979 2684 1047 2744 sub·

89 2770 177 2837 iecit,
200 2768 249 2828 ille
270 2769 376 2828 avallo
391 2787 449 2829 non
465 2769 618 2829 discedere
639 2770 850 2847 perseveravit.
885 2768 925 2828 Ac
949 2774 1074 2828 tamena

90 2869 179 2930 aegre
194 2854 319 2912 retentis
334 2852 509 2913 Domitianis
523 2851 670 2915 militibus
685 2852 865 2921 estfactum,
881 2870 918 2912 ne
934 2852 1048 2930 proelio

89 2937 335 3007 contenderetur,
358 2945 388 2997 et
410 2939 552 3007 maximo,
581 2937 659 3015 quod
680 2937 762 2996 rivus
781 2934 953 2996 difficilibus
972 2938 1049 3014 ripis

89 3018 242 3081 subiectus
262 3023 369 3081 castris
386 3021 538 3100 Scipionis
562 3038 737 3100 progressus
758 3027 928 3081 nostrorum
953 3022 1046 3099 impe·

89 3103 198 3167 diebat.
232 3104 363 3174 Quorum
386 3105 516 3166 studium
538 3107 779 3182 alacritatemque
806 3105 957 3184 pugnandi
979 3112 1075 3165 cumi

89 3190 276 3266 cognovisset
292 3189 400 3268 Scipio,
418 3191 594 3269 suspicatus,
611 3191 673 3250 tore
689 3196 722 3250 ut
738 3198 857 3269 postero
872 3190 920 3250 die
937 3199 987 3251 aut
1002 3192 1047 3249 in·

88 3273 167 3334 vitus
182 3273 326 3334 dimicare
341 3282 499 3351 cogeretur
520 3283 571 3336 aut
590 3292 694 3351 magna
714 3292 781 3334 cum
802 3274 923 3335 infamia
945 3274 1049 3334 cestris

89 3375 121 3418 se
147 3360 329 3428 contineret,
360 3361 410 3437 qui
440 3359 643 3436 magnacum
672 3363 879 3438 expectatione
907 3361 1047 3427 venisset,

90 3449 203 3502 temere
230 3459 405 3522 progressus
430 3451 548 3522 turpem
573 3442 679 3504 habuit
704 3445 822 3506 exitum
846 3452 881 3520 et
900 3450 1000 3503 noeau
1016 3459 1063 3498 ne

88 3526 275 3586 conclamatis
287 3527 406 3606 quidem
426 3530 502 3592 rasis
517 3529 633 3596 ilumen
655 3531 770 3596 transit
784 3542 881 3612 atque
892 3532 934 3589 in
947 3523 1089 3586 eandem
