2356 3870
432 221 510 281 CAP.
525 222 696 279 Vlll—XII.
1023 217 1041 281 Ἰ

75 389 116 432 33
139 371 189 432 die
212 371 355 433 dimicare
378 370 509 440 nolebat,
532 370 611 451 quod
634 378 664 433 et
686 370 785 432 nullos
807 370 920 433 milites
942 373 973 432 in
990 389 1043 433 na·

78 455 168 517 vibus
195 454 339 524 habebat,
369 464 398 515 et
425 464 493 534 post
522 455 626 516 horam
654 469 688 515 x.
718 455 779 517 diei
806 473 856 516 res
883 454 1042 534 agebatur;

78 557 139 601 nox
161 545 261 600 autem
291 538 416 600 allatura
443 539 600 600 videbatur
626 542 773 600 maiorem
801 539 940 600 fiduciam
969 539 1041 608 illis,

76 626 133 703 qui
163 621 299 684 locorum
326 624 433 683 notitia
460 621 665 692 considebant;
698 623 757 683 sibi
785 625 875 683 etiam
902 623 1042 684 hortandi

78 725 151 767 suos
172 707 317 767 auxilium
339 707 522 776 defuturum,
546 707 625 785 quod
647 706 730 768 nulla
752 709 824 767 satis
839 706 947 768 idonea
963 715 1044 770 esset

77 789 226 866 hortatio,
260 809 335 870 quae
368 809 464 870 neque
497 792 638 852 virtutem
671 798 772 869 posset
805 797 910 851 notare
942 809 1041 869 neque

79 875 230 935 inertiam.
275 874 391 946 Quibus
413 876 450 937 de
473 877 571 937 causis
593 892 690 944 naves,
715 893 787 953 quas
803 876 910 951 potuit,
934 873 1041 935 Caesar
1062 875 1078 923 6

71 959 116 1019 ad
138 966 251 1019 terram
274 959 419 1029 detrahit,
447 977 536 1039 quern
564 961 597 1020 iu
625 957 726 1018 locum
754 958 824 1019 illos
846 975 1041 1018 successuros

77 1059 141 1103 non
165 1042 365 1103 existimabat.

142 1125 191 1186 xl.
234 1126 305 1188 Erat
327 1146 386 1187 una
402 1128 485 1188 navis
500 1126 649 1188 Rhodia
641 1145 672 1189 m
695 1126 799 1187 dextro
815 1070 950 1187 Caesaris
973 1143 1040 1187 cor·
1061 1126 1075 1174 ¹

77 1226 121 1269 nu
144 1209 231 1288 longe
254 1210 292 1270 ab
315 1211 441 1289 reliquis
464 1211 619 1272 collocata.
664 1211 747 1270 llano
760 1212 927 1288 conspicati
940 1209 1041 1271 hostes

78 1310 141 1349 non
162 1301 326 1355 tenuerunt
353 1312 435 1362 sese,
468 1313 636 1370 magnoque
669 1296 784 1372 impetu
818 1306 872 1352 1111
906 1293 941 1354 ad
975 1313 1040 1354 eam

76 1380 248 1434 constratae
268 1391 359 1435 naves
386 1383 416 1434 et
430 1418 435 1427 ,
450 1376 622 1453 complures
656 1384 776 1453 apertae
810 1377 1039 1437 contenderunt.

76 1456 136 1518 Cui
158 1464 280 1518 coactus
303 1464 348 1518 est
370 1457 479 1519 Caesar
501 1460 582 1519 lerre
598 1458 782 1528 subsidium,
804 1477 843 1520 ne
866 1467 986 1538 turpem
1009 1459 1076 1521 in2

78 1548 243 1617 conspectu
266 1542 479 1602 contumeliam
502 1544 669 1620 acciperet,
693 1561 888 1621 quamquam,
918 1544 1039 1621 siquid

75 1626 200 1701 gravius
237 1623 298 1685 illis
336 1627 509 1695 accidisset,
553 1628 661 1686 merito
699 1644 838 1687 casurum
874 1626 1049 1688 iudicabat..

77 1707 231 1769 Proelium
260 1712 452 1770 commissum
481 1716 526 1769 est
552 1727 659 1787 magna
687 1711 879 1770 contentione
907 1709 1074 1771 Rhodio-i

78 1808 161 1861 rum;
192 1794 244 1871 qui
273 1812 341 1854 cum
370 1796 400 1853 in
429 1792 569 1853 omnibus
592 1791 838 1853 dimicationibus
861 1801 890 1852 et
913 1795 1039 1854 scientia

78 1884 109 1936 et
131 1878 242 1936 virtute
265 1878 498 1955 praestitissent,
521 1884 584 1936 tum
607 1879 735 1937 maxime
759 1875 811 1936 lllo
834 1885 969 1954 tempore
992 1886 1039 1937 to-

76 1966 143 2020 tum
165 1978 241 2020 onus
263 1963 411 2021 sustinere
433 1978 495 2021 non
517 1959 712 2030 recusabant,
744 1976 782 2020 ne
809 1960 889 2037 quod
916 1978 1039 2021 suorum

76 2043 167 2122 culpa
190 2043 402 2104 detrimentum
425 2052 581 2122 acceptum
602 2044 767 2106 videretur.
817 2045 861 2104 lta
888 2044 1039 2122 proelium
1059 2044 1076 2092 4

77 2127 331 2188 secundissimum
364 2136 409 2188 est
440 2129 562 2189 lactum.
616 2120 706 2207 Ca'pta
740 2135 785 2190 est
815 2146 874 2189 una
907 2129 1039 2189 hostium

76 2210 295 2291 quadriremis,
318 2212 457 2290 depressa
481 2221 526 2273 est
548 2213 651 2283 altera,
675 2213 750 2273 duae
772 2211 913 2274 omnibus
935 2212 1039 2290 epiba-

77 2296 118 2355 tis
141 2294 284 2370 nudatae;
308 2314 414 2373 magna
437 2305 592 2374 praeterea
616 2296 807 2356 multitudo
798 2314 829 2356 rn
845 2297 971 2376 reliquis
986 2314 1038 2356 na·

78 2377 166 2440 vibus
187 2389 444 2457 propugnatorum
472 2389 517 2440 est
546 2382 714 2441 interiecta.
769 2380 854 2452 Quod
889 2382 947 2440 nisi
980 2379 1076 2440 nox5

77 2462 227 2540 proelium
251 2463 434 2531 diremisset,
458 2472 518 2524 tota
542 2465 636 2525 classe
658 2464 788 2524 hostium
805 2463 913 2523 Caesar
927 2465 1040 2540 potitus

77 2555 169 2608 esset.
227 2546 289 2606 Hac
327 2547 495 2607 calamitate
532 2549 704 2626 perterritis
741 2546 879 2607 hostibus
915 2547 1076 2607 adversat

78 2638 166 2691 vento
190 2629 299 2692 leniter
332 2631 421 2692 flante
454 2650 544 2693 naves
578 2634 732 2693 onerarias
764 2631 872 2692 Caesar
903 2629 1039 2692 remulco

77 2713 259 2775 victricibus
281 2718 343 2776 suis
365 2714 491 2777 navibus
512 2716 722 2777 Alexandriam
745 2714 876 2789 deducit.

142 2797 205 2858 Xll.
251 2799 294 2859 Eo
322 2799 501 2860 detrimento
525 2799 598 2860 adeo
621 2807 690 2859 sunt
719 2800 808 2859 fracti
831 2797 1038 2867 Alexandrini,
1061 2799 1076 2847 1

76 2899 147 2942 cum
165 2885 225 2943 iam
242 2900 303 2943 non
320 2885 430 2943 virtute
446 2892 718 2961 propugnatorum,
741 2881 794 2941 sed
816 2883 942 2942 scientia
963 2883 1039 2941 clas·

78 2967 241 3026 siariorum
256 2984 287 3026 33
302 2968 397 3028 victos
412 2967 563 3036 viderent,
586 2976 618 3026 ut
634 2970 685 3027 uix
706 2983 741 3026 ex
758 2964 904 3025 aediliciis
919 2964 1041 3026 delendi

78 3066 166 3127 posse
188 3067 220 3110 se
241 3052 442 3124 confiderent,
467 3049 578 3130 quibus
598 3058 628 3111 et
649 3048 857 3128 superioribus
877 3048 953 3109 locis
969 3048 1041 3109 sub·

78 3131 265 3203 levabantur,
278 3142 307 3195 et
319 3136 474 3195 materiam
487 3141 626 3196 cunctam
643 3133 809 3202 obicerent,
823 3133 903 3212 quod
920 3140 1040 3194 nostrae

76 3216 183 3278 classis
220 3221 473 3297 oppugnationem
510 3221 601 3279 etiam
637 3217 674 3278 ad
708 3225 819 3278 terram
848 3217 1040 3278 verebantur.

78 3299 176 3371 ldem,
200 3311 393 3381 posteaquam
416 3302 601 3381 Ganymedes
624 3303 656 3361 in
684 3302 815 3362 concilio
844 3302 1040 3370 confirmavit,
1061 3306 1078 3355 a

76 3402 144 3446 sese
166 3393 197 3446 et
219 3404 284 3454 eas,
300 3404 384 3465 quae
407 3394 508 3448 essent
529 3388 666 3454 amissae,
689 3387 900 3445 restituturum
923 3391 953 3444 et
984 3402 1040 3444 nu·

76 3486 195 3530 merum
218 3469 430 3540 adaucturum,
453 3487 560 3550 magna
582 3488 635 3551 spe
658 3476 689 3532 et
702 3469 815 3532 liducia
832 3475 958 3530 3333333
974 3468 1053 3526 aab·
