2356 3870
280 219 380 276 noun.
395 224 425 276 v.
441 217 511 278 car.
527 187 855 278 mxuussxxxxuu.
1010 219 1050 282 oo

92 391 176 456 dame
199 386 313 463 equites
328 385 446 446 circiter
468 384 697 462 quadringentos
710 403 749 444 ex
762 383 905 464 proximis
915 377 1051 443 bibernis

93 473 211 548 colligit.

155 553 323 616 llllllllVll.
360 552 440 612 Hora
462 554 579 613 circiter
598 554 687 612 tertia
703 551 739 612 ab
758 552 1003 613 antecursoribus
1014 549 1079 612 del

93 639 192 702 Crassi
211 638 338 698 adventu
360 639 469 696 certior
489 637 598 703 lactus,
627 654 661 695 eo
683 636 730 695 die
747 635 827 697 milia
848 653 990 714 passuum
1009 656 1051 695 xx

92 721 235 802 procedit.
279 720 419 782 Crassum
440 719 662 780 Samarobrivae
688 720 820 797 praeficit
844 718 1081 795 legionemque2

48 875 51 878 ,
93 803 242 873 attribuit,
266 803 346 881 quod
365 803 407 864 ibi
421 802 631 882 impedimenta
646 804 803 871 exercitus,
819 801 936 862 obsides
952 804 1051 862 civita-

93 898 168 958 tum,
183 888 297 948 litteras
311 886 446 966 publicas
460 888 703 963 frumentumque
718 903 815 955 omne,
832 885 911 962 quod
927 904 961 945 eo
976 885 1051 945 tole·

92 971 204 1034 rendae
219 969 324 1031 hiemis
344 988 432 1031 causa
452 969 623 1038 derexerat,
645 968 840 1046 relinquebat.
876 967 998 1037 Fabius,
1021 973 1083 1028 uta

92 1059 269 1134 imperatum
286 1061 365 1123 erat,
386 1071 447 1115 non
461 1055 502 1113 ita
516 1053 641 1113 multum
656 1060 803 1123 moratus,
817 1054 848 1113 in
862 1055 968 1113 itinere
984 1070 1052 1112 cnm

93 1140 211 1215 legione
222 1139 360 1198 occurrit
382 1135 539 1206 Labienus,
555 1139 678 1197 interitu
691 1137 791 1197 Sabini
807 1143 836 1196 et
846 1136 934 1196 caede
946 1136 1083 1196 cohor-t

94 1224 169 1283 tIum
184 1223 310 1298 cognita,
326 1239 394 1281 eum
409 1238 512 1280 omncs
532 1220 568 1280 ad
590 1238 658 1280 eum
673 1220 872 1280 Treverorum
887 1221 988 1298 copiae
1003 1238 1051 1279 re·

94 1307 219 1373 nissent,
234 1305 356 1374 veritus,
368 1305 394 1365 si
405 1322 440 1363 ex
451 1302 584 1364 hibernis
595 1305 683 1381 fugae
698 1303 823 1364 similem
837 1304 1053 1382 profectionem

95 1390 229 1456 iecisset,
245 1393 279 1448 ut
289 1385 417 1448 bostium
428 1388 572 1466 impetum
589 1389 737 1448 sustinere
751 1393 861 1467 posset,
877 1388 1054 1467 praesertim

96 1489 170 1549 quos
190 1471 305 1532 receuti
324 1471 445 1531 victoria
460 1470 561 1531 elierri
575 1472 675 1541 sciret,
691 1471 805 1532 litteras
821 1471 938 1532 Caesari
952 1472 1085 1532 remit-o

96 1558 139 1625 tit,
156 1561 265 1632 quanto
281 1571 348 1614 eum
362 1553 495 1634 periculo
516 1553 662 1631 legionem
683 1573 719 1614 ex
739 1554 872 1616 hibernis
892 1555 1054 1615 educturus

96 1646 184 1708 esset,
200 1655 265 1699 rem
279 1644 392 1715 gestam
406 1639 437 1696 in
451 1637 641 1698 Eburonibus
655 1637 822 1716 perscribit,
839 1638 934 1706 docet,
950 1654 1055 1697 omnes

96 1722 244 1801 peditatus
259 1722 466 1798 equitatusque
486 1723 586 1799 copias
601 1722 800 1782 Treverorum
820 1722 876 1781 tria
891 1719 970 1781 milia
985 1738 1052 1798 pas·

96 1823 183 1867 suum
197 1804 285 1882 longe
300 1803 337 1865 ab
352 1805 415 1865 suis
429 1806 533 1865 castris
548 1805 726 1865 consedisse.

158 1887 340 1949 xxxxvtll.
369 1887 475 1949 Caesar
487 1889 610 1949 conellio
623 1890 686 1949 eius
697 1886 832 1967 probato,
849 1888 904 1948 etsi
916 1889 1055 1967 opinione
1071 1888 1089 1944 ι’

96 1975 187 2034 trium
205 1971 357 2048 legionum
379 1971 511 2032 deiectus
531 1972 567 2033 ad
588 1972 661 2033 duas
681 1972 825 2040 redierat,
847 1977 946 2032 tamen
961 1989 1054 2032 unum

96 2057 262 2117 communis
282 2054 385 2116 salutis
405 2054 545 2116 auxilium
570 2056 602 2117 in
623 2054 773 2116 celeritate
793 2054 931 2133 ponebat
969 2056 1087 2116 Venite

95 2139 210 2216 magnis
223 2137 380 2199 itineribus
399 2139 431 2198 in
446 2138 622 2200 Nerviorum
636 2139 718 2199 fines.
754 2137 799 2198 lbi
815 2157 850 2198 ex
867 2141 987 2218 captivis
1002 2157 1051 2198 co-

95 2223 226 2301 gnoscit,
242 2237 318 2299 quae
332 2221 410 2300 apud
425 2221 600 2283 Ciceronem
614 2229 756 2300 gerantur
771 2228 942 2298 quantoque
955 2225 986 2282 in
1001 2241 1054 2301 pe·

95 2305 190 2368 riculo
210 2322 261 2366 res
281 2305 328 2365 sit
369 2304 447 2366 'lum
467 2305 584 2367 cuidam
604 2324 640 2367 ex
661 2304 809 2383 equitibus
830 2304 920 2366 Gadis
940 2307 1086 2384 magnist

94 2390 235 2470 praemiis
254 2388 427 2467 persuadet,
448 2390 493 2450 uti
512 2389 549 2450 ad
565 2391 737 2450 Ciceronem
759 2389 914 2468 epistolam
929 2389 1051 2450 delerat.

95 2474 179 2534 ilaue
198 2472 319 2533 Graecis
339 2473 536 2552 conscriptam
557 2473 663 2534 litteris
691 2473 799 2542 mittit,
826 2490 864 2533 ne
890 2474 1086 2550 interceptae

95 2554 219 2635 epistola
234 2561 335 2617 nostra
346 2554 383 2616 ab
393 2554 528 2617 hostibus
540 2556 660 2617 consilia
671 2563 895 2634 cognoscantur.
927 2556 959 2617 Si
973 2555 1086 2617 adiret

95 2658 155 2701 non
169 2640 279 2718 possit,
294 2648 410 2708 monet,
425 2646 460 2699 ut
473 2639 617 2717 tragulam
632 2658 700 2701 cum
715 2638 838 2719 epistola
852 2639 887 2699 ad
904 2646 1054 2701 amentum

95 2722 221 2801 deligata
239 2724 318 2784 iutra
338 2723 532 2784 munitionem
553 2730 718 2784 castrorum
739 2722 853 2784 abiciat.
895 2724 929 2784 ln
948 2723 1087 2785 litterist

96 2805 207 2875 scribit,
220 2824 253 2867 se
265 2824 332 2867 cum
343 2805 507 2884 legionibus
519 2806 687 2886 proiectum
698 2807 835 2868 celeriter
851 2806 966 2874 adfore:
982 2806 1052 2867 bor·

97 2899 190 2958 tatur,
212 2897 247 2950 ut
264 2891 420 2969 pristinam
439 2891 580 2951 virtutem
600 2892 736 2951 retineat.
774 2888 875 2951 Gallus
889 2889 1085 2971 periculumr

96 2976 222 3053 veritus,
238 2979 273 3034 ut
291 2981 356 3033 erat
373 2980 579 3052 praeceptum,
600 2972 746 3052 tragulam
761 2975 859 3033 mittit.
889 2974 968 3035 ilaec
984 2982 1083 3036 casua

96 3057 131 3118 ad
151 3057 259 3118 turrim
279 3055 413 3117 adhaesit
430 3072 528 3134 neque
549 3057 586 3118 ab
605 3059 716 3118 uostris
742 3056 831 3117 biduo
853 3059 1054 3120 animadversa

96 3143 184 3202 tertio
198 3139 247 3200 die
261 3156 278 3199 a
293 3140 420 3217 quodam
435 3139 528 3201 milite
543 3142 734 3221 conspicitur,
749 3141 867 3220 dempta
883 3143 919 3202 ad
935 3143 1052 3202 Cicero-

97 3242 164 3285 nem
179 3223 321 3285 defertur.
352 3222 405 3283 llle
419 3224 581 3302 perlectam
600 3227 632 3286 in
647 3231 793 3287 conventu
809 3224 934 3287 militum
948 3228 1055 3286 recitat
1068 3232 1085 3283 a

97 3309 281 3384 maximaque
295 3324 398 3368 omnes
409 3306 519 3369 laetitia
531 3308 637 3370 adficit
668 3309 745 3370 l'um
759 3309 833 3370 lumi
847 3311 1053 3371 incendiorum
1065 3316 1097 3366 lo

96 3389 200 3470 procul
213 3389 403 3461 ridebantur,
426 3407 501 3469 quae
515 3411 565 3454 res
579 3410 697 3454 omnem
712 3392 923 3455 dubitationem
944 3394 1050 3454 adven·

97 3483 144 3536 tus
156 3473 309 3553 legionum
324 3473 444 3554 exprdit

846 3563 889 3618 78
