2356 3870
159 213 222 277 110
479 218 527 273 DE
548 216 663 272 BELLO
686 217 795 273 CIVILI

133 386 237 458 ureret,
255 399 350 461 quom
364 400 386 444 c
397 380 486 445 uobis
501 380 594 444 telum
608 381 644 444 ic
658 379 774 444 bostem
787 380 949 444 iaceretur.
980 377 1037 444 Iu
1051 381 1122 447 stre

153 465 295 546 periculo
310 465 466 546 iepioreum
480 468 509 528 ei
516 484 620 545 paene
633 464 701 528 sice
711 463 837 528 euicere
852 464 964 528 beilum
978 465 1119 546 conficie-

160 567 239 612 rcus.
269 546 313 611 Id
327 552 431 612 cutem
446 548 576 630 deficite
589 568 655 613 riori
669 552 726 626 est,
748 567 819 612 cum
839 552 963 612 taciem
977 550 1121 629 equitator

134 632 328 696 noceamus.
359 634 453 696 Simul
470 636 669 704 denuntiavit,
691 642 725 696 ut
739 641 840 695 essent
859 637 958 696 animo
972 638 1073 714 parati
1086 637 1118 698 in

159 726 313 798 posterum
328 727 367 788 ct,
384 721 522 799 quoniam
535 720 622 780 fieret
636 719 797 779 dimicandi
811 726 957 798 potestas,
980 726 1014 779 ut
1028 737 1119 798 saepe

159 805 383 880 cogitavissent,
414 821 452 864 ne
478 822 534 864 usu
558 821 706 883 manuque
730 803 914 882 reliquorum
944 804 1118 881 opinionem

161 888 307 948 fallerent.

135 983 148 1029 1
223 970 390 1032 LXXXVII
425 970 510 1032 Hunc
524 970 676 1031 Labienus
695 972 811 1050 excepit
831 978 874 1040 et,
898 989 965 1032 cum
981 971 1119 1034 Caesaris

160 1058 261 1133 copias
275 1056 451 1134 despiceret,
467 1055 595 1200 Pompei
604 1054 762 1116 consilium
776 1057 901 1115 summis
919 1055 1060 1115 laudibus
1074 1057 1117 1117 ei·

158 1139 261 1208 l,erret
278 1133 364 1212 Noli,
381 1140 487 1217 inquit,
503 1138 582 1200 eccisi
580 1136 691 1214 dirrare,
706 1134 846 1217 Pompei,
860 1135 944 1200 burte
953 1154 1017 1200 esse
1031 1156 1118 1201 eder-

55 1273 56 1276 ,
132 1220 263 1296 iritum,
279 1239 334 1299 qur
328 1185 492 1284 Galliam
505 1185 772 1300 Germaniamque
787 1220 938 1284 devicerit.
964 1218 1119 1285 Omnibus

158 1267 290 1382 interibi
298 1303 438 1384 proeliis,
454 1323 551 1384 oeque
566 1308 675 1368 temere
688 1305 881 1386 iceopcitam
893 1324 960 1368 rem
967 1323 1116 1385 proruu-

158 1388 210 1450 iic.
247 1384 425 1467 Perexipcc
437 1407 520 1469 parc
539 1388 626 1452 illius
647 1389 797 1452 exercitus
816 1391 971 1468 superesi·
996 1408 1118 1470 mappa

152 1488 235 1552 pars
254 1470 397 1551 deperiit,
424 1472 507 1551 prod
527 1472 732 1536 accidereioi
689 1472 882 1553 ioiproeiiis
904 1471 969 1550 scii
987 1491 1114 1545 necesse

59 1593 61 1597 ν
158 1555 237 1618 muli
225 1558 271 1618 ios
285 1556 432 1619 autumni
440 1556 654 1636 pestilentie
640 1575 677 1620 iu
692 1555 794 1623 Italic
809 1556 1006 1636 consumpsit,
1022 1557 1116 1621 molti

158 1639 284 1702 domum
307 1639 522 1717 discesserent,
549 1639 641 1704 mciii
660 1644 735 1703 curii
756 1640 894 1704 relicti
831 1643 917 1703 irc
937 1640 1115 1705 conditorii.

131 1721 214 1787 eAre
227 1743 293 1787 riori
306 1724 440 1787 cuditis
454 1743 491 1787 erc
504 1725 555 1803 iis,
577 1724 632 1804 qui
646 1744 707 1805 per
721 1742 850 1815 causeam
864 1723 946 1787 colei
933 1724 1054 1788 deditis
1067 1745 1116 1789 re·

131 1819 148 1866 4
160 1811 354 1884 marserei
330 1807 505 1872 teobories
518 1826 581 1872 esse
594 1807 753 1872 Brundisi
764 1795 890 1887 idcirc?
910 1805 985 1871 Hae
999 1809 1114 1890 copiae,

157 1911 237 1970 quae
250 1891 368 1968 ridetis,
384 1911 421 1955 erc
436 1891 597 1956 deieciibus
615 1891 729 1955 borum
743 1911 901 1955 cremum
921 1893 958 1955 iro
974 1892 1117 1957 citeriore

158 1973 269 2038 Gcilic
282 1978 358 2039 surii
370 1974 509 2054 refectae,
521 1995 537 2039 e
537 1975 701 2056 plerique
714 1994 729 2038 s
752 1979 788 2039 iri
801 1994 838 2038 ec
852 1975 981 2040 comdiis
993 1975 1115 2040 Trace-

151 2059 301 2139 pcdcrlis
332 2055 381 2122 Ac
395 2063 508 2135 temer,
530 2059 613 2139 qdod
632 2059 697 2140 fcit
711 2079 747 2123 ro
767 2060 840 2136 oris,
857 2059 976 2123 duobus
984 2061 1116 2141 proeliis

130 2140 423 2223 5Dprrbdcbirris
410 2146 459 2205 eret
459 2143 538 2206 eriit.
574 2145 655 2206 Haec
676 2164 743 2207 cum
764 2147 903 2215 dixisset,
928 2148 1052 2216 iurarit,
1081 2165 1115 2208 se

157 2231 216 2288 nisi
237 2230 403 2288 victorem
395 2246 427 2288 m
442 2236 537 2289 castra
553 2248 611 2289 non
625 2248 831 2299 reversurum,
854 2229 1058 2309 reliquosque,
1080 2239 1116 2291 ut

130 2313 236 2373 cidem
250 2313 392 2381 lacerent,
407 2313 543 2374 hortatus
557 2321 609 2374 est.
644 2314 707 2374 Hoc
721 2314 844 2374 laudans
858 2314 1017 2393 Pompeius
1031 2314 1114 2375 idem

155 2398 280 2465 iuravit;
302 2414 357 2458 nec
372 2414 442 2457 vero
463 2416 500 2457 ex
520 2398 645 2477 reliquis
664 2399 721 2458 luit
741 2400 914 2477 quisquam,
937 2400 988 2477 qui
1008 2400 1114 2459 iurare

130 2480 321 2540 idubitaret.
360 2481 523 2542 Haeccum
542 2482 705 2543 factasunt
726 2484 758 2542 in
779 2482 912 2550 consilio,
934 2499 1039 2559 magna
1059 2501 1113 2561 spe

107 2629 114 2641 ⁴
156 2573 186 2624 et
200 2565 313 2625 laetitia
324 2567 456 2625 omnium
468 2566 631 2626 discessum
644 2573 704 2636 est;
721 2584 754 2627 ac
769 2568 828 2627 iam
844 2569 943 2626 animo
957 2568 1113 2628 victoriam

154 2647 389 2727 praecipiebant,
406 2650 483 2727 quod
499 2649 536 2709 de
551 2668 585 2710 re
600 2657 680 2710 tanta
697 2659 727 2710 et
746 2669 762 2710 a
784 2656 842 2710 tem
864 2652 962 2729 perito
982 2652 1113 2729 impera·

154 2741 219 2792 tore
235 2732 309 2794 nihil
325 2733 437 2793 frustra
451 2735 621 2794 confirmari
638 2733 806 2794 videbatur.

128 2827 142 2873 1
216 2815 398 2877 LXXXVIII.
440 2816 561 2886 Caesar,
589 2835 656 2878 cum
675 2817 798 2896 Pompei
824 2820 932 2879 castris
951 2819 1114 2898 adpropin-

153 2908 286 2979 quasset,
309 2900 346 2960 ad
361 2901 441 2961 hunc
456 2902 576 2961 modum
591 2904 685 2961 aciem
701 2904 767 2961 eius
786 2904 963 2963 instructam
978 2903 1115 2963 animad-

127 2986 254 3044 2vertit.
291 2985 383 3045 Erant
403 2986 433 3045 in
456 2987 578 3045 sinistro
593 3003 686 3046 cornu
708 2986 841 3063 legiones
857 2987 931 3047 duae
952 2987 1114 3048 traditaea
1154 2991 1160 3002 ’

153 3068 282 3128 Caesare
309 3070 396 3128 initio
418 3069 614 3130 dissensionis
634 3089 676 3130 en
691 3070 961 3142 senatusconsulto;
985 3088 1112 3150 quarum

152 3169 210 3212 una
230 3154 341 3230 prima,
363 3153 455 3214 altera
476 3156 565 3214 tertia
587 3153 800 3234 appellabatur.
840 3154 875 3215 ln
895 3174 930 3215 eo
955 3155 1020 3215 loco
1046 3157 1111 3233 ipsc

126 3244 219 3296 aeret
244 3235 414 3314 Pompeius.
453 3237 580 3297 Mediam
606 3240 701 3298 aciem
723 3238 824 3317 Scipio
849 3257 918 3299 cum
942 3238 1117 3316 legionibus

153 3319 283 3398 Syriacis
297 3320 429 3381 tenebat.
460 3321 628 3382 Clliciensis
643 3322 722 3400 legio
743 3326 900 3383 coniuncta
921 3340 989 3383 cum
1004 3323 1112 3383 collor-

151 3403 234 3464 tibus
250 3404 406 3483 Hispanis,
428 3423 501 3484 quas
516 3407 667 3467 traductas
687 3406 724 3467 ab
745 3407 866 3468 Afranio
887 3407 1056 3477 docuimus,
1079 3409 1111 3467 in

110 3488 249 3550 rdertro
264 3507 361 3552 cornu
378 3497 467 3554 erant
481 3490 652 3554 collocatae.
675 3490 738 3552 llas
749 3493 935 3553 firmissimas
950 3509 981 3552 se
996 3491 1111 3552 hahere
