2356 3870
151 203 194 268 82
475 207 522 262 DE
544 207 659 263 BELLO
682 206 791 263 civim

154 375 230 437 Lissi
263 374 418 455 relinquit,
447 375 502 434 hoc
541 375 678 443 consilio,
710 381 755 443 ut,
792 375 818 434 si
849 375 925 435 iorte
956 373 1118 453 Pompeius

153 479 274 522 vacuam
290 459 459 521 existimans
473 458 588 519 ltaliam
606 477 641 518 eo
655 461 824 519 traiecisset
839 460 1017 530 exercitum,
1039 475 1116 538 quae

154 548 256 625 opinio
271 550 336 604 erat
355 543 431 603 edita
446 543 476 602 in
497 543 616 620 vulgus,
637 543 766 622 aliquam
782 542 889 604 Caesar
905 543 940 603 ad
956 545 1116 622 insequen-

154 631 224 690 dum
246 628 413 689 facultatem
439 627 579 696 haberet,
610 631 788 707 nuntiosque
815 627 852 705 ad
882 646 949 688 eum
975 627 1117 688 celeriter
1155 653 1157 656 ⁴

155 715 261 782 mittit,
283 711 392 790 quibus
407 711 580 789 regionibus
597 712 760 772 exercitum
785 710 970 789 exposuisset
991 711 1117 790 etquid

155 798 281 858 militum
300 799 535 857 transvexisset.·

129 889 144 938 t
219 881 313 945 XXX.
342 880 422 941 Haeo
438 882 542 942 eodem
557 882 621 941 lere
642 887 776 960 tempore
792 881 900 942 Caesar
924 889 1011 958 atque
1027 880 1116 942 Pom-

154 969 240 1046 peius
267 971 459 1042 cognoscunt.
503 964 576 1024 Nam
598 972 818 1043 praetervectas
837 965 1020 1043 Apolloniam
1040 965 1117 1044 Dyr·

155 1051 369 1128 abachiumque
385 1067 474 1110 naves
488 1049 633 1117 viderant,
650 1048 707 1127 ipsi
722 1051 779 1109 iter
790 1049 953 1109 secundum
969 1064 1019 1109 eas
1034 1054 1117 1109 terra

64 1188 70 1197 .
156 1135 342 1201 direxerant,
370 1134 423 1194 sed
448 1150 507 1211 quo
529 1141 628 1193 essent
655 1151 707 1194 eae
734 1134 863 1204 delatae,
890 1132 993 1210 primis
1010 1130 1117 1194 diebus

129 1216 343 1296 tignorabant.
374 1217 554 1296 Cognitoque
571 1235 604 1276 re
620 1217 737 1278 diversa
753 1217 810 1278 sibi
827 1216 913 1278 ambo
929 1215 1051 1278 consilia
1065 1234 1117 1277 ca·

156 1306 258 1383 piunt:
288 1302 405 1371 Caesar,
421 1309 557 1380 utquam
574 1303 703 1380 primum
719 1320 750 1362 se
766 1319 833 1362 curn
849 1302 975 1363 Antonio
990 1302 1118 1361 coniun-

156 1392 249 1464 geret,
265 1386 433 1464 Pompeius,
456 1392 489 1445 ut
502 1385 692 1447 venientibus
713 1387 744 1446 in
765 1386 871 1446 itinere
890 1404 924 1446 se
941 1392 1116 1464 opponeret,

129 1473 182 1532 asi
202 1470 405 1546 imprudentes
420 1488 456 1530 ex
475 1470 591 1530 insidiis
612 1471 724 1530 adoriri
744 1477 859 1550 posset;
881 1470 1044 1549 eodemque
1066 1469 1118 1530 die
1156 1496 1163 1509 ·

155 1563 281 1633 uterque
297 1573 400 1615 eorum
421 1573 457 1615 ex
479 1556 585 1615 castris
606 1554 718 1614 stativis
734 1554 891 1615 a'llumine
908 1556 986 1633 Apso
1001 1553 1116 1614 exerci-

155 1648 218 1701 tum
234 1639 377 1709 educunt,
399 1639 557 1717 Pompeius
572 1639 648 1699 clam
664 1645 693 1699 et
710 1646 815 1708 noctu,
837 1639 946 1700 Caesar
959 1637 1055 1717 palam
1071 1646 1116 1700 at·

129 1724 369 1804 tqueinterdiu.
407 1723 464 1783 Sed
481 1723 599 1784 Caesari
620 1724 748 1785 circuitu
764 1723 873 1784 maiore
895 1725 953 1783 iter
968 1729 1033 1782 erat
1052 1723 1117 1783 lon·

156 1811 232 1885 gius,
249 1808 373 1868 adverso
387 1807 519 1879 flumine,
535 1815 569 1868 ut
579 1807 653 1867 rado
668 1808 795 1868 transire
809 1814 927 1886 posset;
942 1807 1115 1886 Pompeius,

155 1892 224 1971 quia
245 1892 383 1971 expedito
405 1891 512 1952 itinere
533 1892 643 1952 flumen
669 1894 698 1952 ei
723 1890 935 1952 transeundum
956 1909 1015 1952 non
1042 1898 1115 1962 erat,

129 1977 271 2052 tmagnis
286 1974 447 2036 itineribus
462 1975 497 2035 ad
514 1975 672 2036 Antonium
688 1976 853 2045 contendit,
876 1983 965 2054 atque
981 1993 1049 2036 eum
1063 1973 1118 2036 ubi

156 2061 395 2138 appropinquare
416 2060 565 2135 cognovit,
588 2060 728 2120 idoneum
748 2059 845 2120 locum
860 2067 980 2129 nactus,
1003 2059 1048 2119 ibi
1065 2076 1116 2120 ce·

155 2146 220 2222 pias
235 2143 388 2203 collocavit
399 2160 527 2221 suosque
541 2160 643 2205 omnes
657 2146 801 2205 incastris
812 2146 958 2204 continuit
972 2144 1117 2222 ignesque

128 2229 222 2288 alieri
236 2226 402 2305 probibuit,
425 2246 483 2306 quo
498 2228 642 2288 occultior
663 2235 742 2289 esset
763 2230 826 2288 eius
848 2228 1000 2288 adventus.
1036 2226 1118 2288 Haec

155 2312 191 2372 ad
206 2312 365 2388 Antonium
386 2313 484 2372 statim
505 2329 560 2391 per
575 2314 704 2373 Graecos
727 2313 911 2373 deferuntur.
947 2312 1119 2377 lllemissis

155 2396 192 2456 ad
202 2395 356 2456 Caesarem
372 2395 481 2456 nuntiis
493 2415 585 2457 unum
598 2398 677 2457 diem
692 2414 757 2457 sese
773 2399 880 2457 castris
894 2396 1005 2465 tenuit;
1021 2393 1118 2458 altero

129 2480 205 2540 tdie
222 2479 257 2539 ad
274 2495 342 2539 eum
356 2482 495 2556 pervenit
507 2480 624 2541 Caesar.
652 2481 743 2542 Cuius
758 2481 885 2541 adventu
897 2479 1013 2558 cognito
1028 2479 1118 2541 Pom·

154 2566 255 2642 peius,
281 2581 319 2624 ne
348 2563 463 2623 duobus
484 2564 769 2627 circumcluderetur
794 2564 991 2634 exercitibus,
1018 2582 1055 2626 ex
1081 2581 1118 2625 eo

154 2647 221 2707 loco
243 2646 368 2708 discedit
388 2648 584 2728 omnibusque
606 2651 701 2728 copiis
723 2650 758 2710 ad
775 2651 970 2728 Asparagium
984 2646 1117 2727 Dprrha·

155 2731 312 2792 chinorum
326 2734 463 2810 pervenit
477 2739 565 2812 atque
581 2732 625 2793 ibi
640 2734 748 2794 idoneo
763 2733 828 2794 loco
843 2740 939 2793 castra
955 2733 1047 2812 ponit.

129 2824 144 2875 t
218 2814 324 2877 XXXI.
353 2815 407 2877 llis
421 2817 607 2896 temporibus
621 2817 722 2896 Scipio
737 2819 925 2878 detrimentis
940 2815 1119 2895 quibusdam
1134 2856 1136 2865 ·

51 2946 55 2953 .
154 2902 234 2961 cirea
249 2907 378 2960 montem
395 2902 539 2962 Amanum
560 2904 689 2982 acceptis
712 2905 923 2981 imperatorem
939 2919 971 2961 se
987 2901 1117 2979 appella·

128 2992 248 3044 tverat.
279 2983 343 3054 Quo
358 2987 437 3046 lacto
451 2985 622 3046 civitatibus
637 2989 829 3066 tyrannisque
848 3003 971 3064 magnas
986 2987 1118 3062 impera·

153 3075 237 3128 verat
257 3070 414 3146 pecunias,
436 3071 507 3129 item
524 3069 561 3129 ab
578 3069 744 3149 publicanis
759 3088 830 3131 suae
844 3068 1015 3147 provinciae
1031 3068 1117 3131 debi-

154 3157 214 3211 tam
234 3150 347 3211 biennii
368 3156 525 3231 pecuniam
547 3161 687 3232 exegerat
709 3161 739 3214 et
760 3154 796 3215 ab
816 3155 912 3215 isdem
933 3155 1119 3233 insequentis

154 3236 225 3295 anni
246 3243 378 3295 mutuam
399 3244 594 3317 praeceperat
608 3240 782 3318 equitesque
802 3241 858 3299 toti
872 3240 1045 3317 provinciae
1060 3239 1117 3311 irn-

126 3327 143 3374 a
156 3326 320 3397 paraverat.
351 3318 466 3390 Quibus
480 3324 600 3392 coactis
616 3323 752 3383 finitimis
766 3323 901 3384 hostibus
915 3322 1036 3385 Parthis
1049 3330 1119 3402 post

154 3420 186 3462 se
203 3401 324 3473 relictis,
341 3406 392 3482 qui
407 3405 495 3481 paulo
511 3413 578 3467 ante
594 3407 632 3467 M.
641 3407 779 3468 Crassum
795 3408 1006 3486 imperatorem
1022 3409 1117 3468 inter·

141 3486 284 3549 fecerant
298 3492 329 3548 et
346 3488 386 3551 M.
401 3488 543 3552 Bibulum
563 3491 595 3554 in
610 3489 764 3554 obsidione
777 3489 959 3563 habuerant,
981 3491 1119 3571 legiones
