2356 3870
160 234 222 294 144
491 229 530 285 bu
546 228 650 284 nauto
666 227 805 284 unttlcd

160 393 200 464 hi,
216 411 291 470 quos
301 392 352 453 ille
359 393 526 462 edocuerat,
543 408 618 468 quae
630 392 690 452 dici
705 391 802 460 vellet,
819 401 907 468 atque
919 391 1032 461 eadem,
1049 407 1126 469 quae

128 485 143 535 t
157 477 320 552 Litaviccus
334 478 591 556 pronuntiaverat,·
604 475 784 548 multitudini
800 482 966 554 exponunt:
984 472 1125 556 [multos]

159 563 274 638 equites
280 560 450 622 Aeduorum
464 562 646 630 interlectos
663 559 742 637 quod
756 559 904 620 conlocuti
911 577 979 620 cum
985 562 1125 621 Arvernis

160 645 345 713 dicerentur;
362 646 444 723 ipsos
455 662 487 704 se
501 647 580 705 inter
594 642 814 705 multitudinem
824 643 950 703 militum
962 643 1125 705 occultasse

128 733 145 785 o
160 735 248 804 atque
264 746 299 788 rx
314 727 410 789 media
426 727 514 788 caede
529 730 648 805 fugisse.
680 727 869 788 Conclamant
883 727 976 788 Aedui
1000 734 1029 787 et
1043 727 1123 787 Lita-

130 820 144 868 7
161 813 274 872 viccum
289 812 456 881 obsecrant,
472 820 506 872 ut
516 812 573 873 sibi
588 811 730 872 consulat.
754 812 848 882 Quasi
860 829 940 886 vero,
957 812 1054 887 inquit
1063 810 1123 879 ille,

151 898 277 957 constiti
288 899 327 956 sit
345 914 411 971 res,
434 913 472 957 oc
491 914 551 957 non
571 913 689 956 necesse
702 898 742 956 sit
762 897 846 956 nodis
862 898 1039 970 Gereonium
1053 912 1123 955 con·

128 981 283 1050 scandere
295 987 324 1040 et
339 996 406 1040 cum
420 980 566 1040 Ανυενηίε
584 986 697 1040 nosmet
715 981 906 1052 coniungere.
937 980 985 1038 An
1005 981 1123 1040 dubito·

157 1078 232 1136 man,
246 1066 318 1138 quin
329 1063 451 1136 nefario
458 1063 602 1136 facinore
607 1065 737 1123 admisso
745 1064 878 1123 Romani
887 1065 948 1123 ism
959 1064 1000 1122 ed
1013 1079 1067 1123 nos
1078 1065 1121 1122 r'n·

159 1149 348 1220 terficiendos
361 1150 569 1208 concurrant?
597 1148 741 1220 Proinde,
757 1149 785 1206 si
797 1148 872 1221 perid
885 1150 917 1208 in
932 1148 1017 1207 nobis
1029 1148 1125 1206 enimi

159 1236 217 1305 est,
228 1247 449 1306 persequantur
462 1248 564 1292 eornm
578 1238 711 1302 mortem,
729 1232 990 1305 qottndipnirsrme
1000 1232 1124 1290 ¹interte-

129 1317 145 1369 t
160 1321 240 1388 runt,
258 1322 347 1390 atque
360 1316 415 1375 bos
428 1317 562 1376 latrones
576 1317 797 1386 interficiemus.
825 1313 961 1374 Ostendit
975 1316 1053 1374 cives
1064 1313 1118 1374 llo·

159 1415 272 1466 manos,
290 1399 341 1474 qui
356 1399 419 1458 eius
438 1397 580 1478 praesidii
603 1397 710 1458 llducia
724 1416 783 1457 una
798 1406 896 1465 erant;
913 1402 1052 1475 magnum
1068 1417 1121 1458 nu·

159 1498 276 1541 merum
296 1482 439 1542 frumenti
460 1489 701 1558 commeatusque
727 1481 841 1560 diripit,
861 1483 946 1561 ipsos
962 1480 1122 1543 crudeliter

35 1563 37 1568 ’
120 1569 152 1621 iu
163 1567 346 1626 excruciatos
361 1567 508 1627 interficit.
539 1565 665 1628 Nuntios
681 1572 741 1626 tota
763 1567 878 1625 civitate
892 1565 1063 1627 Aeduorum
1077 1565 1121 1625 di·

158 1651 262 1718 mittit,
285 1650 388 1710 eodem
409 1652 561 1711 mendacio
582 1651 618 1711 de
639 1650 730 1711 caede
751 1652 883 1726 equitum
905 1657 935 1709 et
954 1651 1122 1728 principum

161 1739 329 1811 permovet;
351 1733 504 1804 hortatur,
525 1743 560 1795 ut
574 1733 662 1794 simili
677 1735 801 1802 ratione,
823 1740 912 1810 atoue
925 1735 990 1812 ipse
1006 1735 1120 1801 iecerit,

159 1833 228 1876 suas
242 1817 365 1877 iniurias
380 1826 608 1896 persequantur.

128 1903 141 1955 1
220 1899 387 1962 XXXVllll.
430 1901 614 1980 Eporedorix
641 1902 773 1969 Aeduus,
801 1919 916 1962 summo
942 1901 1008 1962 loco
1036 1909 1121 1962 natus

58 2060 60 2070 Ι
159 1982 332 2044 adulescens
352 1990 382 2043 et
401 2002 533 2046 summae
553 1986 632 2046 domi
653 1988 817 2066 potentiae,
841 1993 871 2045 et
885 2003 944 2046 una
959 1985 1120 2047 Viridoma-

157 2084 220 2136 rus,
236 2070 301 2145 pari
315 2074 410 2127 aetate
426 2076 455 2128 et
469 2071 570 2147 gratia,
587 2071 639 2130 sed
651 2087 761 2148 genere
778 2070 897 2148 dispari,
914 2085 1003 2146 quem
1015 2069 1121 2130 Caesar

159 2148 196 2209 ab
211 2151 351 2210 Divitiacd
372 2151 427 2211 sibi
449 2152 589 2214 traditum
605 2172 640 2214 ex
660 2154 764 2215 humili
779 2153 844 2214 loco
864 2154 901 2214 ad
917 2170 1062 2214 summam
1077 2153 1120 2213 di·

158 2234 300 2310 gnitatem
314 2235 504 2313 perduxerat,
519 2239 550 2298 in
566 2240 698 2314 equitum
714 2255 839 2298 numero
854 2243 1054 2298 convenerant
1067 2255 1120 2296 no·

127 2319 290 2376 tminatim
312 2317 348 2378 ab
370 2336 404 2378 eo
427 2323 548 2382 evocati.
589 2322 642 2382 His
663 2328 726 2392 erat
746 2324 877 2383 intense
898 2322 935 2381 de
953 2322 1121 2399 principatu

159 2404 324 2471 contentio,
348 2408 377 2462 et
396 2406 427 2463 in
441 2403 490 2464 illa
510 2406 735 2483 magistratuum
756 2407 955 2465 controversia
976 2404 1052 2464 alter
1066 2423 1121 2482 pro

159 2484 388 2555 Convictolitavi,
406 2486 481 2548 alter
495 2507 550 2567 pro
563 2489 634 2549 Coto
650 2490 772 2549 summis
788 2488 892 2567 opibus
906 2495 1119 2567 pugnaverant.

125 2573 142 2624 a
156 2567 199 2628 Ex
211 2568 569 2649 hisEporedorixcognito
581 2572 718 2632 Litavicci
729 2572 954 2632 consiliomedia
965 2573 1121 2632 ierenocte

157 2669 222 2712 rem
238 2652 273 2712 ad
285 2654 440 2715 Gaesarem
451 2656 562 2724 desert:
579 2663 652 2723 orat,
670 2673 707 2715 ne
718 2658 846 2734 patiatur
862 2657 1008 2716 civitatem
1023 2657 1120 2734 pravis

158 2735 391 2798 adulescentium
407 2740 536 2800 consiliis
548 2729 584 2800 ab
597 2741 723 2800 amicitia
734 2739 836 2818 populi
846 2738 971 2799 Romani
983 2739 1119 2808 deficere,

48 2848 53 2858 ·
159 2820 238 2896 quod
254 2821 386 2882 futurum
401 2825 566 2902 provideat,
582 2825 607 2883 si
619 2841 651 2884 se
663 2831 708 2883 tot
721 2822 873 2884 hominum
889 2822 968 2883 milia
983 2841 1051 2883 cum
1066 2821 1119 2882 ho·

158 2903 253 2964 stibus
268 2908 482 2977 coniunxerint,
499 2925 625 2984 quorum
641 2907 766 2968 salntem
780 2924 879 2984 neque
893 2906 1054 2985 propinqui
1068 2924 1120 2966 ne·

158 2986 277 3064 glegere
291 3007 389 3066 neque
404 2993 503 3051 civitas
517 2991 574 3050 levi
588 2997 739 3051 momento
755 2994 911 3051 aestimare
924 2998 1035 3069 posset.

128 3076 141 3127 1
220 3070 334 3132 XXXX.
357 3074 458 3152 Magna
474 3074 595 3135 allectus
609 3074 806 3136 sollicitudine
821 3074 878 3135 hoc
892 3074 997 3134 nuntio
1005 3074 1119 3145 Caesar,

159 3154 238 3229 quod
253 3156 548 3234 semperneduorum'
563 3152 837 3237 civitatipraecipbe
850 3158 1024 3228 indulserat,
1039 3157 1121 3219 nulla

157 3239 332 3316 interposita
347 3239 527 3301 dubitatione
541 3241 673 3320 legiones
686 3241 837 3320 expeditas
853 3251 991 3318 quattuor
1006 3244 1120 3320 equita·

127 3329 279 3398 ttumque
304 3341 421 3383 omnem
443 3343 478 3384 ex
499 3328 603 3386 castris
625 3326 737 3394 educit,
763 3343 820 3386 nec
845 3327 901 3386 luit
920 3328 1049 3405 spatium
1070 3325 1120 3388 tali

152 3412 292 3484 'tempore
308 3406 343 3467 ad
358 3408 558 3469 contrahenda
573 3417 681 3480 castra,
699 3409 778 3486 quod
792 3428 842 3470 res
856 3411 953 3489 posita
967 3411 998 3470 in
1014 3408 1119 3470 celeri·

114 3493 211 3547 etate
240 3491 411 3562 ridebatur:
435 3492 539 3555 Gaium
555 3493 679 3556 Fabium
699 3493 829 3574 legatum
856 3511 924 3555 cum
950 3492 1119 3572 legionibus
