2356 3870
125 249 145 306 4
448 245 488 302 llll
502 245 606 302 uncio
622 245 760 303 enucleo

126 427 179 468 sua
194 410 306 478 omnia,
322 427 448 469 numero
463 409 500 469 ad
515 409 679 478 duodecim,
697 411 775 470 ucos
790 409 826 470 ad
841 409 1080 488 quadringentos,

93 497 109 549 t
124 491 237 569 reliqua
249 493 360 571 privata
373 492 501 552 aedilicia
513 493 681 563 incendunt,
692 493 875 574 frumentum
886 511 982 564 omne,
996 513 1081 573 prae-

126 584 261 653 terquam
278 576 356 653 quod
372 594 473 637 secum
487 579 634 655 portaturi
650 583 749 647 erant,
765 576 960 648 comburunt,
983 586 1016 638 ut
1030 578 1083 639 do·

126 677 208 720 mum
222 660 375 721 reditionis
391 677 443 739 spe
464 659 579 722 sublata
599 661 762 739 paratiores
782 660 818 722 ad
839 663 937 722 omnia
951 663 1083 740 pericula

126 742 279 804 subeunda
295 751 402 812 essent,
418 744 507 804 trium
523 762 660 805 mensum
670 743 771 805 molita
783 744 893 806 cibaria
907 744 963 806 sibi
979 763 1082 822 quem·

93 833 110 882 4
126 843 183 904 que
198 827 285 887 domo
302 827 407 887 efferre
420 826 531 888 iubent.
554 827 738 889 Persuadent
750 828 892 889 Rauracis
908 836 937 888 et
948 829 1084 907 Tulingis

126 917 156 970 et
170 909 314 971 Latorieis
329 911 551 981 finitimis-suis,
573 913 616 972 uti
638 911 742 977 eodem
762 913 809 972 usi
829 911 951 973 consilio
967 913 1083 992 oppidis

126 995 187 1054 suis
203 995 332 1071 vicisque
348 994 460 1055 exustis
472 1013 531 1056 una
546 1011 614 1055 cum
628 996 665 1057 iis
676 996 911 1074 proficiscantur,
924 996 1082 1072 Boiosque,

126 1079 177 1154 qui
191 1084 272 1138 trans
283 1076 419 1138 Rhenum
430 1077 615 1139 incoluerant
630 1087 659 1138 et
672 1081 703 1139 in
718 1095 822 1156 agrum
834 1079 974 1139 Noricum
987 1088 1082 1140 trans·

124 1162 222 1221 ierant
240 1161 438 1238 Noreiamque
463 1168 683 1240 oppugnarent,
710 1167 846 1240 receptos
873 1162 909 1222 ad
934 1180 967 1222 se
987 1163 1084 1222 socios

9 1304 11 1309 ⁴
125 1243 181 1322 sibl
196 1244 372 1305 adsciscunt.

95 1333 108 1382 1
189 1328 233 1387 Vl.
257 1327 349 1387 Erant
364 1328 482 1387 omnino
497 1328 603 1387 itinera
618 1326 685 1395 duo,
702 1327 810 1404 qulbus
823 1326 980 1387 itineribus
996 1326 1083 1386 domo

128 1411 208 1470 crire
222 1417 358 1488 possent:
381 1428 473 1470 unum
488 1429 542 1489 per
558 1410 720 1488 Sequanos,
736 1417 894 1492 angustum
910 1418 939 1471 et
953 1409 1082 1479 difficile,

126 1496 204 1553 inter
219 1501 351 1553 montem
366 1493 464 1554 luram
479 1502 508 1555 et
522 1493 632 1555 llumen
643 1492 828 1564 Rhodanum,
844 1495 892 1555 rix
904 1511 961 1570 qua
976 1492 1084 1571 singuli

127 1577 204 1636 carri
219 1577 416 1644 ducerentur;
439 1595 525 1637 mons
540 1583 639 1637 autem
653 1575 813 1638 altissimus
833 1574 1029 1657 impendebat,
1051 1585 1084 1637 ut

94 1658 210 1719 elacile
229 1662 372 1738 perpauci
392 1659 551 1738 prohibere
570 1666 705 1737 possent:
734 1659 861 1721 alterum
885 1679 944 1740 per
964 1662 1083 1739 provin·

127 1746 200 1803 ciam
216 1750 361 1812 nostram,
383 1741 477 1802 multo
493 1741 607 1803 facilius
621 1749 711 1819 atque
726 1743 904 1821 expeditius,
925 1749 1085 1822 propterea

127 1825 206 1902 quod
226 1827 305 1887 inter
324 1827 398 1886 lines
418 1825 618 1886 Helvetiorum
640 1833 670 1885 et
688 1824 894 1903 Allobrogum,
917 1827 968 1902 qui
988 1843 1084 1903 nuper

127 1909 222 1987 pacati
242 1916 341 1977 eraut,
363 1908 522 1969 Rhodanus
543 1907 607 1968 lluit
631 1910 717 1985 isque
742 1908 892 1970 nonnullis
917 1907 991 1969 locis
1013 1907 1084 1969 vado

96 1999 112 2050 3
127 1995 277 2053 transitur.
301 1993 474 2053 Extremum
489 1991 631 2070 oppidum
639 1990 831 2071 Allobrogum
843 1994 888 2052 est
901 1993 1084 2070 proximum·

128 2093 186 2153 que
201 2075 401 2135 Helvetiorum
422 2075 530 2136 linibus
545 2074 670 2136 Genava.
707 2075 752 2137 lix
773 2093 809 2136 eo
829 2075 938 2154 oppido
958 2093 1034 2154 pons
1048 2075 1085 2135 ad

128 2158 275 2219 Helvetios
300 2161 439 2238 pertinet.
483 2157 690 2236 Allobrogibus
715 2176 782 2220 sese
806 2158 852 2219 vel
877 2175 1084 2237 persuasurus,

129 2242 208 2318 quod
228 2242 359 2303 nondum
379 2240 456 2302 bono
477 2243 573 2302 aninro
593 2243 625 2302 in
650 2241 795 2320 populum
814 2241 980 2302 Romanum
1002 2240 1084 2301 ride·

127 2332 248 2393 rentur,
262 2324 485 2395 existimabant,
500 2325 546 2386 vel
563 2326 590 2384 ri
604 2332 774 2394 coacturos,
796 2332 829 2385 ut
851 2343 906 2404 per
926 2343 996 2386 suos
1011 2325 1084 2385 fines

97 2412 114 2461 4
130 2426 181 2469 eos
195 2411 240 2469 ire
254 2417 436 2488 paterentur.
468 2408 612 2469 Omnibus
626 2408 718 2470 rebus
733 2408 769 2470 ad
782 2409 998 2488 profectionem
1013 2426 1083 2468 con·

127 2494 238 2571 paratis
257 2493 335 2553 diem
355 2492 471 2562 dicum,
500 2509 557 2569 qna
577 2492 624 2553 die
649 2491 686 2553 ad
706 2494 803 2571 ripam
822 2491 956 2553 Rhodani
981 2509 1085 2552 omnes

129 2578 312 2636 conveniant.
348 2576 376 2637 ls
392 2575 455 2636 dies
475 2584 538 2636 erat
553 2594 578 2636 a.
602 2575 629 2636 d.
646 2577 680 2637 V.
696 2575 759 2637 Kal.
776 2578 845 2655 Apr.
864 2575 895 2636 L.
913 2576 1034 2643 Pisone,
1050 2576 1081 2635 A.

129 2658 253 2719 Gabinio
269 2657 446 2720 consulibus.

97 2746 111 2797 1
170 2743 250 2803 tVll.
275 2742 392 2803 Caesari
411 2761 478 2803 cum
493 2742 524 2803 id
538 2744 705 2804 nuntiatum
720 2750 813 2811 esset,
831 2761 881 2804 eos
896 2760 951 2821 per
965 2742 1083 2820 previu-

129 2827 203 2886 ciam
217 2833 348 2886 nostram
360 2827 416 2887 iter
427 2827 525 2887 facere
537 2827 646 2896 conari,
662 2834 790 2888 maturat
803 2826 840 2888 ab
852 2825 927 2888 urbe
938 2825 1085 2904 proticisci

130 2917 168 2977 et,
185 2926 272 2986 quam
288 2911 421 2971 maximis
436 2918 534 2988 potest
547 2910 713 2981 itineribus,
728 2913 760 2971 in
775 2909 898 2971 Galliam
912 2908 1085 2970 tdteriorem

97 3000 113 3047 2
130 2992 280 3053 contendit
295 3003 325 3054 et
344 2994 380 3054 ad
396 2993 542 3054 Genavam
561 2996 705 3072 pervenit.
743 2994 913 3055 Provinciae
928 2994 982 3054 toti
998 3009 1084 3070 quam

130 3077 289 3137 maximum
304 3074 402 3156 potest
415 3077 541 3138 militum
555 3095 714 3139 numerum
724 3079 850 3156 imperat
864 3110 898 3122 —
913 3083 977 3139 erat
990 3077 1084 3138 omni·

132 3177 169 3218 no
183 3160 214 3219 in
230 3159 320 3221 Gallia
335 3160 478 3223 ulteriore
492 3161 568 3239 legio
590 3180 649 3222 una
666 3195 718 3231 -,
740 3168 877 3239 pontem,
899 3162 951 3238 qui
971 3167 1035 3221 erat
1049 3159 1085 3219 ad

48 3259 55 3271 ·
98 3242 289 3314 tGenavam,
310 3244 394 3305 iubet
412 3245 550 3306 rescindi.
587 3244 644 3308 Ubi
672 3244 709 3306 de
730 3245 793 3306 eius
813 3244 940 3306 adventu
960 3244 1085 3323 Helvetii

130 3328 272 3388 certiores
286 3329 356 3389 facti
370 3337 451 3397 sunt,
472 3328 585 3407 legatos
604 3328 641 3389 ad
657 3347 724 3390 eum
739 3329 865 3390 mittunt
885 3327 1084 3391 nobilissimos

129 3411 267 3480 civitatis,
289 3415 373 3474 cuius
388 3411 541 3490 legationis
556 3412 726 3474 Nammeius
741 3420 771 3475 et
785 3412 988 3475 Verucloetius
1001 3414 1084 3493 priu-

126 3495 224 3569 cipem
236 3494 337 3557 locum
354 3495 535 3575 optinebant,
552 3497 603 3574 qui
618 3495 767 3568 dicerent,
789 3496 845 3558 sibi
861 3515 926 3559 esse
940 3499 971 3559 in
986 3497 1083 3559 animo
