2356 3870
149 235 189 295 96
468 231 507 287 ou
523 230 627 287 noluo
643 229 781 287 omniuo

148 401 305 474 praeustae
320 395 424 461 sudes,
450 410 574 469 magnus
588 391 746 453 muralium
760 391 889 471 pilorum
904 410 1048 454 numerus
1063 393 1108 452 in·

149 479 296 544 stituitur;
313 485 413 536 turres
428 475 670 545 contabulantur,
687 478 795 554 pinnae
807 475 979 553 loricaeque
996 493 1031 535 ex
1044 494 1109 536 cra·

118 559 228 624 'itibus
244 566 424 620 attexuntur.
453 559 520 637 lpse
536 559 656 629 Cicero,
673 577 740 619 cum
756 559 927 619 tenuissima
951 557 1110 620 valitudine

150 650 242 712 esset,
264 660 302 703 ne
322 648 501 704 nocturnum
522 642 641 719 quidem
662 641 718 702 sibi
733 650 850 720 tempus
865 640 901 702 ad
916 644 1046 720 quietem
1061 660 1109 703 rc·

149 725 317 803 linquebat,
340 734 373 786 ut
388 725 466 786 ultro
482 725 608 785 militum
623 743 771 787 concursu
786 743 820 785 ac
836 725 955 786 vocibus
970 725 1027 786 sibi
1041 743 1110 804 par·

150 827 219 870 cere
234 816 402 887 cogeretur.

124 900 138 953 l
214 892 341 954 xxxxi.
377 893 462 953 'lunc
487 891 577 953 duces
603 893 814 970 principesque
841 892 1032 963 Nerviorum,
1060 894 1110 969 qui

151 976 279 1054 aliquem
299 978 446 1037 sermonis
461 974 572 1036 aditum
587 992 765 1051 causamque
780 977 924 1036 amicitiae
944 994 1013 1037 cum
1028 976 1110 1036 Cice·

115 1066 224 1120 arone
245 1059 407 1128 habebant,
429 1059 568 1135 conloqui
588 1076 654 1119 sese
674 1057 750 1118 velle
770 1058 880 1120 dicunt.
918 1059 1007 1120 Facta
1026 1067 1110 1138 pote·

151 1151 240 1211 state,
263 1141 382 1212 eadem,
405 1159 481 1220 quae
494 1142 647 1203 Ambiorix
668 1160 736 1202 cum
755 1141 871 1202 Titurio
893 1150 1008 1220 egerat,
1030 1161 1111 1202 com·

118 1229 134 1280 3
150 1233 330 1287 memorant:
348 1244 467 1287 ornnem
483 1243 548 1287 esse
562 1227 593 1285 iu
604 1226 693 1286 armis
705 1224 843 1293 Galliam;
859 1224 1023 1286 Germanos
1032 1225 1111 1287 ithe-

151 1311 385 1378 numtransisse3
400 1310 534 1370 Caesaris
545 1309 789 1385 reliquorumque
800 1307 924 1370 hiberna
936 1312 1110 1388 oppugnari.

123 1392 270 1454 adddunt
283 1396 371 1453 etiam
383 1393 419 1453 de
431 1392 532 1454 Sabini
542 1399 654 1460 morte;
670 1391 871 1470 Ambiorigem
886 1399 1035 1454 ostentant
1045 1393 1112 1453 fidei

122 1476 303 1537 biaciundae
325 1494 420 1537 causa.
459 1477 567 1536 Errare
589 1495 639 1537 eos
660 1475 775 1545 dicunt,
795 1477 821 1535 si
841 1477 1000 1553 quicquam
1015 1476 1051 1537 ab
1066 1475 1112 1539 llis

151 1560 292 1638 praesidii
306 1569 443 1638 sperent,
461 1562 511 1637 qui
526 1561 587 1620 suis
602 1559 693 1620 rebus
704 1557 851 1627 diffidant;
867 1576 934 1619 sese
946 1567 1045 1620 tamen
1056 1559 1114 1619 boc

153 1661 218 1704 esse
247 1645 278 1704 in
308 1645 480 1705 Ciceronem
508 1643 713 1723 populumque
741 1643 907 1703 Romanum
935 1645 1050 1712 animo,
1082 1650 1114 1703 ut

152 1726 225 1786 nihil
240 1729 298 1787 nisi
313 1727 437 1788 hiberna
452 1735 591 1788 recusent
605 1732 693 1803 atque
713 1725 789 1786 hanc
809 1728 1026 1787 inveterascere
1042 1745 1112 1787 con·

124 1810 338 1871 osuetudinem
360 1811 469 1879 nolint;
492 1810 583 1872 licere
603 1809 660 1870 illis
681 1808 879 1871 incolumibus
898 1828 954 1890 per
968 1827 1001 1870 se
1017 1828 1053 1870 ex
1068 1810 1112 1870 hi·

153 1893 253 1954 bernis
274 1894 427 1955 discedere
449 1902 491 1964 et,
520 1909 722 1971 quascumque
746 1894 778 1953 in
797 1900 897 1973 partes
918 1893 1021 1963 velint,
1051 1895 1113 1954 sine

8 2015 10 2019 -
124 1983 234 2037 tmetu
254 1979 409 2056 proficisci.
448 1979 550 2039 Cicero
571 1975 608 2037 ad
629 1976 701 2036 lraec
723 1995 815 2037 uuum
834 1976 922 2037 modo
942 1977 1112 2054 respondit:

153 2077 213 2119 non
229 2078 295 2120 esse
306 2061 551 2121 consuetudinem
562 2060 665 2139 populi
675 2059 818 2128 Romani,
834 2062 970 2138 accipere
981 2060 1017 2121 ab
1029 2060 1115 2121 hoste

125 2148 265 2202 surmate
278 2143 496 2204 condicionem:
514 2146 540 2204 sl
551 2143 587 2205 ab
599 2145 688 2204 armis
700 2142 854 2203 discedere
865 2143 970 2212 velint,
986 2162 1018 2204 se
1031 2142 1113 2205 adiu·

154 2231 219 2285 tore
245 2234 366 2287 utantur
393 2226 563 2304 legatosque
590 2227 626 2287 ad
653 2228 808 2288 Caesarem
833 2228 966 2296 mittant;
993 2245 1113 2306 sperare

153 2326 209 2387 pro
225 2311 288 2369 eius
302 2311 428 2379 lustitia,
446 2329 521 2388 quae
536 2311 690 2389 petierint,
706 2312 925 2389 impetraturos.

128 2398 141 2450 l
216 2391 357 2454 nixxll.
382 2393 425 2454 db
441 2393 496 2454 lrac
510 2412 563 2473 spe
578 2394 691 2473 repulsi
706 2393 806 2454 Nervii
823 2393 898 2454 vallo
913 2395 1023 2473 pedum
1037 2416 1071 2455 rx
1086 2405 1113 2459 et

126 2475 232 2537 alossa
246 2477 356 2557 pedum
371 2498 412 2540 xv
427 2476 551 2538 hiberna
563 2479 699 2561 cingunt.
726 2477 804 2538 llaec
815 2486 845 2537 et
859 2480 1048 2556 superiorum
1064 2497 1114 2538 an·

155 2577 261 2620 norum
283 2561 496 2622 consuetudine
519 2560 554 2622 ab
574 2559 659 2618 uobis
674 2566 874 2633 cognoverant
889 2566 927 2626 et,
945 2555 1118 2696 quos[damd]

121 2639 184 2702 lde
205 2641 337 2701 exercitu
357 2638 504 2701 habebant
521 2641 663 2718 captivos,
685 2639 722 2700 ab
737 2639 782 2700 lrls
822 2635 1021 2706 docebantur,
1057 2655 1071 2697 s

149 2723 229 2785 nulla
244 2725 496 2785 ferramentorum
508 2724 606 2802 copia,
624 2739 698 2799 quae
710 2729 789 2783 esset
798 2722 835 2783 ad
850 2719 929 2781 hunc
944 2737 1033 2782 usum
1045 2719 1109 2780 ido·

151 2825 221 2877 nea,
249 2807 351 2886 gladiis
373 2809 500 2885 cespites
526 2805 752 2875 circumcidere,
781 2804 916 2866 manibus
942 2803 1110 2882 sagulisque

123 2898 261 2952 tterram
276 2891 433 2952 exhaurire
449 2889 627 2951 nitebantur.
652 2889 715 2960 Qua
729 2889 847 2966 quidem
861 2907 898 2948 ex
912 2906 946 2949 re
958 2887 1111 2949 homiuum

150 2975 307 3035 multitudo
322 2978 459 3053 cognosci
474 2975 584 3053 potuit:
601 2992 669 3034 nam
684 2975 782 3034 minus
793 2972 875 3033 horis
886 2971 983 3032 tribus
998 2971 1110 3032 milium

121 3063 138 3114 o
150 3075 290 3136 passuum
304 3078 345 3120 xv
358 3061 389 3118 in
404 3060 529 3119 circuitu
542 3060 736 3117 munitionem
752 3058 956 3134 perleceruut,
973 3055 1109 3132 reliquis·

151 3157 209 3218 que
224 3141 328 3202 diebus
350 3150 449 3202 turres
464 3141 500 3201 ad
516 3141 699 3201 altitudinem
717 3138 797 3209 valli,
820 3139 910 3200 falces
931 3137 1109 3200 testudines·

152 3240 223 3301 que,
247 3241 319 3302 quas
333 3225 411 3285 idem
427 3227 533 3303 captivi
548 3225 725 3292 docuerant,
745 3241 851 3302 parare
872 3241 907 3283 ao
929 3226 1027 3284 lacere
1044 3241 1110 3282 coe·

153 3316 270 3388 perunt.

124 3400 137 3453 1
214 3392 369 3454 lllllllllll.
394 3392 526 3471 Septimo
546 3391 772 3471 oppugnationis
794 3390 841 3451 dle
860 3393 986 3451 maximo
1009 3397 1111 3450 coorto

151 3484 238 3537 vento
260 3478 407 3538 lerreutes
428 3475 507 3537 insili
528 3494 565 3536 err
586 3474 688 3554 argilla
708 3475 828 3553 glandes
844 3475 944 3536 lundis
967 3482 996 3534 et
1015 3475 1110 3535 lerve-
