2356 3870
152 225 215 288 lto
475 222 514 277 llll
528 220 633 278 tatto
648 217 787 276 GALLICO

152 386 228 447 intra
245 388 421 446 munitiones
432 386 559 447 reduxit.
586 385 628 446 Eo
640 383 687 445 die
702 382 809 444 milites
824 390 894 444 sunt
908 382 996 461 paulo
1010 383 1109 442 minua

153 472 331 549 septingenti
346 470 514 530 desiderati.

15 614 17 618 ,
123 560 136 610 1
217 554 276 613 LII.
307 555 429 614 Postero
441 554 488 613 die
496 554 601 614 Caesar
613 554 752 614 contione
763 551 901 614 advocata
912 552 1110 614 temeritatem

153 637 402 715 cupiditatemque
417 637 543 697 militum
563 635 769 714 reprehendit,
793 638 873 715 quod
888 637 1017 714 sibiipsi
1032 637 1108 697 iudi·

153 722 307 790 cavissent,
325 738 384 797 quo
398 720 620 800 procedendum
635 729 685 780 aut
700 721 770 797 quid
785 721 931 799 agendum
946 721 1108 790 videretur,

152 821 250 880 neque
265 806 349 882 signo
364 805 527 884 recipiendi
547 804 614 864 dato
630 806 831 865 constitissent
849 822 947 881 neque
962 803 999 864 ab
1014 804 1109 866 tribu·

125 896 141 944 2
156 889 201 947 nis
216 888 340 949 militum
356 888 518 966 legatisque
532 889 656 948 retineri
669 891 844 966 potuissent.
871 889 1022 967 Exposuit,
1039 888 1110 965 quid

152 972 290 1048 iniquitas
305 971 362 1032 loci
374 983 483 1051 posset,
500 972 569 1048 qarid
585 972 648 1049 ipse
663 972 698 1031 ad
705 974 860 1033 Avaricum
875 974 1025 1040 sensisset,
1042 990 1110 1032 cum

153 1056 216 1115 sIne
237 1056 312 1115 duce
332 1064 362 1115 et
381 1058 445 1116 sine
466 1057 597 1132 equitatu
612 1054 804 1133 deprehensis
825 1054 959 1116 hostibus
974 1055 1109 1134 explora·

153 1145 212 1198 tam
227 1139 379 1199 victoriam
400 1139 571 1207 dimisisset,
593 1156 631 1197 ne
650 1157 774 1217 parvum
795 1139 882 1199 modo
898 1140 1110 1199 detrimentum

121 1222 181 1282 tin
197 1224 385 1282 contentione
399 1231 523 1300 propter
536 1223 720 1298 iniquitatem
735 1223 792 1283 loci
807 1223 962 1283 accideret.
993 1222 1109 1293 Quanto

153 1323 244 1384 opere
259 1324 363 1366 eorum
378 1307 467 1365 animi
481 1304 711 1383 magnitudinem
726 1307 937 1376 admIraretur,
960 1323 1034 1383 quos
1049 1324 1110 1366 non

36 1444 40 1453 ,
153 1397 317 1449 castrorum
341 1391 532 1459 munitiones,
555 1407 614 1448 non
636 1389 760 1450 altitudo
780 1392 903 1459 montis,
925 1408 984 1450 non
1005 1408 1110 1451 murus

48 1469 50 1471 ’
83 1491 89 1496 ·
152 1472 252 1550 oppidi
267 1472 385 1532 tardare
404 1474 562 1551 potuisset,
584 1480 666 1533 tanto
688 1492 778 1551 opere
799 1473 949 1535 licentiam
964 1473 1108 1551 adrogan-

152 1557 280 1632 tiamque
300 1555 533 1641 reprehendere,
552 1556 631 1632 quod
652 1555 719 1635 plus
737 1575 769 1616 se
790 1574 878 1634 quam
898 1558 1110 1634 imperatorem

120 1639 188 1700 ade
208 1641 328 1700 victoria
348 1647 436 1716 atqua
457 1641 537 1700 exitu
559 1658 660 1700 rerum
681 1642 791 1701 sentire
813 1642 1031 1707 existimarent;
1052 1659 1110 1701 nec
1134 1680 1136 1687 ·

152 1725 249 1783 minus
264 1741 296 1783 se
312 1722 348 1783 ab
363 1723 455 1783 milite
475 1724 648 1784 modestiam
671 1732 701 1783 et
720 1727 932 1784 continentiam
948 1741 1036 1800 quam
1050 1725 1108 1784 vir·

152 1816 246 1867 tutem
262 1818 350 1884 atque
365 1808 455 1867 animi
468 1808 700 1885 magnitudinem
715 1807 893 1868 desiderare.

121 1895 135 1947 1
214 1890 286 1951 LIII.
324 1891 384 1951 llac
399 1890 497 1951 habita
512 1893 650 1951 contione
666 1900 695 1951 et
716 1891 752 1951 ad
767 1900 929 1952 extremam
945 1892 1109 1951 orationem

152 1975 331 2034 confirmatis
347 1974 502 2041 militibus,
520 1974 601 2034 neob
617 1973 692 2035 hanc
707 1993 824 2035 causam
840 1976 937 2035 anImo
952 1986 1107 2053 permove-

151 2065 331 2126 renturneu,
345 2057 423 2133 quod
434 2059 574 2134 iniquitas
585 2057 643 2118 loci
649 2058 810 2126 adtulisset,
826 2058 856 2118 id
869 2060 968 2119 virtuti
978 2057 1109 2119 hostium

151 2139 327 2209 tribuerent,
344 2140 445 2200 eadem
461 2140 498 2199 de
512 2143 694 2219 proiectione
710 2143 850 2219 cogitans,
866 2158 942 2219 quac
956 2150 1024 2202 ante
1040 2159 1108 2202 sen·

153 2232 240 2289 serat.
256 2223 389 2300 legiones
401 2242 436 2283 ea
452 2225 663 2286 castriseduxit
677 2227 829 2302 aciemque
843 2225 950 2285 idoneo
964 2224 1107 2285 locoeon·

120 2314 137 2362 2
152 2308 255 2368 stituit.
287 2307 360 2368 (lum
370 2308 593 2384 Vercingetorix
608 2307 699 2368 nihilo
714 2311 807 2386 magis
821 2310 852 2369 in
868 2325 995 2386 aequum
1009 2308 1108 2368 locum

152 2390 359 2458 descenderet,
376 2390 433 2451 leri
452 2392 530 2451 Iacto
546 2393 678 2469 equestri
697 2391 811 2470 proelio
826 2400 916 2469 atquc
930 2392 1061 2453 secundo
1077 2393 1108 2452 in

120 2477 246 2534 acastre
263 2477 425 2535 exercitum
440 2474 567 2536 reduxit.
599 2474 672 2536 Cum
687 2474 744 2536 hoc
765 2475 843 2536 idem
863 2482 985 2554 postero
1001 2475 1049 2536 dle
1064 2476 1107 2535 ie-

152 2559 253 2626 cisset,
275 2559 344 2619 satis
365 2558 400 2618 ad
416 2556 556 2618 Gallicam
576 2561 800 2619 ostentationem
820 2559 1011 2619 minuendam
1031 2558 1107 2619 mili·

151 2648 273 2717 tumque
289 2643 400 2702 animos
413 2642 628 2710 confirmandos
643 2643 752 2703 lactum
765 2643 934 2703 existimans
948 2644 979 2702 in
989 2642 1108 2704 Aeduos

120 2727 241 2784 omont
262 2734 366 2786 castra.
402 2727 523 2786 Netum
544 2726 662 2802 quidem
683 2727 824 2786 Insecutis
845 2724 995 2795 hostibus,
1016 2727 1107 2786 tertio

152 2808 199 2868 die
214 2808 250 2868 ad
264 2807 374 2869 humen
395 2810 498 2870 Elaver
517 2818 624 2887 pontes
644 2811 738 2870 reiicit
752 2827 847 2886 eoque
869 2811 1031 2870 exercitum
1046 2817 1107 2870 tra·

152 2891 241 2952 ducit.

121 2981 134 3032 1
215 2975 300 3036 LIIII.
341 2975 385 3036 lbi
413 2977 631 3037 aVIridomaro
661 2985 750 3053 atque
772 2975 974 3054 Eporedorige
998 2974 1107 3035 heduIs

152 3058 315 3137 appellatus
329 3059 423 3128 discit,
446 3062 607 3121 cumomni
628 3061 760 3136 equitatu
774 3059 952 3120 Litaviccum
973 3058 1009 3118 ad
1025 3058 1105 3118 solli·

152 3142 284 3204 citandos
304 3142 421 3203 Aeduos
442 3144 623 3221 proiectum
646 3161 720 3222 opus
741 3162 807 3204 esse
827 3144 908 3221 ipsos
928 3141 1107 3203 antecedere

119 3234 135 3281 2
150 3225 186 3285 ad
202 3226 431 3286 confirmandam
446 3228 602 3287 civitatem.
634 3227 695 3286 Etsi
711 3226 812 3307 multis
827 3228 885 3286 iam
905 3226 996 3287 rebus
1016 3225 1106 3305 perh·

151 3309 228 3368 diam
239 3309 407 3371 heduorum
418 3320 604 3388 perspectam
615 3309 741 3370 habebat
755 3321 843 3386 atque
851 3309 959 3370 borum
973 3308 1107 3370 discessu

151 3392 329 3454 admaturari
349 3394 545 3453 deiectIonem
566 3395 689 3454 civitatIs
710 3392 908 3462 existImabat,
934 3401 1034 3453 tamen
1054 3410 1106 3452 eos

141 3476 319 3537 retinendos
331 3495 393 3538 non
410 3478 571 3543 constituit.
587 3494 625 3536 ne
640 3484 691 3536 aut
704 3476 816 3537 inierre
836 3477 973 3537 iniuriam
989 3476 1105 3536 ridere-
