2356 3870
170 213 214 277 60
340 252 344 257 -
456 219 602 274 BELLUM
621 218 844 278 Aunlcnnuu.

171 370 254 428 tione
277 367 416 429 advocata
440 367 614 439 deterrere
637 386 691 428 suc
719 368 988 448 desperatioueque
1018 369 1135 430 exerci-

172 459 221 511 tus
236 451 369 511 Caesaris
387 453 460 512 lacit
491 452 580 513 verba
608 459 638 514 et
665 452 838 513 cohortatus
873 471 943 513 suos
976 454 1136 514 victoriam

138 544 155 591 2
172 537 325 613 propriam
340 554 372 596 se
388 538 432 596 eis
447 535 533 596 brevi
547 536 685 598 daturum
704 536 873 615 pollicetur.
918 536 1027 598 Caesar
1050 535 1137 597 iubet

171 619 284 679 milites
305 637 411 681 rursus
434 621 472 682 ad
494 638 568 699 opus
590 619 691 682 redire
720 627 751 681 et
777 638 832 698 per
860 637 981 681 causam
1008 623 1136 681 muniti·

172 720 263 762 onum
298 705 412 764 tirones
445 707 477 764 in
509 704 612 765 labore
650 704 813 781 defatigare
849 721 911 765 non
948 706 1134 765 intermittit.

138 795 155 845 3
172 785 296 848 Interim
318 787 463 848 Numidae
486 788 663 867 Gaetulique
686 787 831 864 diffugere
847 787 957 849 cotidie
973 807 1010 850 ex
1026 790 1136 849 castris

172 869 323 949 Scipionis
345 879 375 935 et
403 874 513 950 partim
541 875 573 932 in
602 889 728 950 regnum
761 891 792 933 se
824 874 977 942 conferre,
1012 874 1134 950 partim,

172 955 251 1033 quod
273 956 331 1033 ipsi
353 959 541 1035 maioresque
564 974 668 1017 eorum
691 956 839 1017 beneficio
855 956 886 1017 C.
902 956 978 1016 Mari
994 958 1043 1016 usi
1060 957 1135 1017 luis·

172 1045 240 1100 sent
262 1038 477 1118 Caesaremque
500 1043 565 1101 eius
589 1039 715 1101 adfinem
732 1059 797 1101 esse
813 1039 989 1110 audiebant,
1013 1042 1046 1099 in
1070 1042 1137 1102 cius

135 1128 270 1185 tcasIra
292 1123 454 1201 perfugere
477 1126 650 1185 catervatim
666 1142 726 1185 non
740 1126 955 1185 iutermittunt.
1000 1124 1135 1195 Quorum

173 1224 209 1266 ex
231 1224 358 1266 nurnero
381 1207 484 1267 electis
511 1207 684 1270 hominibus
711 1207 933 1269 illustrioribus
962 1204 1134 1286 [Gaetulos]

172 1297 203 1350 et
225 1289 335 1350 litteris
357 1289 394 1350 ad
416 1309 486 1351 suos
508 1295 587 1353 cives
615 1291 707 1361 datis,
742 1292 929 1360 cohortatus,
964 1292 1010 1351 uti
1043 1309 1135 1352 manu

171 1374 249 1434 lacta
272 1392 304 1434 se
326 1392 455 1452 suosque
477 1374 688 1444 defenderent,
717 1393 755 1437 ne
783 1379 844 1437 suis
871 1376 1007 1436 Inimicis
1028 1375 1134 1436 adver·

172 1457 318 1534 seriisque
341 1457 422 1518 dicto
445 1458 600 1518 audientes
623 1466 737 1529 essent,
761 1461 865 1521 mittit.

134 1545 151 1599 l
235 1540 367 1601 XXXIII.
412 1541 489 1603 Dum
511 1543 584 1603 baec
607 1543 644 1603 ad
665 1542 828 1622 Ruspinam
857 1545 947 1613 siunt,
978 1543 1071 1621 legati
1098 1560 1135 1605 ex

169 1624 280 1697 Acilia,
305 1627 423 1687 civitate
445 1626 540 1687 libera
563 1635 594 1687 et
616 1629 747 1697 inmuni,
771 1627 808 1687 ad
830 1627 988 1688 Caesarem
997 1629 1135 1697 ,veniunt

170 1727 262 1788 seque
283 1719 416 1789 paratos,
442 1729 647 1791 quaecumque
669 1712 863 1790 imperasset,
886 1718 916 1772 ct
938 1709 1048 1771 libenti
1070 1713 1133 1773 ani·

169 1811 220 1855 mo
241 1795 376 1856 lecturos
397 1795 593 1874 pollicentur;
616 1802 732 1857 tantum
749 1813 837 1855 orare
853 1802 884 1856 et
899 1802 1003 1874 petere
1025 1795 1064 1855 ab
1087 1812 1133 1864 eo,

170 1879 215 1938 uti
238 1877 299 1939 sibi
320 1879 502 1957 praesidium
524 1878 623 1949 daret,
653 1896 712 1957 quo
739 1881 834 1939 tutius
856 1878 889 1939 id
911 1886 941 1940 et
963 1881 1030 1939 sine
1053 1880 1133 1957 peri·

172 1960 240 2023 culo
261 1963 362 2023 facere
384 1969 521 2041 possent:
545 1981 577 2024 se
600 1971 630 2024 et
650 1965 836 2024 frumentum
859 1970 904 2034 et,
927 1979 1133 2042 quaecumque

171 2048 288 2106 reseis
315 2054 503 2125 suppeteret,
533 2048 700 2109 communis
728 2046 832 2109 salutis
861 2050 959 2125 gratia
987 2046 1134 2109 submini-

136 2135 329 2190 2straturos.
378 2129 494 2201 QuIbus
521 2131 614 2192 rebus
641 2131 730 2192 Iacile
759 2151 776 2192 a
804 2131 930 2193 Caesare
964 2133 1134 2210 impetratis

169 2212 379 2293 praesidioque
401 2215 480 2283 dato,
503 2213 534 2276 C.
556 2214 708 2285 Messium,
731 2213 869 2276 aedilicia
890 2218 1028 2277 Iunctum
1050 2223 1134 2295 potc-

134 2305 152 2356 ³
171 2303 263 2365 state,
284 2297 410 2359 Aciliam
433 2297 519 2358 iubet
539 2299 701 2378 proticisci.
753 2298 868 2371 Quibus
891 2299 984 2361 rebus
1006 2300 1135 2377 cognitis

171 2380 330 2443 Considius
345 2382 474 2461 Longus,
498 2385 550 2462 qui
563 2382 718 2444 Adrumeti
741 2401 808 2445 cum
831 2383 948 2445 duabus
962 2383 1135 2460 legionibus

171 2473 203 2527 et
224 2466 378 2545 equitibus
400 2478 468 2528 noc
482 2475 630 2546 praeerat,
654 2467 796 2528 celeriter
818 2468 862 2529 ibi
884 2474 969 2547 parte
991 2467 1135 2546 praesidii

170 2548 278 2611 relicta
301 2571 369 2613 cum
390 2564 456 2612 v111
479 2551 655 2612 cohortibus
682 2551 718 2612 ad
740 2551 865 2614 llcillam
892 2555 937 2613 ire
968 2551 1134 2613 contendit.

132 2632 298 2695 cIIessius
328 2634 457 2696 celerius
486 2630 596 2696 itinere
625 2636 763 2696 coniecto
792 2639 876 2715 prior
903 2635 1032 2697 llcillem
1067 2653 1135 2699 cum

136 2725 153 2776 o
170 2716 346 2779 cohortibus
367 2720 513 2798 pervenit.
558 2719 715 2781 Considius
735 2721 868 2789 interim,
892 2739 960 2782 cum
975 2720 1013 2781 ad
1028 2720 1135 2781 urbem

170 2821 240 2865 cum
263 2806 360 2883 copiis
383 2805 560 2865 accessisset
587 2811 617 2865 et
645 2803 918 2874 animadvertisset,
948 2804 1135 2883 praesidium

171 2887 306 2949 Caesaris
327 2887 372 2948 ibi
395 2905 475 2957 esse,
504 2905 566 2948 non
587 2906 678 2949 ausus
698 2889 868 2966 periculum
890 2907 1013 2950 suorum
1036 2890 1135 2950 lacere

169 2969 252 3032 nulla
284 2989 318 3032 re
350 2979 434 3050 gesta
466 2991 523 3052 pro
555 2972 747 3034 multitudine
781 2975 936 3034 hominum
966 2991 1073 3033 rursus
1104 2989 1135 3032 se

168 3055 366 3118 Adrumetum
388 3059 519 3136 recepit;
543 3056 666 3126 deiude,
696 3060 800 3135 paucis
822 3065 891 3136 post
913 3056 1022 3118 diebus
1045 3074 1134 3136 eque·

170 3137 286 3200 stribus
307 3142 404 3219 copiis
426 3138 464 3200 ab
485 3139 620 3202 Labieno
642 3139 796 3213 adductIs,
825 3160 932 3203 rursus
960 3140 1136 3202 Acillitanos

171 3225 277 3285 castris
299 3226 406 3302 positis
428 3223 570 3285 obsidere
592 3227 702 3303 coepit.

137 3318 171 3366 1·-
233 3306 378 3369 XXXIIII.
423 3308 481 3369 Per
520 3308 552 3369 id
590 3315 709 3389 tempus
741 3309 773 3372 C.
804 3308 967 3371 SallustIus
1004 3308 1134 3389 Crispus,

170 3408 261 3468 quem
281 3395 388 3471 paucis
410 3400 480 3455 ante
503 3392 610 3454 diebus
631 3395 756 3456 missum
777 3413 794 3455 a
816 3393 941 3455 Caesare
956 3410 1027 3456 cum
1043 3394 1135 3456 classe

126 3476 455 3552 ademenstrarirnus,
490 3476 648 3542 Cercinam
680 3478 827 3558 pervenit.
854 3481 946 3542 euius
958 3477 1090 3544 adventu
1103 3476 1134 3540 C.
