2356 3870
120 175 163 238 26
371 177 517 233 numum
531 147 832 232 memoramur.

78 337 152 390 aet
180 328 298 389 subitae
325 329 573 407 praeparationis.
622 326 694 388 Nam
723 346 792 388 cum
820 328 884 404 ipse
912 343 1023 404 pancas
1052 327 1088 386 in

121 421 210 491 portu
243 430 332 472 naves
366 412 470 489 longas
502 410 959 481 haberet,litterasindebaiam
987 410 1023 470 ad
1047 411 1086 482 Q.

78 506 101 554 3
121 497 263 558 Calenum
286 498 384 565 misit,
408 498 453 555 uti
475 496 536 556 sibi
557 496 684 557 classem
706 499 849 556 mitteret.
899 493 985 565 Quod
1013 512 1086 553 cum

121 580 237 641 tardius
259 581 360 650 fieret,
395 598 481 658 quam
510 580 680 657 perieulum
712 587 883 639 nostrorum
917 576 1086 654 flagitabat,

121 666 173 744 qui
195 665 345 724 sustinere
371 665 519 741 impetum
548 663 652 724 Octavi
679 681 740 723 non
768 670 921 742 poterant,
956 660 1087 723 navibus

122 750 281 817 actuariis,
305 765 430 827 quarum
454 765 599 807 numerus
622 755 687 818 erat
708 749 780 808 satis
803 764 937 824 magnus,
966 748 1086 824 magni-

120 832 225 893 tudine
247 848 425 912 quamquam
447 849 508 892 non
531 833 603 891 satis
626 832 703 891 iusta
726 831 763 891 ad
786 829 1009 910 proeliandum,
1032 847 1086 889 ro·

78 929 102 978 4
121 924 183 977 stra
207 918 360 995 imposuit.
405 915 459 976 llis
482 914 633 975 adiunctis
655 914 782 975 navibus
798 915 896 992 longis
912 921 942 974 et
957 931 1087 974 numero

121 1001 228 1063 elassis
261 1008 349 1060 aucto
382 998 532 1060 militibus
563 1001 714 1059 veteranis
750 1000 917 1077 impositis,
954 1016 1087 1076 quorum

120 1101 259 1162 magnam
281 1085 398 1162 copiam
420 1081 551 1143 habebat
579 1101 614 1142 en
643 1079 785 1144 omnihus
813 1080 1000 1160 legionibus,
1030 1084 1086 1160 qni

120 1186 246 1228 numero
274 1184 433 1245 aegrorum
462 1167 563 1227 relicti
592 1176 678 1226 erant
699 1166 869 1236 Brundisii,
899 1184 969 1226 cum
996 1184 1086 1227 exer·

118 1255 201 1312 citus
228 1253 260 1310 in
292 1251 448 1312 Graeciam
482 1250 769 1328 transportaretur,‘
787 1253 940 1330 proiectus
972 1258 1018 1310 est
1052 1252 1086 1310 in

122 1335 289 1413 Illyricum,
312 1337 487 1395 maritumas
509 1334 668 1394 nonnullas
691 1336 842 1404 civitates,
865 1351 940 1412 quae
963 1333 1086 1394 deiece-

118 1426 189 1478 rant
204 1418 387 1495 Octavioque
410 1436 442 1477 se
464 1416 663 1484 tradiderant,
687 1420 796 1495 partim
812 1416 991 1496 recipiebat,
1014 1436 1086 1496 par·

120 1505 175 1563 tim
198 1508 389 1562 remanentes
411 1503 442 1560 in
465 1519 520 1562 suo
543 1500 672 1561 consilio
695 1500 996 1579 praetermittebatur,
1026 1519 1087 1562 nec

122 1585 182 1646 sibi
198 1585 290 1646 ullius
306 1588 352 1646 rei
368 1602 482 1644 moram
497 1584 974 1662 necessitatemque,iniungebat,
997 1587 1084 1664 quin,

122 1688 211 1748 quam
234 1670 393 1730 celerrime
415 1676 526 1746 posset,
549 1670 648 1747 ipsum
663 1667 819 1729 Octavium
839 1677 1086 1748 persequeretur.

79 1755 209 1820 sllunc
246 1760 467 1832 oppugnantem
499 1752 686 1831 Epidaurum
718 1760 798 1812 terra
840 1755 993 1831 marique,
1027 1751 1086 1814 uhi

122 1845 257 1898 nostrum
281 1845 346 1897 erat
372 1836 572 1916 praesidium,
607 1835 736 1896 adventu
773 1855 827 1897 suo
861 1836 1017 1897 discedere
1046 1836 1087 1898 ab

123 1923 345 2002 oppugnatione
368 1922 467 1997 coegit
488 1920 731 1999 praesidiumque
754 1928 891 1981 nostrum
914 1924 1037 2000 recepit.

83 2023 102 2072 ι
186 2004 327 2065 XXXXV.
378 2003 532 2071 Octavius,
563 2022 632 2064 cum
654 2004 805 2065 Vatinium
830 2005 956 2066 classem
978 2023 1087 2082 magna

124 2107 160 2148 cx
183 2097 269 2167 parte
292 2089 459 2148 conlectam
483 2106 520 2147 ex
542 2087 689 2149 naviculis
711 2091 855 2150 actuariis
887 2089 1000 2150 habere
1034 2108 1087 2149 co·

123 2180 259 2251 gnosset,
291 2172 421 2232 confisus
449 2189 501 2232 sua
523 2171 618 2232 classe
640 2170 777 2233 substitit
799 2173 836 2233 ad
858 2174 987 2234 insulam
1009 2175 1087 2234 Tau·

124 2256 238 2324 ridem;
261 2274 317 2335 qua
340 2257 464 2333 regione
487 2254 625 2315 Vatinius
647 2258 809 2337 insequens
831 2257 999 2334 navigabat,
1024 2275 1086 2318 non

119 2360 183 2420 'quo
206 2339 362 2401 Octavium
385 2339 429 2400 ibi
451 2341 599 2401 restitisse
622 2343 729 2410 sciret,
752 2342 804 2403 sed
827 2342 907 2421 quod
929 2361 997 2402 eum
1020 2343 1087 2402 lon·

81 2428 192 2503 agius
229 2442 421 2504 progressum
458 2427 578 2506 insequi
607 2425 793 2487 decreverat.
852 2426 926 2487 Cum
961 2429 1088 2505 propius

124 2509 285 2570 Tauridem
308 2512 501 2578 accessisset,
530 2511 676 2588 dispersis
698 2512 761 2570 suis
783 2511 925 2578 navibus,
954 2511 1034 2588 quod
1057 2519 1088 2570 et

124 2600 287 2671 tempestas
309 2600 374 2653 erat
394 2593 569 2654 turbulenta
592 2601 624 2653 et
645 2594 727 2655 nulla
750 2597 884 2674 suspicio
907 2594 1012 2661 hostis,
1036 2611 1088 2655 re·

124 2684 215 2755 pente
186 2675 391 2737 tadversam
415 2676 450 2736 ad
480 2697 512 2738 se
540 2679 710 2738 venientem
738 2695 841 2738 navem
871 2681 1021 2739 antemnis
1050 2679 1088 2738 ad

125 2761 259 2820 medium
294 2761 406 2824 malum
438 2761 576 2822 demissis
604 2763 783 2823 instructam
811 2760 1089 2841 propugnatoribus

82 2862 106 2911 3
127 2846 347 2908 animadvertit.
393 2844 478 2918 Quod
501 2844 555 2906 uhi
578 2847 743 2925 conspexit,
745 2828 911 2908 celeriter
932 2847 997 2907 vela
1015 2847 1088 2906 sub·

127 2931 196 2991 duci
219 2931 395 3011 demittiqne
424 2937 578 2991 antemnas
608 2930 693 2991 iubet
719 2939 749 2991 et
776 2931 890 2990 milites
913 2933 1033 3000 armari,
1058 2937 1090 2992 et

125 3015 235 3076 vexillo
257 3013 386 3084 sublato,
409 3032 468 3093 quo
490 3015 644 3093 pugnandi
667 3013 757 3075 dabat
778 3017 907 3093 signum,
932 3032 1008 3092 quae
1024 3017 1089 3092 pri·

125 3116 192 3158 mae
206 3116 297 3160 naves
314 3097 586 3176 subsequebantur,
609 3099 689 3159 idem
701 3107 746 3160 'ut
768 3101 913 3168 lacerent,
937 3100 1089 3176 significa·

83 3181 188 3247 ebat.
242 3181 393 3243 Parabant
420 3202 451 3244 se
474 3182 626 3244 Vatiniani
653 3191 777 3262 repente
801 3185 955 3263 oppressi;
991 3185 1089 3262 parati

127 3265 270 3345 deinceps
292 3265 448 3329 Octaviani
478 3285 514 3328 ex
542 3275 631 3346 portu
658 3267 872 3345 procedebant.
924 3267 1091 3328 lnstruitur

125 3351 278 3429 utrimque
301 3354 392 3423 acies,
411 3352 521 3412 >ordine
545 3351 689 3429 disposita
717 3353 813 3429 magis
841 3351 1013 3421 Octaviam,
1036 3370 1091 3432 pa·

123 3436 222 3495 ratior
243 3434 376 3498 militum
398 3438 508 3498 animis
530 3435 698 3496 Vatiniana.
