2356 3870
146 207 207 269 156
391 223 393 230 ·
472 205 511 261 llll
526 205 631 261 uultu
648 203 787 260 unomen

110 378 127 426 7
144 369 367 450 depopulandos
380 370 478 429 mittit.
496 367 594 429 Nihilo
601 369 700 428 minus
708 367 899 440 clandestinis
910 369 1022 428 nuntiis
1029 367 1107 445 lega·

142 451 1109 531 tionibusqueAllobrogassollicitat,quorummentesnondumab

111 544 128 595 8
142 540 299 617 superiore
308 536 388 597 bello
400 536 547 597 resedisse
565 535 713 614 sperabat.
735 535 850 596 Horum
860 535 1046 615 principibus
1056 553 1109 615 pe-

143 625 254 690 cunias,
269 623 378 682 civitati
386 622 747 699 autemimperiumtotlus
758 621 928 698 provinciae
940 619 1108 698 pollicetur.

113 714 127 764 1
206 705 289 766 LXV.
320 705 363 765 Ad
379 704 433 765 hos
448 723 552 766 omnes
564 722 650 765 casus
664 706 781 783 provisa
796 711 881 764 erant
895 704 1044 782 praesidia
1060 721 1110 763 co·

141 789 273 851 hortium
284 789 412 850 duarum
424 798 454 849 et
465 790 578 868 viginti,
596 805 672 865 quae
684 807 720 848 ex
731 789 795 867 ipsa
806 789 958 867 provincia
970 788 1007 848 ab
1018 787 1111 849 Lucio

111 883 127 933 2
142 874 268 936 Caesare
282 873 380 952 legato
395 873 432 934 ad
444 892 548 934 omnes
562 880 664 951 partes
679 871 915 951 opponebantur.
946 871 1042 932 Helvii
1057 891 1110 935 sua

143 965 250 1037 sponte
271 976 339 1018 cum
360 958 492 1018 finitimis
514 956 628 1036 proelio
650 957 803 1034 congressi
822 955 976 1034 pelluntur
992 963 1023 1016 et
1038 955 1111 1017 Gaio

143 1041 259 1104 Valerio
276 1043 483 1111 Donnotauro,
506 1040 615 1102 Caburi
629 1040 704 1110 filio,
725 1041 862 1119 principe
877 1041 1016 1110 civitatis,
1040 1058 1110 1101 con·

142 1125 340 1205 pluribusque
355 1125 419 1185 aliis
433 1126 599 1185 interiectis
613 1127 691 1184 intra
702 1124 810 1203 oppida
823 1143 857 1184 ae
871 1142 975 1184 muros
990 1124 1109 1202 conpel-

112 1209 255 1270 aluntur.
286 1208 460 1286 Allobroges
476 1208 590 1269 crebris
607 1209 643 1269 ad
657 1207 835 1268 Rhodanum
857 1207 1009 1287 dispositis
1023 1226 1111 1286 prae·

145 1293 228 1354 sidiis
253 1310 359 1370 magna
385 1311 453 1353 cnm
474 1311 546 1353 cura
567 1301 597 1352 et
619 1291 768 1368 diligentia
790 1310 861 1352 suos
880 1292 955 1352 lines
978 1299 1107 1353 tuentur.

112 1385 129 1434 4
144 1377 261 1446 Caesar,
279 1376 359 1455 quod
373 1374 476 1437 hostes
492 1378 625 1453 equitatu
646 1378 817 1454 superiores
839 1394 905 1436 esse
919 1375 1112 1454 intellegebat

145 1467 176 1521 et
188 1460 359 1521 interclusis
375 1459 512 1520 omnibus
527 1459 685 1520 itineribus
704 1458 785 1520 nulla
800 1478 834 1519 re
849 1478 884 1519 ex
900 1461 1053 1538 provincia
1068 1467 1112 1520 at·

104 1572 106 1575 ·
145 1562 203 1621 que
218 1544 301 1605 ltalia
315 1543 464 1604 sublevari
478 1550 610 1624 poterat,
627 1552 709 1604 trans
724 1543 861 1604 Rhenum
876 1545 907 1603 in
923 1543 1113 1604 Germaniam

144 1630 235 1689 mittit
249 1628 285 1688 ad
301 1646 351 1688 eas
367 1629 508 1697 civitates,
525 1645 599 1705 quas
614 1627 819 1709 superioribus
840 1629 925 1688 annis
946 1636 1111 1706 pacaverat,

145 1714 322 1789 equitesque
337 1711 374 1772 ab
390 1711 435 1772 his
451 1714 578 1773 accersit
592 1720 621 1772 et
637 1712 709 1773 levis
725 1721 893 1772 armaturae
908 1711 1038 1790 pedites,
1061 1714 1114 1788 qui

112 1798 222 1857 ointer
236 1815 288 1856 eos
302 1795 444 1874 proeliari
460 1804 648 1857 consuerant.
680 1797 791 1857 Eorum
807 1796 944 1863 adventu,
962 1795 1041 1873 quod
1056 1798 1112 1856 mi·

144 1897 202 1940 nus
212 1879 327 1941 idoneis
340 1883 425 1956 equis
437 1879 608 1949 utebantur,
621 1879 776 1940 atribunis
787 1879 914 1940 militum
929 1878 1114 1957 reliquisque

146 1961 169 2043 [,
183 1963 236 2024 sed
253 1962 296 2044 et]
319 1963 470 2042 equitibus
489 1963 631 2025 Romanis
657 1971 746 2042 atque
767 1965 895 2025 evocatis
913 1979 1006 2041 equos
1023 1966 1113 2025 sumit

48 2068 51 2073 ’
146 2047 363 2124 Germanisque
379 2048 539 2108 distribuit.

115 2137 129 2188 ι
208 2130 306 2190 LXVI.
330 2131 457 2201 interea,
474 2131 546 2191 dum
560 2130 633 2191 haec
643 2138 800 2209 geruntur,
814 2129 943 2192 hostium
958 2134 1063 2211 copiae
1076 2150 1113 2193 ex

145 2215 285 2276 Arvernis
301 2217 492 2292 equitesque,
510 2217 561 2293 qui
576 2216 631 2275 toti
645 2214 756 2275 Galbae
771 2221 857 2275 erant
870 2216 1023 2293 imperati,
1040 2234 1112 2276 con·

114 2298 276 2358 eveniunt
313 2298 419 2376 Magno
440 2298 549 2359 horum
570 2305 673 2359 coacto
692 2316 833 2367 numero,
864 2317 932 2360 cum
956 2299 1062 2361 Caesar
1082 2302 1113 2361 in

147 2381 302 2459 Sequanos
317 2400 372 2460 per
388 2390 538 2443 extremos
553 2382 721 2460 Lingonum
742 2383 816 2443 fines
830 2384 891 2444 iter
906 2383 1035 2452 laceret,
1053 2400 1113 2460 quo

145 2465 262 2527 facilius
283 2466 448 2528 subsidium
468 2468 639 2545 provinciae
659 2467 732 2527 ferri
752 2475 868 2546 posset,
891 2469 1011 2528 circiter
1032 2466 1114 2528 milia

146 2566 289 2628 passuum
308 2549 412 2610 decem
433 2549 469 2611 ab
489 2550 631 2611 Romanis
651 2552 738 2610 trinis
759 2552 865 2611 castris
885 2552 1114 2628 Vercingetorix

99 2643 131 2692 ·t
146 2631 281 2694 consedit
301 2635 528 2710 convocatisque
549 2634 585 2695 ad
607 2633 766 2695 concilium
794 2635 953 2712 praelectis
980 2637 1114 2712 equitum

146 2719 263 2778 venisse
275 2724 394 2796 tempus
405 2719 544 2779 victoriae
557 2718 754 2779 demonstrat:
771 2720 875 2794 ingere
886 2720 917 2779 in
931 2721 1115 2797 provinciam

113 2801 295 2862 ⁴Romanos
310 2801 463 2880 Galliaque
479 2802 633 2863 excedere.
665 2802 698 2863 ld
714 2802 770 2862 sibi
785 2801 821 2861 ad
836 2810 1024 2881 praesentem
1037 2802 1114 2863 ohti-

146 2886 275 2946 nendam
289 2885 459 2947 libertatem
474 2888 545 2947 satis
561 2904 644 2955 esse:
665 2886 701 2947 ad
722 2884 830 2962 reliqui
851 2888 995 2965 temporis
1009 2905 1115 2964 pacem

147 2977 236 3046 atque
251 2972 345 3030 otium
360 2989 466 3049 parum
481 2971 601 3049 profici:
618 2969 780 3031 maioribus
801 2971 880 3030 enim
896 2973 1006 3031 coactis
1021 2973 1115 3048 copiis

147 3071 323 3115 reversuros
338 3072 436 3132 neque
448 3056 538 3115 tinem
550 3054 679 3115 bellandi
693 3055 833 3114 tacturos.
861 3054 1115 3133 Proindeagmine

113 3147 130 3195 o
144 3137 303 3215 impeditos
314 3139 497 3200 adoriantur.
520 3140 551 3199 Si
561 3139 678 3218 pedites
690 3140 752 3200 suis
765 3137 906 3199 auxilium
917 3139 1015 3199 ierant
1026 3147 1116 3215 atque

92 3237 95 3243 ’
146 3221 177 3281 in
194 3239 229 3280 eo
245 3230 412 3290 morentur,
434 3225 492 3283 iter
507 3224 606 3284 iacere
622 3241 681 3283 non
697 3240 800 3303 posse}
823 3224 863 3292 si,
880 3223 910 3283 id
925 3223 1006 3300 quod
1022 3225 1115 3300 magis

147 3306 283 3365 luturum
299 3307 435 3373 confidat,
452 3306 564 3367 relictis
578 3306 800 3386 impedimentis
815 3325 887 3368 suae
902 3307 990 3368 saluti
1006 3325 1114 3367 consu·

147 3387 224 3458 lant,
242 3397 271 3450 et
285 3409 342 3451 usu
363 3408 466 3452 rerum
487 3392 722 3452 necessariarum
743 3399 772 3450 et
793 3390 934 3467 dignitate
955 3391 1115 3470 spoliatum

108 3474 185 3532 dlri
208 3473 645 3560 Namdeequitibushostium,
661 3476 734 3555 quin
748 3492 837 3536 nemo
853 3494 958 3538 eorum
972 3473 1115 3556 progredi
