2356 3870
273 226 371 284 conti.
389 227 450 283 Vlll.
479 227 592 284 Pindi.
612 255 648 268 -
665 225 736 283 CAP.
750 226 835 284 1--v.
974 231 1033 293 171

68 395 219 458 cursionis
233 391 362 454 hostium
376 393 503 470 signum,
520 389 599 467 quod
613 390 757 452 incendiis
773 391 973 455 aedificiorum
987 394 1033 453 in·

68 480 171 578 tellegi
187 479 346 546 consuevit,
363 475 495 536 Caesaris
511 482 574 535 erat
587 474 746 536 interdicto
756 475 914 546 sublatum,
930 495 969 538 ne
984 483 1034 538 aut

69 565 156 643 eopia
170 561 271 641 pabuli
285 561 501 636 frumentique,
524 560 549 618 si
564 557 681 637 longius
695 559 836 638 progredi
856 560 958 630 vellet,
980 561 1031 621 de·

68 649 227 714 liceretur,
243 652 294 705 aut
310 644 410 704 hostes
429 641 575 703 incendiis
595 648 745 704 terrerent
732 650 791 704 t.ur
822 643 924 706 Multis
939 644 1034 705 homi·
1051 651 1065 701 a

67 749 141 809 num
155 728 277 790 milibus
289 729 381 808 captis
393 727 545 807 perterriti
551 726 712 825 Bituriges
724 728 775 803 qui
789 744 918 805 primum
926 728 1032 790 adven

67 821 133 876 tum
147 819 307 894 potuerant
322 813 451 889 elingere
466 810 681 886 Romanorum,
704 812 735 886 in
749 811 926 872 finitimas
902 814 985 872 ervita
970 819 1032 873 ates

68 906 119 959 aut
133 898 256 977 privatis
268 896 402 975 hospitiis
418 895 584 955 conlisit
534 900 584 954 aut
598 896 738 954 societate
754 894 944 957 consiliorum
961 913 1031 955 con·

66 983 215 1060 fugerant
194 981 380 1041 tl⁴¹rzustra
397 997 465 1039 nam
477 978 584 1039 Caesar
594 979 708 1056 magnis
722 979 879 1040 itineribus
894 979 1032 1039 omnibus
1047 986 1062 1033 4

66 1065 140 1126 loeis
156 1066 288 1125 occurrit
301 1082 357 1125 nec
373 1063 421 1123 dat
436 1061 488 1122 ulli
503 1063 612 1122 civitati
627 1064 754 1141 spatium
770 1062 807 1123 de
822 1063 916 1123 aliena
931 1064 1031 1142 potius

66 1167 157 1226 quarn
172 1148 209 1208 de
221 1148 381 1208 domestica
396 1146 489 1207 salute
505 1145 665 1223 cogitandi;
683 1163 740 1223 qua
753 1145 903 1207 eeleritate
916 1154 945 1208 et
959 1146 1030 1207 fide·

11 1282 13 1286 ,
65 1233 110 1295 les
126 1234 237 1294 amieos
251 1231 399 1292 retinebat
414 1238 443 1290 et
459 1230 627 1290 dubitantes
647 1237 763 1291 terrore
784 1230 819 1291 ad
841 1230 1030 1291 condiciones

65 1319 148 1398 pacis
164 1315 336 1378 adducebat.
360 1315 423 1375 Tali
436 1314 608 1375 condicione
619 1316 771 1393 proposita
786 1314 945 1391 Bituriges
962 1331 1030 1374 curn
1046 1317 1061 1367 5

64 1401 123 1462 sibi
142 1400 278 1462 viderent
304 1400 458 1459 clementia
480 1398 611 1459 Caesaris
631 1398 760 1459 reditum
787 1406 890 1476 patere
915 1399 1030 1458 ineius

64 1486 224 1546 amicitiam
235 1484 433 1559 finitimasque
446 1483 577 1543 civitates
590 1484 654 1542 sine
668 1481 727 1542 ulla
737 1499 832 1560 poena
844 1481 960 1542 dedisse
976 1480 1028 1541 ob·

64 1569 144 1630 sides
161 1574 249 1645 atque
262 1569 294 1627 in
309 1567 397 1627 fidem
412 1573 548 1645 receptas
564 1583 639 1635 esse,
655 1565 733 1626 idem
749 1567 895 1626 iecerunt.

128 1652 190 1713 llll.
215 1652 321 1712 Caesar
336 1649 477 1710 militibus
489 1668 545 1728 pro
556 1655 637 1709 tanto
651 1648 754 1723 labore
765 1667 800 1708 ao
813 1651 963 1727 patientia,
980 1649 1031 1724 qui
1056 1694 1060 1704 .

62 1735 249 1798 brumalibus
265 1734 369 1795 diebus
383 1733 540 1794 itineribus
555 1731 752 1801 difficillimis,
774 1732 935 1810 frigoribus
950 1734 1028 1792 into·

61 1820 194 1883 lerandis
215 1818 430 1880 studiosissime
449 1824 675 1898 permanserant
699 1818 730 1877 in
752 1815 870 1887 labore,
899 1817 1029 1878 ducenos

62 1905 236 1972 sestertios,
259 1902 484 1963 centurionibus
505 1908 548 1961 tot
568 1901 647 1962 milia
662 1918 816 1962 nummum
831 1901 959 1980 praedae
974 1919 1027 1962 no·

61 1990 144 2052 mine
160 1986 351 2048 condonanda
365 1985 523 2066 pollicetur
541 1984 769 2063 legionibusque
790 1987 820 2044 in
842 1984 965 2046 hiberna
979 2004 1027 2046 re·

61 2074 162 2134 missis
176 2073 240 2150 ipse
255 2089 287 2130 se
303 2072 409 2149 recipit
424 2071 471 2132 die
485 2091 577 2130 xxxx.
595 2069 740 2130 Bibracte.
777 2068 824 2129 lbi·
837 2087 904 2129 cum
922 2070 969 2129 ius
984 2068 1027 2129 di·
1044 2075 1059 2122 2

61 2164 156 2224 ceret,
171 2155 319 2231 Bituriges
335 2154 370 2214 ad
387 2172 454 2214 eum
470 2153 583 2231 legatos
598 2155 720 2214 mittunt
740 2152 882 2214 auxilium
903 2154 1029 2232 petitum

61 2246 168 2301 eontra
184 2238 342 2315 Carnutes,
366 2255 440 2315 quos
455 2237 590 2298 intulisse
610 2236 722 2297 bellum
742 2236 799 2296 sibi
814 2237 1025 2313 querebantur.

61 2324 127 2394 Qua
138 2341 173 2383 re
186 2323 397 2399 cognita,¹cum
407 2321 470 2382 dies
485 2339 545 2382 non
556 2321 682 2399 amplius
696 2341 717 2381 x
733 2327 763 2380 et
776 2340 836 2382 vm
850 2322 881 2380 ιιι
895 2319 1054 2380 hibernis3

61 2413 144 2468 esset
157 2412 299 2474 moratus,
317 2404 448 2483 legiones
468 2424 549 2466 xmr.
574 2411 603 2464 et
617 2424 660 2465 vr.
678 2422 713 2463 ex
736 2403 869 2464 hibernis
884 2402 921 2463 ab
935 2405 1028 2464 Arare

60 2491 177 2559 educit,
202 2506 274 2566 quas
294 2488 336 2549 ibi
359 2489 524 2549 conlocatas
545 2487 734 2567 explicandae
748 2489 792 2547 rei
815 2487 1026 2547 frumentariae

60 2592 151 2636 causa
167 2575 322 2653 superiore
338 2573 550 2632 commentario
566 2571 801 2632 demonstratum
817 2578 871 2632 est.
901 2570 943 2630 lta
959 2587 1026 2630 curn

60 2658 177 2719 duabus
191 2656 358 2735 legionibus
374 2656 409 2715 ad
424 2655 648 2734 persequendos
659 2655 802 2715 Carnutes
816 2654 1024 2734 proficiscitur.

125 2743 158 2802 V.
191 2741 264 2802 Cum
285 2741 361 2800 lama
383 2741 530 2801 exercitus
551 2738 587 2799 ad
602 2737 703 2798 hostes
719 2749 798 2799 esset
811 2737 933 2817 perlata,
951 2737 1054 2798 cala-l

59 2827 163 2887 mitate
179 2831 346 2885 ceterorum
362 2823 442 2883 ducti
458 2823 601 2883 Carnutes
617 2822 742 2882 desertis
755 2824 828 2882 vicis
840 2820 1024 2901 oppidisque,

60 2927 138 2986 quae
159 2907 329 2968 tolerandae
349 2907 455 2967 hiemis
476 2925 563 2968 causa
578 2907 746 2966 constitutis
766 2911 891 2984 repente
912 2905 1025 2982 exiguis

59 2993 97 3053 ad
112 2993 273 3053 necessitat
274 3010 319 3052 em
333 2992 472 3052 aediliciis
482 2989 702 3052 incolebant-
721 3006 817 3069 nuper
829 2990 907 3049 enim
919 2988 1025 3049 devicti

59 3075 206 3156 conplura
221 3068 329 3155 oppida
344 3075 567 3136 dimiserant-
571 3074 724 3153 ,dispersi
738 3074 920 3174 profugiunt
953 3072 1023 3133 Cae·
1040 3082 1055 3129 a

58 3179 119 3230 sar,
137 3166 328 3239 erumpentes
344 3178 378 3219 eo
393 3161 521 3220 maxime
535 3165 670 3238 tempore
691 3159 850 3219 acerrimas
865 3163 1023 3236 tempesta·

58 3251 106 3305 tes
121 3261 189 3304 cum
205 3243 306 3305 subire
321 3242 429 3304 milites
442 3242 566 3312 nollet,
558 3261 589 3303 ιιι
604 3241 712 3322 oppido
728 3241 839 3304 Carnut
826 3248 890 3303 tum
906 3240 1023 3303 Cenabo

59 3335 157 3389 castra
172 3329 256 3406 ponit
271 3334 359 3405 atque
373 3329 404 3387 in
419 3334 497 3389 tecta
518 3328 627 3406 partim
642 3325 802 3395 Gallorum,
818 3328 926 3406 partim
948 3341 1023 3402 quae

57 3413 204 3474 coniectis
227 3411 363 3472 celeriter
384 3413 552 3473 stramentis
578 3412 776 3471 tentoriorum
796 3407 1024 3488 integendorum

57 3497 153 3574 gratia
173 3503 254 3554 erant
266 3495 464 3567 inaedificata,
483 3495 595 3560 milites
612 3497 766 3582 conpegit.
792 3496 1075 3576 Bquitestament
