2356 3870
150 193 195 256 44
444 198 591 254 BELLUM
605 196 827 256 AFRICANUM.

152 344 310 421 expugnat,
330 343 431 398 Caesar
446 345 597 421 postquam
616 342 761 424 Sassuram
778 342 915 413 oppidum
931 343 1055 397 Labieno
1074 343 1118 397 iu·

191 413 220 463 to
239 426 270 464 ce
292 411 327 474 rt,
351 410 448 480 Aggar
470 411 558 479 redit,
583 425 639 479 quo
658 409 703 464 Sc1
723 427 751 464 ro
769 412 893 477 secutus,
913 427 936 465 c.
953 409 1119 464 LXXIIH-

175 428 384 540 XXVlfi.,cum
425 476 544 531 roelium
561 428 722 541 damnaei
741 477 778 531 ad
796 477 948 555 Thapsum,
978 477 1027 530 ubi
1046 475 1116 532 Cae·

152 560 198 599 sar
223 543 381 613 Vergilium
430 545 611 613 ompeianum
638 543 784 599 obsidione
812 560 925 616 cmgere
973 544 1047 608 arat,
1079 545 1117 599 ad

152 626 278 730 Xffim
295 613 408 665 coactus
425 613 592 694 grauissima
611 610 691 666 clade
716 611 852 678 afficitur,
880 628 902 665 c.
999 611 1117 720 VIIII-

253 677 299 732 Vl.
336 677 438 733 Caesar
450 677 560 733 Uticam
572 694 624 749 per
635 677 666 734 L.
678 677 825 734 Gaesarem
844 678 1055 734 adulescentem
1072 695 1104 734 re

153 745 235 813 cipit,
254 747 405 814 postquam
416 744 454 800 ld.
467 744 535 800 Caio
548 748 669 800 mortem
680 745 734 800 sihi
752 745 900 810 conscivit;
918 746 948 798 in
966 747 1043 800 cives
1060 744 1117 800 lio·

152 827 263 877 manos,
281 813 331 880 qui
347 813 469 882 pecunia
486 813 653 868 adiuverunt
664 812 770 866 Varum
784 815 814 866 at
825 812 994 881 Scipionem,
1012 812 1118 867 leniter

153 879 360 946 animadvertit,
379 896 402 936 c.
412 879 733 934 LXXXVII-LXXXX.
742 880 843 933 Iubam
851 879 1000 934 Zamenses
1009 879 1118 950 oppido

153 946 319 1012 excludunt,
346 962 369 999 c.
392 946 538 1002 LXXXXI.
561 946 720 1002 LXXXXII.
743 946 786 1003 ,0.
818 944 965 1002 Considius
995 947 1119 1002 Thisdha

151 1013 182 1066 fu
205 1013 239 1079 't,
258 1013 399 1082 Vergilius
417 1012 530 1069 bassani
546 1030 576 1069 se
594 1013 680 1069 dedit.
722 1014 805 1079 Iuba,
822 1012 967 1078 Petreius,
985 1013 1115 1081 Faustus,

40 1088 54 1107 ·
152 1081 178 1134 A
240 1080 292 1146 ius,
303 1079 396 1148 Scipio
405 1079 620 1148 interficiuntur,
630 1097 653 1135 c.
662 1079 1034 1136 LXXXXIH-LXXXXVI.
1047 1081 1117 1136 an-

153 1146 293 1201 sarIubae
312 1162 399 1216 regno
417 1147 447 1200 in
464 1148 628 1215 provinciae
645 1148 764 1202 formam
781 1149 897 1202 redacto
910 1147 939 1202 Ο.
951 1148 1118 1202 Sallustium

152 1213 281 1284 Crispum
297 1229 349 1282 pro
367 1213 480 1268 consule
498 1215 639 1284 praeficit;
657 1214 759 1269 Zamae
771 1216 801 1269 et
811 1214 911 1270 Uticae
929 1215 1010 1269 bonis
1027 1215 1117 1270 hosti-

152 1296 201 1334 um
218 1281 352 1344 venditis,
376 1279 555 1349 Thapsitanis
577 1282 692 1350 reliquis
714 1297 748 1336 ua
774 1281 862 1336 Iubae
885 1283 966 1336 sociis
988 1283 1118 1337 multatis

152 1363 205 1418 per
221 1345 380 1402 Sardiniam
397 1346 516 1402 Romam
533 1347 621 1414 redit,
639 1364 662 1403 c.
680 1348 701 1403 L
728 1347 867 1406 XXXVII.
885 1347 1087 1405 LXXXXVIII.

115 1535 132 1581 1
216 1520 239 1581 l.
284 1519 392 1582 Caesar
413 1518 578 1582 itineribus
604 1522 692 1582 iustis
720 1522 867 1582 coniectis
887 1521 971 1583 nullo
994 1521 1044 1582 dia
1067 1525 1116 1584 in-

152 1607 292 1666 termisso
315 1622 341 1664 a.
365 1603 395 1664 d:
417 1616 508 1665 XIIII.
531 1603 596 1665 Kal.
619 1604 681 1666 lan.
697 1602 874 1682 Lilybaeum
895 1608 1033 1684 pervenit
1055 1615 1116 1667 sta·

152 1690 266 1766 timque
289 1689 427 1758 ostendit,
452 1707 620 1750 sescnaves
635 1687 711 1750 velle
726 1689 938 1759 conscendere,
961 1708 1032 1750 cum
1054 1709 1116 1752 non

152 1773 280 1851 amplius
302 1773 452 1850 legionem
474 1775 608 1833 tironum
638 1771 764 1833 haberet
791 1790 897 1842 unam,
927 1776 1044 1853 equites
1067 1776 1116 1835 vix

151 1867 209 1916 De.
259 1855 499 1917 Tabernaculum
526 1856 690 1918 secundum
719 1857 791 1916 litus
820 1858 920 1936 ipsum
947 1859 1114 1928 constituit,

116 1948 186 2001 tut
207 1958 302 2019 prope
323 1941 432 2001 tinctus
453 1939 637 2001 verberaret.
681 1940 744 2002 Hoc
768 1958 804 2001 eo
826 1942 954 2003 oonsilio
969 1943 1053 2011 iecit,
1076 1960 1115 2004 ne

50 2021 53 2025 ’
152 2027 220 2103 quis
242 2023 302 2084 sibi
324 2042 425 2084 morae
447 2025 608 2104 quicquam
629 2026 694 2086 iore
716 2033 851 2103 speraret
883 2033 914 2086 et
948 2032 982 2085 ut
1009 2044 1115 2087 omnes

115 2111 184 2170 sin
208 2109 273 2168 dies
294 2108 443 2185 horasque
465 2111 562 2187 parati
585 2116 695 2169 essent.
739 2108 849 2170 incidit
870 2109 969 2188 perid
984 2117 1112 2189 ternpus,

154 2201 187 2253 ut
208 2199 401 2272 tempestates
424 2194 460 2255 ad
488 2192 688 2272 navigandum
719 2194 845 2259 ¹idoneas
877 2211 938 2255 non
971 2193 1114 2263 haberct;

154 2275 250 2337 nihilo
293 2287 393 2337 tamen
431 2280 531 2339 minus
568 2280 600 2338 in
635 2275 763 2339 navibus
789 2279 920 2355 remiges
941 2278 1115 2356 militesque

155 2363 311 2422 continere
327 2371 358 2421 et
373 2362 484 2422 nullam
507 2364 750 2440 praetermittere
765 2365 953 2424 occasionem
969 2364 1115 2441 proiecti·

118 2447 230 2505 tonis.
266 2443 340 2506 Cum
362 2449 541 2523 pracsertim
564 2445 602 2507 ab
625 2446 735 2507 incolis
757 2449 822 2507 eius
843 2448 1015 2526 provinciae
1038 2465 1115 2508 nun·

153 2531 302 2589 tiarentnr
324 2529 562 2591 adversariorum
585 2533 705 2608 copiae,
729 2532 880 2609 equitatus
902 2533 1048 2601 infinitus,
1073 2530 1115 2592 le·

153 2615 257 2690 giones
280 2614 380 2690 regiae
403 2626 476 2682 1111,
499 2612 574 2673 levis
596 2624 764 2675 armaturae
791 2633 897 2692 magna
920 2619 972 2686 vis,
996 2614 1115 2695 Scipio·

153 2697 201 2756 nis
222 2697 358 2775 legiones
379 2709 414 2775 x,
438 2696 591 2776 elephanti
607 2708 677 2756 cxx
699 2697 868 2777 classesque
890 2717 956 2763 esse
979 2699 1115 2778 complu·

152 2799 216 2848 res,
241 2791 422 2843 tamennon
445 2780 656 2842 deterrebatur
677 2784 835 2859 animoque
858 2790 888 2843 et
909 2801 961 2861 spe
983 2783 1115 2845 confide·

115 2865 214 2926 chat.
268 2865 393 2933 Interim
421 2869 452 2927 in
482 2867 546 2927 dies
576 2875 605 2926 et
640 2884 730 2927 naves
762 2866 868 2944 longae
904 2867 1048 2944 adaugeri
1085 2876 1116 2929 et

154 2952 311 3010 onerariae
328 2951 498 3030 complures
514 2950 618 3010 eodem
634 2967 816 3011 concurrere
839 2959 869 3011 et
890 2949 1027 3028 legiones
1040 2952 1116 3012 tiro·

153 3051 224 3094 num
248 3038 425 3103 convenire,
449 3036 479 3095 in
503 3035 550 3096 his
574 3045 713 3095 veterana
736 3033 815 3110 legio
837 3036 955 3112 quinta,
980 3037 1116 3114 equitum

153 3117 189 3178 ad
212 3130 240 3177 11
261 3117 355 3178 milia.

118 3216 130 3262 l
217 3202 252 3260 ll.
297 3200 480 3279 Legionibus
502 3203 639 3265 collectis
660 3215 698 3264 vi
720 3211 751 3263 et
771 3205 905 3284 equitum
928 3215 956 3262 ΙΙ
978 3202 1115 3274 milibus,

154 3292 186 3345 ut
208 3303 343 3365 quaeque
366 3288 461 3365 prima
482 3288 562 3367 legio
584 3295 722 3359 venerat,
750 3290 782 3348 in
811 3305 900 3349 naves
927 3287 1032 3365 longas
1060 3290 1116 3350 im-

115 3369 337 3448 innuebatur,
367 3373 485 3448 equites
505 3383 605 3432 auteur
626 3375 658 3434 in
681 3373 844 3434 onerarias.
892 3371 936 3432 lta
969 3372 1117 3434 maiorem

141 3464 265 3534 partem
301 3455 423 3518 natium
460 3455 638 3518 antecedere
675 3456 762 3517 iussit
799 3468 828 3517 et
855 3455 984 3518 insulam
1012 3465 1118 3536 petere
