2356 3870
367 257 445 315 UAP.
460 255 705 312 XXX-XXXIII.
966 253 1021 317 ’19
1106 304 1109 309 .

55 424 184 467 currere
206 415 380 486 coeperunt.
430 407 564 478 Quorum
592 406 820 485 perturbatione
849 414 1057 467 nostrorum3

56 492 152 551 animi
175 489 248 551 adeo
271 499 341 551 sunt
363 493 496 560 incitati,
527 498 561 551 ut
582 509 677 569 paene
700 491 804 552 eodem
827 498 961 570 tempore
984 509 1021 551 ex

55 572 199 635 omnibus
220 573 371 652 partibus,
394 577 486 653 primi
508 584 607 635 tamen
631 575 831 635 editissimum
853 583 1020 636 castrorum

58 659 158 720 locum
181 668 337 737 caperent;
361 677 397 719 ex
420 677 479 737 quo
502 659 696 719 decurrentes
717 675 854 735 magnam
883 649 1019 720 multitu-

55 744 161 804 dinem
183 743 314 804 hostinm
337 744 368 802 in
391 745 500 804 castris
522 744 749 804 interfecerunt.
794 742 882 815 erod,
899 746 1019 822 pericu-
1037 752 1054 799 4

56 827 122 889 lum
148 827 286 906 plerique
315 827 509 887 Alexandrini
542 829 695 905 fugientes
728 829 888 887 acervatIm
923 847 955 888 se
983 827 1020 887 de

56 911 134 972 vallo
156 913 395 989 praecipitarunt
418 914 449 971 in
472 918 691 989 campartem,
720 929 795 988 quae
817 911 933 971 llumini
956 919 1020 970 erat

56 994 207 1056 adiuncta.
251 994 366 1056 Horum
387 997 496 1074 primis
518 998 550 1056 in
573 999 638 1073 ipsa
658 996 738 1055 lossa
758 998 937 1055 munitionis
957 1013 1020 1055 ma·
1039 1003 1055 1052 5

55 1098 115 1158 gna
136 1081 225 1139 ruina
241 1083 393 1158 oppressis
408 1082 503 1140 ceteri
524 1080 693 1140 faciliorem
714 1080 816 1156 lugam
838 1079 1019 1139 habuerunt.

56 1164 194 1232 Constat,
227 1165 338 1240 fugisse
361 1182 398 1224 ex
420 1166 529 1224 castris
550 1181 654 1242 regem
677 1165 776 1241 ipsum
804 1171 1019 1242 receptumque
1040 1173 1056 1222 6

58 1249 90 1307 in
113 1265 219 1307 narem
240 1248 434 1308 multitudine
457 1265 577 1316 eorum,
607 1249 659 1326 qui
688 1248 725 1307 ad
751 1249 903 1324 proximas
929 1264 1020 1307 naves

56 1329 253 1398 adnatabant,
278 1330 415 1391 demerso
438 1333 556 1407 navigio
578 1332 704 1409 perisse.

121 1412 238 1473 XXXll.
288 1414 331 1473 Re
358 1414 535 1475 felicissime
562 1414 781 1492 celerrimeque
803 1421 888 1493 gesta
910 1415 1020 1475 Caesar
1040 1427 1054 1476 1

56 1515 182 1574 magnae
203 1499 347 1558 victoriae
368 1497 479 1558 fiducia
500 1499 638 1577 proximo
660 1500 929 1559 terrestri-itinere
951 1500 1018 1560 Ale-

56 1581 220 1641 xandream
242 1599 311 1640 curn
335 1581 489 1659 equitibus
510 1580 665 1641 contendit
679 1590 767 1660 atque
782 1599 817 1642 ea
832 1591 917 1660 parte
933 1585 1018 1661 oppi-

56 1665 86 1724 di
108 1665 205 1725 victor
228 1667 360 1734 introiit,
394 1683 470 1744 quae
502 1664 654 1743 praesidio
686 1664 819 1725 hostium
847 1665 1018 1726 tenebatur.

56 1747 161 1827 Neque
184 1757 261 1809 eum·
282 1749 441 1810 consilinm
470 1767 558 1810 suum
585 1747 712 1821 lelellit,
747 1750 821 1826 quin
853 1749 954 1809 hostes
982 1763 1053 1810 eon

58 1832 172 1910 proelio
210 1833 309 1892 audito
345 1834 422 1893 nihil
456 1836 516 1892 iam
543 1832 579 1892 de
608 1831 688 1894 bello
717 1841 817 1893 essent
846 1833 1016 1909 cogitaturi.

55 1918 187 1994 Dignum
210 1917 371 1977 adveniens
395 1920 527 1978 trucium
548 1918 669 1976 virtutis
692 1924 722 1976 et
750 1917 842 1977 animi
868 1920 1016 1995 magnitu-
1037 1930 1054 1978 3
1088 1934 1095 1949 ·

56 2001 137 2060 dinis
160 1999 243 2061 tulit:
276 2003 373 2061 omnis
396 2003 477 2060 eninr
498 2001 659 2061 multitudo
684 2000 903 2080 oppidanorum
926 2003 1018 2061 armis

55 2087 205 2164 proiectis
219 2084 499 2164 munitionibusque
514 2088 577 2146 suis
592 2085 718 2155 relictis,
741 2093 824 2146 veste
837 2103 874 2155 ,ea
889 2095 1016 2164 sumpta,

58 2187 120 2248 qua
142 2169 295 2247 supplices
317 2168 504 2230 dominantes
517 2170 673 2248 deprecari
685 2178 884 2238 consuerunt,
909 2173 1017 2231 sacris·

54 2271 115 2333 que
131 2253 271 2313 omnibus
284 2253 420 2332 prolatis,
444 2272 572 2331 quorum
588 2254 735 2331 religione
745 2255 864 2332 precari
887 2255 1017 2316 oliensos

17 2357 26 2367 ·
55 2339 210 2416 iratosque
232 2341 348 2398 animos
375 2355 481 2415 regum
509 2346 594 2399 erant
622 2338 718 2407 soliti,
747 2337 918 2399 advenienti
945 2338 1017 2399 Cae-

55 2423 119 2483 sari
141 2428 341 2483 occurrerunt
362 2440 453 2502 seque
476 2423 503 2481 ei
526 2421 716 2483 dediderunt.
759 2422 866 2483 Caesar
882 2424 914 2482 in
928 2423 1017 2483 tidem
1037 2442 1054 2490 4

54 2512 196 2584 receptos
219 2507 391 2567 consolatus
418 2512 473 2584 per
501 2505 633 2566 hostium
660 2507 845 2566 munitiones
873 2508 905 2566 in
933 2525 1017 2567 suam

55 2589 174 2669 partem
196 2590 301 2669 oppidi
329 2608 435 2668 magna
463 2590 662 2668 gratulatione
689 2592 771 2651 venit
797 2609 935 2659 suorum;
965 2593 1017 2670 qui

54 2691 120 2734 non
140 2682 256 2735 tantum
279 2674 391 2736 bellum
415 2678 514 2754 ipsum
536 2694 571 2736 ac
593 2676 828 2744 dimicationem,
852 2675 904 2736 sed
927 2678 1017 2736 etiam

55 2750 146 2819 t‘alem
169 2758 327 2819 adrentum
350 2761 417 2820 eius
439 2760 559 2820 lelicem
580 2760 675 2821 luisse
697 2757 896 2819 laetabantur.
988 2764 989 2767 ’

120 2841 251 2903 XXXlll.
302 2843 411 2905 Caesar
431 2846 563 2921 Aegypto
584 2851 673 2922 atque
699 2842 877 2904 Alexandria
905 2843 1054 2920 potitust

55 2943 144 3004 reges
167 2929 341 2997 constituit,
371 2946 448 3006 quos
469 2927 658 2988 Ptolemaeus
681 2932 858 2987 testamento
887 2928 1017 3005 scripse·
1047 2992 1051 2998 ,

54 3017 104 3069 rat
126 3017 215 3090 atque
238 3011 405 3072 obtestatus
428 3019 493 3072 erat
513 3012 659 3090 populum
680 3010 862 3080 Romanum,
892 3029 929 3071 ne
953 3029 1017 3071 rnu-

55 3101 204 3156 tarentur.
249 3095 322 3156 Nam
345 3099 458 3156 maiore
481 3113 518 3155 ex
533 3095 650 3156 duobus
665 3097 777 3173 pueris,
801 3112 883 3172 rege,
908 3097 1056 3158 amisson

56 3179 168 3239 minori
200 3180 326 3240 tradidit
358 3198 485 3257 regnum
518 3181 685 3257 maiorique
715 3198 752 3240 ex
786 3179 903 3240 duabus
935 3180 1018 3249 filiis,

56 3261 248 3342 Cleopatrae,
279 3282 355 3342 quae
378 3271 528 3324 manserat
549 3265 582 3324 in
605 3263 662 3323 lide
690 3265 908 3341 praesidiisque
937 3266 1018 3332 eius;

56 3348 223 3415 minorem,
249 3349 411 3415 Arsinoen,
441 3351 528 3409 cuius
549 3350 670 3409 nomine
693 3348 745 3408 din
766 3365 909 3425 regnasse
933 3349 1019 3426 inpo-

55 3436 157 3492 tenter
178 3431 368 3510 Ganymeden
392 3431 558 3501 docuimus,
582 3431 732 3492 deducere
747 3449 785 3492 ex
799 3432 1030 3509 regnostatu'xt,

53 3531 94 3575 ne
117 3532 174 3592 qua
194 3534 301 3577 rursus
320 3535 397 3577 nora
421 3517 589 3592 dissensio,
620 3519 808 3601 priusquam
835 3515 1053 3577 diuturnitate
1112 3531 1117 3537 ·

799 3615 845 3670 ᾖ*
