2356 3870
343 193 420 251 CAP.
434 193 799 253 xxxxnn-xxxxvn.
1016 194 1059 260 27

157 342 313 405 xxxxvl.
357 342 492 405 Vatinius
525 363 594 406 cum
624 347 756 408 animum
790 346 976 417 adverteret,
1004 360 1096 409 ne·1

91 447 153 508 que
175 431 296 489 navium
319 447 351 488 se
373 429 582 505 magnitudine
603 447 702 508 neque
719 449 844 492 numero
860 451 963 511 parem
981 451 1057 503 esse,

93 515 236 574 fortuitae
265 512 453 573 dimicationi
479 530 544 572 rem
573 516 762 574 committere
790 516 898 576 noluit.
953 516 1057 595 ltaque

91 599 213 676 primus
235 614 287 658 sua
310 598 523 674 quinqueremi
545 598 577 657 in
599 598 821 676 quadriremem
841 602 938 679 ipsius
954 600 1057 661 Octavi

92 685 237 759 impetum
271 681 355 741 lecit.
412 680 575 742 Celerrime
609 683 835 762 fortissimeque
867 691 972 744 contra
1003 685 1094 745 ilion

91 767 260 842 remigante
294 782 385 825 naves
420 764 561 825 adversae
594 768 703 827 rostris
731 776 952 828 concurrerunt
981 769 1057 830 adeo

91 848 299 922 vehementer,
328 855 362 909 ut
384 850 468 909 navis
490 848 651 910 Octauiana
680 856 780 910 rostro
808 851 944 912 discusso
973 852 1057 931 ligno

91 935 311 994 contineretur.
358 931 563 995 Committitur
585 935 696 994 acriter
715 935 844 1014 reliquis
866 935 942 996 locis
965 954 1055 1013 proe-
1076 946 1094 994 3

91 1016 175 1088 lium,
192 1019 444 1096 concurriturque
468 1017 504 1077 ad
527 1017 619 1078 duces
640 1019 783 1078 maxime:
812 1037 881 1079 nam
909 1037 977 1079 cum
1000 1038 1056 1081 suo

91 1105 220 1180 quisque
242 1101 387 1162 auxilium
409 1103 522 1171 lerret,
551 1119 692 1179 magnum
715 1105 884 1164 comminus
907 1105 939 1162 in
962 1121 1056 1182 angu-

91 1194 138 1246 sto
160 1187 236 1245 mari
257 1186 407 1264 proelium
429 1187 542 1247 factum
568 1193 624 1246 est.
673 1186 851 1266 Quantoque
886 1189 1056 1249 coniunctis
1075 1197 1094 1246 4

90 1271 187 1346 magis
209 1269 336 1330 naribus
358 1269 540 1347 confligendi
554 1276 687 1349 potestas
702 1269 838 1339 dabatur,
861 1278 944 1332 tanto
967 1290 1055 1350 supe·

89 1356 189 1414 riores
211 1361 297 1414 erant
319 1353 485 1422 Vatiniani;
514 1356 566 1431 qui
595 1353 770 1414 admiranda
799 1358 910 1416 virtute
933 1374 970 1415 ex
992 1359 1055 1416 suis

90 1436 218 1498 navibus
240 1439 271 1496 in
293 1436 424 1498 hostium
448 1455 537 1498 naves
558 1438 715 1498 transilire
736 1456 797 1498 non
819 1437 997 1500 dubitabant
1025 1446 1055 1501 et

90 1523 284 1582 dimicatione
307 1529 432 1601 aequata
453 1521 542 1598 longe
564 1524 738 1600 superiores
759 1525 870 1583 virtute
892 1541 957 1582 rem
986 1525 1053 1584 leli·
1171 1588 1174 1593 ,

90 1609 168 1667 citer
188 1604 344 1684 gerebant.
388 1604 576 1683 Deprimitur
598 1607 694 1683 ipsius
716 1604 820 1666 Octavi
842 1607 1052 1685 quadriremis,
1073 1623 1091 1672 5

90 1690 202 1752 multae
224 1697 381 1769 praeterea
405 1692 565 1768 capiuntur
588 1697 640 1749 aut
660 1690 770 1751 rostris
786 1691 958 1768 perforatae
973 1695 1053 1752 mer'-

91 1782 220 1853 guntur;
242 1781 481 1854 propugnatores
497 1772 653 1834 Octaviani
674 1775 785 1852 partim
808 1775 840 1834 in
862 1773 990 1834 navibus
1005 1776 1052 1835 iu·

89 1859 247 1938 gulantur,
277 1861 386 1937 partim
410 1859 440 1917 in
463 1875 546 1918 mare
568 1859 816 1936 praecipitantur.
866 1857 933 1936 lpse
962 1859 1091 1926 Octa-s

90 1946 158 2004 vins
180 1961 212 2004 se
235 1945 267 2002 in
290 1941 432 2021 scapham
455 1942 588 2009 confert;
613 1943 644 2001 in
667 1959 754 2020 qnam
776 1941 880 2019 plures
895 1960 963 2002 cum
980 1960 1052 2003 con·

88 2028 244 2106 ingerent,
268 2025 409 2106 depressa
431 2024 540 2104 scapha
561 2025 736 2087 uulneratus
758 2032 857 2086 tamen
880 2026 1001 2086 adnatat
1015 2026 1053 2086 ad

88 2129 177 2173 suum
198 2128 420 2189 myoparonem.
470 2109 515 2170 Eo
536 2116 693 2189 receptus,
720 2127 789 2170 cnm
816 2110 966 2188 proelium
993 2129 1091 2178 noxq-

89 2196 256 2264 dirimeret‚
279 2201 457 2274 tempestate
479 2211 586 2272 magna
600 2194 676 2255 velis
690 2196 834 2274 profugit.
879 2194 1052 2274 Sequuntur

87 2279 171 2341 hunc
193 2298 264 2340 suae
287 2297 378 2344 naves
399 2278 571 2348 nonnullae,
594 2296 668 2357 quas
690 2296 777 2340 casus
799 2277 838 2339 ab
860 2278 914 2339 illo
929 2282 1051 2357 perion-

87 2363 118 2425 lo
140 2364 319 2425 vindicarat.

151 2448 322 2510 xxxxvn.
366 2450 403 2510 At
420 2447 557 2510 Vatinius
579 2467 613 2510 re
635 2448 712 2510 bene
735 2456 817 2526 gesta
839 2449 978 2526 receptui
1001 2466 1050 2508 ce·
1072 2469 1087 2519 1

88 2535 167 2595 cinit
189 2536 311 2612 suisque
334 2532 474 2594 omnibus
496 2532 701 2594 incolumibus
723 2535 756 2593 in
778 2551 846 2593 eum
868 2542 900 2592 s'e
929 2540 1051 2610 portum

87 2621 186 2680 victor
208 2620 335 2697 recepit,
358 2636 416 2696 quo
440 2635 476 2678 ex
498 2625 588 2696 portu
610 2619 715 2679 classis
735 2614 835 2677 Octavi
853 2617 889 2676 ad
905 2615 1051 2676 dimican-

87 2703 160 2763 dum
182 2709 381 2782 processerat.
427 2701 513 2780 Capit
534 2721 570 2763 ex
593 2721 629 2764 eo
644 2701 761 2782 proelio
776 2709 933 2780 penterem
949 2719 1049 2769 unam,
1070 2723 1087 2772 2

89 2789 231 2848 triremes
263 2787 354 2855 duas,
397 2784 528 2847 dicrotas
560 2799 626 2846 vm
658 2786 887 2864 compluresque
920 2786 1051 2860 remiges

89 2871 286 2942 Octavianos,
310 2878 490 2950 posteroque
514 2869 558 2930 ibi
581 2870 645 2940 die,
675 2868 746 2929 dum
768 2886 836 2929 suas
858 2869 1050 2945 captivasque

86 2973 178 3017 naves
199 2956 354 3025 reficeret,
377 2962 554 3032 consumpto
582 2961 651 3033 post
679 2953 759 3014 diem
785 2953 909 3013 tertium
926 2959 1050 3012 conten-

87 3040 132 3100 dit
154 3042 187 3101 in
209 3039 338 3101 insulam
368 3039 475 3107 Issam,
504 3038 583 3117 quod
614 3057 649 3099 eo
677 3056 709 3098 se
736 3037 887 3115 recepisse
916 3054 952 3095 ex
979 3035 1050 3113 luga

87 3123 231 3186 credebat
254 3124 422 3186 Octavium.
465 3123 536 3183 Erat
558 3125 589 3182 in
606 3141 639 3183 ea
655 3121 878 3183 nobilissimum
892 3123 1050 3198 regionum
1070 3135 1087 3184 3

87 3227 191 3270 earum
215 3208 358 3288 oppidum
382 3209 723 3285 coniunctissimumque
746 3205 879 3267 Octavio.
930 3205 995 3276 Quo
1017 3212 1090 3268 ute

86 3295 184 3364 venit,
208 3293 353 3372 oppidani
375 3293 527 3371 supplices
549 3311 580 3353 se
602 3291 719 3353 Vatinio
742 3290 937 3359 dediderunt,
967 3307 1050 3349 com·

86 3380 243 3460 peritque,
278 3380 376 3456 ipsum
411 3377 565 3438 Octavium
598 3377 698 3455 parvis
725 3377 888 3454 paucisque
922 3374 1050 3449 navigiis

86 3471 175 3522 vento
198 3463 330 3524 secundo
353 3464 508 3542 regionem
531 3461 675 3524 Graeciae
697 3462 832 3541 petisse,
856 3457 933 3519 inde
950 3456 1063 3515 utssx-
1161 3466 1165 3471 ·
