2356 3870
156 223 197 284 92
480 219 520 276 BE
535 218 639 275 BELLO
655 218 795 275 GALLICO

152 387 248 459 siper
261 390 290 444 te
303 385 409 456 liceat,
424 384 591 458 perendino
603 383 652 442 die
664 398 733 442 oum
738 383 889 456 proximis
901 382 1034 444 hibmnis
1043 401 1114 446 con·

153 469 251 528 iuncti
268 483 450 527 communem
474 483 543 527 oum
563 466 687 540 reliquis
711 466 782 525 belli
805 481 909 525 casum
933 469 1112 543 contineant,

153 567 214 610 non
228 552 335 610 reiecti
345 556 375 609 et
388 551 519 624 relepoti
530 551 620 623 longe
634 550 672 608 ob
684 550 791 609 ceteris
803 555 856 608 out
867 548 958 620 ferro
969 556 1022 611 aut
1027 550 1115 624 fame

153 635 315 694 intereant.

127 722 139 772 ι
211 715 313 776 XXXI.
332 715 526 793 Consurgitur
537 733 574 795 ex
586 715 724 782 consilio;
741 713 986 793 conprehendunt
997 723 1113 776 utrum·

154 815 211 876 que
238 808 267 858 et
292 807 392 868 orant,
419 817 457 859 ne
479 816 533 860 sua
558 797 740 858 dissensione
767 808 796 858 et
816 800 977 876 pertinacia
998 816 1063 859 rem
1083 801 1114 860 iu

125 890 303 943 esummum
327 881 495 960 periculum
520 881 680 942 deducant:
710 881 825 942 facilem
856 900 921 942 esse
950 899 1029 952 rem,
1060 900 1114 943 seu

153 973 305 1035 maneant,
326 983 379 1026 seu
399 966 637 1044 proficiscantur,
660 967 685 1025 si
705 965 792 1025 modo
808 983 901 1026 unum
922 983 1024 1026 omnes
1045 983 1112 1026 sen·

155 1051 227 1109 tiant
242 1067 276 1109 ac
290 1048 434 1127 probent;
455 1057 557 1109 contra
571 1050 602 1108 in
617 1047 800 1109 dissensione
815 1047 926 1110 nullam
941 1067 973 1110 se
988 1048 1113 1110 salutem

125 1135 332 1211 aperspicere.
370 1131 429 1192 Res
455 1132 653 1211 disputatione
682 1132 718 1191 ad
744 1131 870 1193 mediam
898 1140 1016 1193 noctem
1044 1150 1113 1212 per·

154 1216 281 1276 ducitur.
304 1215 436 1275 Tandem
448 1214 497 1276 dat
508 1215 591 1276 Cotta
606 1223 759 1293 permotus
773 1234 893 1276 manus:
909 1223 1031 1295 superat
1045 1234 1113 1277 seu·

125 1301 243 1360 stentia
259 1298 368 1360 Sabini.
399 1299 625 1365 Pronuntiatur,
642 1300 737 1378 prima
751 1298 817 1359 luce
833 1301 935 1360 ituros.
960 1300 1113 1360 Consumi-

153 1390 203 1443 tur
222 1381 328 1460 vigiliis
348 1381 462 1459 reliqua
483 1400 552 1460 pars
572 1384 682 1452 noctis,
710 1401 777 1444 oum
802 1401 856 1444 sua
878 1385 1003 1461 qolsque
1028 1382 1112 1444 miles

153 1467 411 1544 circumspiceret,
434 1465 504 1542 quid
525 1482 626 1526 secum
647 1473 766 1544 portare
786 1473 902 1544 posset,
924 1466 995 1544 quid
1016 1483 1052 1526 ex
1067 1468 1112 1527 in·

125 1556 318 1610 estrumento
333 1547 528 1610 hibernorum
547 1547 716 1626 relinquere
738 1557 904 1627 cogeretur.
943 1549 1047 1611 Omnia
1062 1568 1111 1610 ex·

154 1633 335 1710 cogitantur,
356 1649 448 1710 quare
462 1650 518 1694 nec
533 1633 596 1693 slne
611 1631 743 1711 periculo
758 1641 911 1694 maneatur
926 1641 956 1694 et
970 1632 1113 1710 languore

125 1715 280 1776 omilitum
295 1724 324 1776 et
337 1715 444 1793 vigiliis
458 1715 624 1795 periculum
639 1723 790 1794 augeatur.
825 1718 923 1777 Prima
937 1715 1004 1778 luce
1018 1718 1061 1777 sic
1076 1735 1113 1778 ex

154 1801 258 1860 castris
273 1800 516 1878 proficiscuntur,
533 1807 566 1860 ut
579 1799 686 1876 quihus
702 1810 780 1860 esset
794 1818 984 1879 persuasum,
1001 1818 1061 1860 non
1077 1799 1112 1861 ah

153 1879 253 1951 hoste,
280 1883 332 1943 sed
359 1881 395 1943 ab
420 1881 539 1943 homine
565 1885 742 1944 amicissimo
763 1882 932 1962 Ambiorige
957 1883 1113 1945 consilium

154 1964 271 2034 datum,
287 1965 458 2044 longissimo
474 1967 589 2043 agmine
605 1968 799 2043 maximisque
813 1967 1032 2046 inpedimentis.

127 2055 140 2105 ι
215 2048 330 2109 XXXll.
360 2052 396 2110 ht
416 2048 532 2118 hostes,
556 2056 748 2128 posteaquam
770 2068 805 2110 ex
826 2058 973 2112 nocturno
993 2051 1113 2112 fremitu

153 2130 317 2208 vigiliisque
331 2130 368 2192 de
381 2134 564 2211 profectione
581 2150 683 2193 eorum
699 2143 871 2204 senserunt,
894 2133 1052 2195 conlocatis
1066 2136 1112 2195 in·

154 2213 235 2275 sidiis
256 2213 395 2293 bipertito
416 2217 447 2276 in
467 2215 548 2276 silvis
574 2224 743 2295 opportuno
764 2225 852 2294 atque
873 2218 989 2279 occulto
1009 2217 1113 2279 locova

111 2356 119 2369 ,
153 2296 271 2358 milibus
297 2315 438 2376 passuum
459 2301 577 2360 circiter
598 2299 714 2361 duobus
734 2300 933 2362 Romanorum
955 2300 1113 2362 adventum

127 2380 363 2460 despectahant,
387 2390 416 2443 et
437 2401 503 2443 cum
525 2401 557 2443 se
577 2386 671 2444 maior
691 2402 760 2462 pars
781 2386 905 2462 agminis
924 2385 956 2444 in
976 2400 1113 2461 magnam

154 2463 316 2525 convallem
332 2464 512 2535 demisisset,
535 2485 570 2526 ex
592 2476 716 2545 utraque
736 2475 821 2545 parte
838 2470 902 2529 eius
917 2465 999 2528 vallis
1014 2467 1112 2528 subito

154 2565 186 2608 ae
211 2547 406 2610 ostenderunt
430 2551 664 2627 novissimosque
687 2568 825 2629 premere
851 2559 880 2612 et
904 2552 1017 2629 primos
1042 2569 1112 2630 pro·

66 2685 70 2690 .
153 2629 257 2692 hibere
278 2649 401 2693 ascensu
422 2641 511 2710 atque
536 2635 721 2711 iniquissimo
747 2636 857 2696 nostris
879 2634 945 2695 loeo
966 2633 1113 2713 proelium

154 2716 339 2776 committere
355 2723 527 2794 coeperunt.

126 2803 137 2855 1
215 2797 343 2859 XXXlll.
368 2799 443 2860 l'um
465 2798 585 2860 demum
599 2800 747 2870 Titurius,
770 2801 820 2878 qui
842 2798 915 2861 nihil
931 2808 998 2862 ante
1013 2803 1112 2881 provi·

153 2880 259 2950 disset,
286 2882 435 2961 trepidare
461 2891 490 2943 et
514 2899 694 2944 concursare
719 2882 915 2960 cohortesque
942 2884 1111 2964 disponere,

152 2962 226 3024 haec
240 2972 338 3026 tamen
358 2968 423 3045 ipsa
444 2966 544 3027 timide
565 2977 653 3043 atque
673 2974 707 3028 ut
728 2985 796 3028 eum
816 2969 914 3028 omnia
929 2967 1056 3029 deficere
1071 2971 1112 3029 vi·

153 3046 310 3114 detentum
333 3049 412 3125 quod
432 3049 609 3128 plerumque
623 3052 660 3111 iis
675 3049 809 3111 accidere
830 3052 995 3121 consuevit,
1017 3053 1114 3129 quiin

125 3131 216 3208 eipso
237 3132 356 3208 negotio
378 3131 532 3193 consilium
554 3151 661 3212 capere
686 3141 840 3212 coguntur.
878 3135 914 3195 m
935 3134 1034 3205 Cotta,
1062 3138 1114 3212 qul

153 3215 323 3291 cogitasset,
344 3211 417 3274 haec
438 3233 526 3294 posse
546 3219 577 3277 iu
596 3218 703 3278 itinere
719 3216 866 3286 accidere,
882 3224 978 3296 utque
993 3217 1032 3279 ob
1047 3237 1113 3279 eam

153 3315 271 3357 causam
285 3299 476 3376 profectionis
492 3307 595 3360 auctor
609 3318 669 3361 nou
684 3301 801 3369 fuisset,
823 3299 904 3362 nulla
925 3303 955 3362 in
976 3319 1011 3363 re
1032 3319 1112 3363 com·

153 3382 235 3443 muni
250 3381 338 3442 saluti
352 3381 469 3443 deerat:
487 3385 561 3444 etin
576 3382 757 3463 appellandis
772 3383 1021 3462 cohortandisque
1036 3383 1112 3445 mili·

153 3463 233 3527 tlhus
257 3466 444 3544 imperatoris
466 3467 544 3528 etin
563 3485 662 3548 pugna
688 3467 786 3530 militis
812 3469 907 3530 oliicia
932 3467 1110 3548 praestabat.
