2356 3870
372 189 449 257 QAP.
465 191 701 247 LXXI-LXXV.
977 189 1018 254 81

57 340 190 400 hostium
213 338 312 409 dolos,
343 339 483 414 insidias,
512 341 638 402 artificia
667 358 866 418 cognoscere,
893 344 1019 421 etquid

58 425 157 502 sequi,
180 422 252 502 quid
274 424 369 482 vitare
392 425 577 485 conveniret.
622 425 735 504 ltaque,
760 444 820 505 quo
842 425 917 487 haec
940 427 1018 488 cele·
1040 435 1056 485 ³

58 510 123 569 rius
146 509 355 585 conciperent,
390 506 481 568 dabat
511 525 649 586 operam,
682 516 715 569 ut
741 509 876 587 legiones
904 528 964 571 non
988 513 1020 572 in

58 611 119 653 uno
141 590 207 651 loco
230 593 413 659 contineret,
438 591 489 653 sed
512 609 566 670 per
588 610 710 655 causam
734 594 940 655 frumentandi
960 595 1020 656 huc

59 683 147 752 atquo
170 674 243 735 illuc
265 682 419 752 raptaret,
449 675 517 736 ideo
547 675 626 755 quod
648 675 780 738 hostium
802 680 906 757 copias
927 679 965 740 ab
988 697 1020 739 se

60 776 173 837 suoque
200 760 326 836 vestigio
355 776 415 818 non
449 759 633 821 discussuras
669 761 869 822 existimabat.
925 764 1057 839 Atquet

60 855 128 924 post
145 847 221 907 diem
237 847 358 906 tertium
373 845 536 924 productas
548 848 717 907 accuratius
729 863 799 907 suas
810 851 924 924 copias,
940 850 1017 907 sicut

60 931 257 1000 instruxerat,
280 963 322 973 -
350 936 473 1007 propter
496 929 627 990 hostium
651 937 747 990 castra
774 938 1016 1009 praetergressus

61 1032 158 1093 aequo
181 1013 247 1073 loco
270 1015 376 1072 invitat
402 1014 439 1073 ad
461 1013 674 1073 dimicandum.
725 1013 886 1094 Postquam
909 1011 1018 1074 abhor-

58 1117 127 1160 rere
162 1115 213 1156 eos
246 1096 343 1166 videt,
382 1096 500 1158 reducit
538 1096 595 1156 sub
633 1114 788 1175 vesperum
820 1097 955 1174 legiones
988 1098 1020 1157 iu

59 1190 168 1242 castra.

125 1263 268 1325 LXXIlll.
313 1264 416 1342 Legati
438 1267 560 1327 interim
583 1283 619 1325 ex
642 1265 752 1344 oppido
773 1265 866 1344 Vaga,
890 1265 969 1343 qnod
987 1264 1021 1324 tl·
1042 1277 1055 1324 1

60 1351 200 1411 nitimum
225 1351 283 1409 luit
306 1349 409 1418 Zetae,
433 1351 519 1410 ouius
542 1348 697 1413 Gaesarem
720 1352 849 1428 potitum
878 1367 942 1409 esse
971 1348 1021 1409 de·

60 1435 308 1502 monstravimus,
336 1436 476 1506 veniuut;
504 1440 611 1513 petunt
637 1441 667 1494 et
693 1433 869 1503 obsecrant,
898 1441 932 1494 ut
963 1431 1023 1493 sihi

63 1516 250 1597 praesidium
272 1519 385 1577 mittat:
407 1536 440 1578 se
462 1536 511 1578 res
533 1518 713 1596 complures,
736 1536 813 1595 quae
835 1516 926 1579 utiles
941 1516 1023 1584 bello

61 1604 132 1670 sint,
156 1601 430 1662 administratores.
474 1601 533 1662 Per
551 1601 630 1662 idem
644 1609 762 1679 tempus
778 1602 902 1663 deornm
918 1601 1022 1662 volun·
1043 1614 1058 1659 a

61 1693 123 1746 tate
146 1686 307 1763 studioque
329 1702 399 1763 erga
422 1685 577 1746 Caesarem
600 1685 754 1762 transfuga
770 1703 840 1744 suos
855 1687 936 1745 cives
950 1686 1024 1745 lacit

64 1771 221 1837 certiores,
245 1768 349 1829 lubarn
371 1787 473 1847 regem
489 1768 632 1830 celeriter
647 1786 715 1829 curn
731 1770 827 1848 copiis
842 1770 916 1837 suis,
940 1776 1023 1829 ante·
1109 1780 1113 1793 ’

63 1871 152 1932 quam
175 1853 311 1914 Caesaris
332 1854 517 1931 praesidium
540 1872 576 1914 eo
598 1855 785 1932 perveniret,
816 1852 852 1913 ad
881 1852 1024 1931 oppidum

64 1937 274 1998 adcucurrisse
298 1945 387 2016 atque
411 1937 617 1999 advenientem
632 1937 824 1998 multitudine
839 1936 1024 1999 circumdata

65 2040 100 2081 eo
123 2023 252 2099 potitum
282 2021 482 2101 omnibusque
511 2023 577 2081 eius
604 2022 707 2100 oppidi
732 2021 841 2082 incolis
868 2021 904 2083 ad
932 2038 1025 2081 unum

65 2105 234 2247 interlqctis
257 2104 373 2166 dedisse
403 2104 547 2184 oppidum
575 2105 779 2185 diripiendum
807 2105 1025 2184 delendumque

65 2189 156 2248 militi
180 2207 225 2248 us.
380 2237 385 2248 .

130 2271 240 2332 LXXV.
278 2269 385 2330 Caesar
397 2269 517 2329 interim
530 2268 654 2328 lustrato
670 2269 804 2329 exercitu
816 2287 841 2328 a.
854 2268 883 2328 d.
896 2282 957 2329 ΧΗ.
966 2269 1029 2330 llal.
1047 2289 1058 2336 t

65 2355 159 2433 April.
185 2364 306 2434 postero
328 2356 376 2416 die
398 2354 725 2434 productisuniversis
740 2357 835 2432 copiis
849 2371 1026 2433 progressus

67 2438 105 2500 ab
129 2441 191 2499 suis
214 2441 322 2499 castris
342 2438 426 2499 milia
449 2457 590 2518 passuum
617 2456 650 2507 v,
679 2456 696 2497 a
724 2438 877 2517 Scipionis
904 2440 1027 2498 circiter

67 2522 160 2583 duum
181 2523 299 2584 milium
320 2525 480 2584 interiecto
495 2525 602 2602 spatio,
625 2525 659 2584 iu
673 2524 737 2584 acio
753 2525 898 2584 constitit.
942 2522 1026 2582 Post·
1047 2536 1062 2584 a

67 2624 157 2683 quam
179 2609 252 2667 satis
280 2606 391 2685 diuque
419 2607 605 2668 adversarios
632 2607 669 2668 ab
697 2625 729 2667 se
759 2607 796 2667 ad
824 2606 1026 2668 dimicandum

67 2691 209 2750 invitatos
230 2689 427 2768 supersedere
449 2708 566 2769 pugnae
589 2691 813 2760 animadvertit,
837 2689 956 2751 reducit
978 2708 1028 2750 co·

66 2776 134 2853 pias
161 2780 340 2852 posteroque
368 2773 416 2834 die
445 2782 670 2836 castra-movet
699 2782 788 2852 atque
817 2774 854 2836 ad
884 2773 1028 2853 oppidum

67 2856 236 2925 Sassuram,
258 2856 312 2917 ubi
334 2857 436 2937 Scipio
458 2857 654 2920 Numidarum
676 2858 823 2920 habuerat
844 2857 1029 2936 praesidium

67 2942 314 3020 frumentumque
335 2950 598 3020 comportarem&
637 2946 683 3004 ire
723 2942 888 3003 contendit.
943 2941 1063 3013 Qucdt

67 3023 122 3086 ubi
145 3025 297 3086 Labienus
322 3024 547 3097 animadvertit,
576 3046 645 3088 cum
674 3030 810 3107 equitatu
836 3026 952 3104 levique
982 3045 1028 3086 ar-

67 3117 185 3170 matura
207 3128 313 3188 agmen
335 3113 401 3171 eius
423 3119 591 3173 extremum
614 3129 738 3190 carpere
762 3114 861 3190 coepit
884 3118 971 3190 atque
988 3113 1030 3170 ita

67 3194 197 3255 lixarum
219 3203 493 3274 mercatorumque,
517 3198 568 3274 qui
590 3195 713 3274 plostris
727 3213 845 3257 merces
859 3193 1029 3273 portabant,

70 3277 249 3358 interceptis
277 3282 406 3341 sarcinis
435 3279 536 3341 addito
558 3282 658 3341 animo
680 3282 806 3358 propius
828 3278 1030 3357 audaciusque

67 3362 186 3423 accedit
204 3362 240 3424 ad
262 3363 406 3441 legiones,
429 3364 509 3443 quod
525 3361 723 3431 existimabat,
739 3362 852 3424 milites
867 3361 922 3423 sub
938 3379 1030 3422 onere

66 3462 104 3505 ac
127 3446 183 3507 sub
207 3449 335 3508 sarcinis
357 3447 535 3526 defatigatos
556 3464 691 3527 pugnare
712 3464 779 3508 nou
802 3464 910 3527 posse.
957 3445 1051 3512 Qut·
1071 3454 1094 3497 δι

122 3559 142 3591 ο,
155 3559 202 3590 m,
217 3560 310 3592 omns,
332 3559 367 3594 ut
829 3545 851 3595 S
