2356 3870
292 194 391 250 coint.
409 194 449 250 Vl.
472 193 540 249 CAP.
557 195 828 252 xxxx-xxxxiiii.
973 197 1032 260 125

69 357 300 426 contenderent,
328 366 360 417 ut
384 376 437 436 spe
464 357 665 434 consequendi
690 356 779 417 udata
805 363 893 435 atque
919 359 1032 418 infinbo
1048 365 1064 416 o

69 440 173 501 labore
188 448 346 520 suscepto,
370 443 420 517 qui
435 459 467 500 se
487 459 631 502 summam
646 441 683 500 ab
698 442 823 502 Caesare
838 441 962 519 gratiam
975 443 1032 501 ini-

70 534 155 585 turos
168 533 317 603 putarent,
332 543 427 602 paene
448 534 583 585 naturam
605 525 702 584 studio
717 527 883 595 vincerent,
901 543 1033 603 semper·

70 626 129 684 que
149 608 273 687 paulum
294 607 330 667 ad
351 626 495 668 summam
520 606 690 669 felicitatem
717 608 847 669 defuisse
873 608 1033 677 videretur,

70 703 160 768 atque
175 691 226 751 ille
247 690 369 752 latebris
384 698 434 752 aut
454 690 576 752 saltibus
591 708 623 751 se
639 693 770 770 eriperet
785 700 815 751 et
828 700 917 752 noctu
935 692 1032 752 occul·
1050 699 1066 750 o

70 783 149 836 tatus
165 775 236 835 alias
247 777 383 852 regiones
394 786 554 854 partesque
568 782 684 853 peteret
698 792 759 834 non
774 779 885 835 maiore
902 776 1034 852 equitum

69 858 219 937 praesidio
236 875 324 934 quam
335 867 484 935 quattuor,
501 858 608 934 quibus
619 857 689 918 solis
703 860 792 918 vitam
806 876 889 919 suam
901 860 1033 919 commit·

70 940 285 1002 tmeammbm.

135 1024 304 1084 XXXXllll.
342 1025 405 1085 Tali
426 1025 513 1091 modo
533 1027 651 1084 vastatis
676 1025 847 1102 regionibus
873 1027 1064 1085 exereituml

70 1108 179 1169 Cacsar
194 1108 319 1167 duamm
331 1107 497 1168 cohortium
508 1107 613 1168 damno
625 1108 859 1169 Durocortorum
872 1108 1034 1169 Remorum

70 1191 198 1259 reducit,
215 1190 400 1268 concilioque
414 1193 445 1251 in
457 1209 525 1251 eum
545 1190 644 1251 locum
660 1190 770 1252 Galliae
784 1193 893 1253 indicto
909 1191 945 1260 de
961 1209 1031 1250 con-

70 1276 218 1334 iuratione
229 1274 381 1335 Senonum
393 1283 422 1334 et
434 1275 595 1335 Carnutum
608 1277 809 1351 quaestionem
824 1275 934 1336 habere
948 1276 1032 1334 insti-

71 1357 1065 1437 tmmmnwmwwmmmmmmffimmgmmw

70 1443 217 1501 sententia
231 1444 420 1520 pronuntiata
435 1459 518 1502 more
539 1443 684 1502 maiorum
705 1442 882 1521 supplicium
897 1443 1031 1519 sumpsit.

71 1523 212 1585 Nonnulli
232 1524 374 1586 iudicium
394 1526 479 1584 veriti
498 1525 704 1603 profugerunt.
741 1525 854 1597 Quibus
875 1543 943 1587 cum
958 1529 1064 1601 aquati

71 1616 161 1684 atque
171 1609 233 1685 igni
243 1608 451 1676 interdixisset,
468 1608 540 1669 duas
551 1607 682 1685 legiones
693 1609 812 1669 adfines
823 1609 1031 1675 Treverorum,

71 1691 145 1751 duas
159 1693 190 1750 in
205 1691 394 1768 Lingonibus,
412 1709 464 1751 sex
478 1691 607 1767 reliquas
621 1693 652 1752 in
668 1691 819 1752 Senonum
834 1689 942 1752 linibus
956 1691 1031 1767 Age·

70 1773 150 1834 dinei
164 1773 338 1836 inhibernis
353 1775 514 1835 conlocavit
524 1776 732 1851 frumentoque
747 1775 890 1835 exercitui
903 1774 1031 1853 proviso,

71 1864 104 1916 ut
128 1858 312 1925 instituerat,
339 1860 369 1918 in
395 1857 507 1918 ltaliam
533 1858 568 1917 ad
594 1865 756 1918 conventus
782 1857 910 1935 agendos
931 1857 1030 1935 proie-

71 1948 136 2000 ctus
151 1949 198 2000 est

559 2082 562 2090 r

458 2092 651 2101 -----

300 2291 344 2374 d.
376 2295 497 2377 IULl
533 2294 828 2379 CAESARIS.

158 2479 249 2562 DE
291 2481 555 2564 BELLO-
594 2482 1009 2566 GALLIOO·

247 2669 599 2737 conmnurnnms
629 2673 857 2738 seramus

473 2842 630 2851 ——-—-.

413 2973 684 3035 ARGUMENTUM.

140 3101 187 3170 [A.
204 3103 239 3154 tt.
259 3101 289 3156 (l.
306 3099 451 3168 noctu]
471 3105 925 3171 BellumVercingetorigic.

137 3187 210 3236 Dum
229 3185 357 3238 Caesar
348 3201 378 3237 m
388 3186 474 3238 Italic
490 3191 624 3253 versatur,
643 3189 719 3240 Galli
729 3205 802 3240 nore
819 3189 852 3241 de
869 3189 943 3240 bello
963 3205 1026 3242 cou-

69 3253 137 3305 tilia
147 3255 258 3317 ineunt,
278 3269 301 3303 c.
313 3253 336 3303 Ι.
348 3253 433 3304 Primi
445 3253 593 3318 carnutes,
611 3255 708 3308 deinde
720 3255 836 3308 Arverni
847 3257 1028 3321 Vercingeto-

70 3323 130 3387 rige
143 3291 258 3370 auewre’
269 3320 441 3386 Biturigibus
453 3319 590 3371 adiunctis
602 3322 704 3372 bellum
715 3323 884 3388 suscipiunt,
896 3337 920 3373 c
929 3323 1025 3374 11-v

70 3386 177 3439 Caesar
186 3386 240 3438 de'
232 3389 380 3453 unprorieo
392 3386 528 3439 Arvernos
539 3388 647 3438 invadit
656 3393 684 3440 et
695 3390 832 3455 opprimit,
844 3404 867 3438 c.
877 3389 1025 3440 VI—VIII.

70 3453 148 3506 Boiis
160 3452 267 3504 auxilio
279 3455 420 3518 proiectus
432 3459 529 3506 contra
540 3455 812 3520 Vercingetorigem
804 3471 833 3505 ιιι
849 3456 949 3506 itinere
961 3456 1026 3506 Vel·
