2356 3870
268 188 384 244 INDEX
400 189 579 246 NOMINUM
595 190 644 245 ET
662 190 799 246 RERUM.
963 189 1028 256 191

59 328 158 398 oppidi
193 329 345 399 Hispaniae
387 331 523 387 citerioris
569 331 734 387 Gabinianis
751 332 888 388 militibus
906 333 1031 388 Alexan-

61 401 247 469 (Ilergetum),
274 401 389 456 clientes
421 402 522 456 Oscen·
567 402 645 456 driae
662 402 876 473 interficiuntur,
896 410 955 472 110,
975 412 999 458 6.

61 470 145 538 sium,
171 469 284 525 Caesari
302 488 331 526 se
350 472 469 541 dedunt,
493 471 521 526 C.
550 473 598 541 (b.)
617 475 655 541 α.)
674 471 727 527 Cn.
747 475 791 542 (-
805 473 859 528 Cn.
877 474 895 529 f.
915 473 968 529 Cn.
988 477 1030 542 n.)

60 542 145 608 1,60,
166 548 190 594 1.
447 549 448 552 ’
565 543 659 611 Piso,
688 543 762 597 filius
788 544 860 613 eius,
893 545 942 613 qui
972 545 1034 600 suit

42 610 203 679 Calenus,
222 631 248 666 v.
267 612 387 667 Fufius
405 615 451 682 2.).
566 613 677 683 legatus
696 616 726 667 et
742 617 926 683 proquaestor
944 615 1030 670 Pom·

42 681 158 736 Caleti
172 682 230 736 sive
241 683 521 750 -tes‚eivitasAre-
566 684 624 752 pei,
644 684 842 753 Pompeianus,
867 702 931 739 cum
948 686 1028 741 Mau-

61 752 167 806 morica
180 751 289 806 Galliae
305 753 445 834 Belgicae,
464 770 521 808 cer·
566 753 605 808 ris
622 754 763 822 equitibus
777 756 961 810 Adrumetum
978 774 1030 827 pe-

60 827 123 876 tum
153 840 299 877 numerum
321 824 453 879 ‚militum
485 824 522 879 ad
565 825 617 891 tit,
640 825 747 892 Afra,
768 830 796 890 1,
828 843 891 879 cum
915 827 1031 881 Petreio

60 893 168 947 bellurn
184 894 328 965 Belginum
346 894 523 963 pollicentur,
567 894 672 948 auxilia
689 895 812 950 Labieno
836 895 951 951 adducit
970 897 1031 950 Ru-

62 964 95 1018 G.
114 965 153 1032 II,
173 969 202 1032 4,
222 972 252 1031 9,
274 964 343 1019 item
361 966 398 1019 ad
416 965 522 1020 bellurn
567 965 685 1034 spinam,
706 971 787 1034 1a,1.

61 1034 254 1103 Vercingetori
277 1034 312 1102 ‘s,
345 1035 410 1103 VII,
435 1041 480 1101 75,
505 1042 523 1089 4
549 1037 593 1104 (c.)
617 1037 653 1107 β.)
676 1035 708 1089 L.
727 1040 791 1104 (-)
813 1035 893 1091 Piso
915 1037 1032 1119 legatus

63 1107 181 1171 (-es);
209 1106 248 1159 Be
271 1121 420 1160 ovacerum
446 1105 522 1175 socii,
567 1106 598 1160 L.
622 1105 701 1160 Cassi
729 1122 747 1160 a
774 1106 915 1176 Tigurinis
942 1113 1027 1161 mter·

62 1175 137 1242 VIII,
158 1180 182 1242 7,
201 1181 227 1230 4.
567 1175 673 1244 ficitur,
695 1174 728 1230 G.
746 1177 773 1245 Ι,
793 1183 840 1246 13,
859 1182 884 1231 7.
903 1209 936 1218 -
960 1178 1032 1232 Eius

43 1242 82 1300 Μ.
103 1244 259 1300 Calidius
277 1247 371 1300 orator
398 1246 523 1301 Caesaris
567 1262 654 1315 nepos

63 1315 289 1385 studiosissimus,
299 1317 328 1370 in
339 1288 523 1371 121212Ρο21-
552 1317 707 1386 (111)-
731 1318 776 1386 (-
794 1317 826 1372 L.
844 1318 863 1372 l.
884 1319 915 1372 L.
935 1321 974 1387 n.)
992 1350 1033 1359 -

62 1387 158 1456 peium
172 1387 234 1440 vult
246 1386 277 1440 in
290 1386 447 1455 provincias
460 1405 524 1442 suas
568 1387 802 1456 (Caesoninus)
827 1404 904 1443 socer
927 1389 1027 1443 Caesa·

64 1455 233 1526 (Hispanias)
251 1457 397 1527 proficisci,
416 1457 446 1512 C.
460 1459 481 1534 1,
499 1465 523 1527 2,
567 1457 619 1526 ris,
642 1457 739 1512 consul
761 1475 824 1512 crim
846 1459 880 1513 A.
899 1459 1033 1527 Gabinio,

63 1533 142 1581 3-5.
569 1544 625 1597 qno
640 1544 713 1582 anno
726 1528 904 1584 Helveticum
922 1531 1029 1584 bellum

46 1597 230 1667 Callippus
248 1597 412 1667 Cyzicenus,
435 1600 524 1654 astro-
569 1598 688 1720 peritur,
711 1597 743 1651 G.
762 1599 788 1666 I,
815 1605 844 1667 6,
863 1606 893 1666 4,
926 1600 1032 1654 Caesar

64 1669 159 1738 Iogus,
197 1668 348 1722 seeundum
380 1684 464 1736 quern
496 1671 525 1723 et
594 1667 711 1737 igurinis
734 1668 771 1721 ad
788 1668 900 1723 Ararim
919 1671 947 1724 fl.
964 1687 1028 1740 pro·

65 1738 211 1792 Caesarem
225 1739 401 1793 Ptolemaeus
415 1739 526 1793 notavit
569 1737 674 1808 fligatis
688 1737 734 1791 avi
748 1737 807 1792 eius
822 1740 869 1810 (β.)
883 1739 1032 1794 interitum

56 1809 242 1878 tempestatis
259 1809 282 1862 si
323 1824 348 1876 a,
366 1809 410 1862 Fr.
425 1827 452 1878 p.
464 1816 524 1863 130,
569 1807 726 1876 ulciscitur,
751 1814 797 1876 12,
817 1814 846 1873 7,
874 1825 972 1864 censor
998 1811 1032 1864 in

65 1898 91 1932 v.
103 1885 146 1947 20,
165 1879 199 1933 de
218 1879 264 1933 III.
311 1895 355 1933 on.
375 1879 440 1934 Dec.
460 1897 524 1934 cum
570 1880 668 1933 senatu
682 1876 869 1933 seCaesarem
883 1878 1033 1935 certiorem
1144 1893 1145 1896 ’

66 1949 183 2003 Caesare
201 1949 349 2018 consentit,
365 1949 404 2004 ib.
420 1967 448 2019 p.
464 1955 524 2005 132.
568 1949 752 2002 facturumde
767 1951 1033 2008 senatusconsultis

66 2025 135 2074 extr.
568 2019 725 2088 pollicetur,
744 2018 773 2074 C.
792 2019 813 2088 I,
832 2024 857 2085 3,
876 2027 906 2087 6,
930 2020 1030 2075 Caesa·

48 2093 97 2160 (a.)
115 2091 152 2144 M.
172 2090 400 2159 (Calpurnius)
423 2091 524 2147 Bibii·
569 2089 607 2144 ris
639 2091 676 2143 ad
707 2106 772 2146 eum
804 2090 942 2159 epistulae
973 2091 1031 2146 fra·

66 2162 119 2215 lus
142 2165 207 2216 ante
230 2162 336 2216 bellum
358 2161 440 2216 civile
462 2179 525 2232 pro·
570 2160 971 2231 gmentum,l'r.p.146.v.13.
987 2180 1034 2231 sq.

67 2232 164 2286 consul
192 2231 301 2302 Syriae,
331 2231 525 2302 Pompeianus,
553 2233 599 2300 (e.)
617 2228 823 2300 Calpurnius
847 2231 1035 2287 Salvianus,

66 2318 152 2373 penes
174 2320 258 2371 quern
281 2305 325 2358 est
349 2320 457 2358 summa
473 2304 525 2358 im·
570 2301 602 2366 Q.
617 2301 743 2357 Cassium
761 2301 919 2372 Longinum
937 2303 967 2356 in
981 2303 1032 2356 Hi·

66 2373 139 2443 perii
156 2374 253 2428 classis
278 2373 476 2442 Pompeianae,
495 2373 525 2428 C.
572 2371 671 2441 spania
703 2371 829 2426 occidere
865 2370 1035 2440 prohibitus,

67 2446 121 2512 III,
140 2449 166 2511 5,
183 2450 214 2512 4,
239 2442 388 2512 Corcyram
405 2444 527 2497 insulam
571 2442 615 2494 AI.
635 2448 682 2510 53,
701 2447 730 2508 2,
762 2442 936 2496 excruciatus
967 2459 1030 2497 cum

67 2516 154 2581 tenet,
171 2529 232 2567 sero
245 2515 395 2582 proiectus,
413 2515 445 2566 ut
459 2512 527 2567 Cae·
570 2512 664 2579 plures
677 2511 836 2566 coniuratos
850 2512 1036 2582 nominasset,

69 2599 159 2637 sarem
182 2582 287 2637 milites
310 2598 446 2650 exponere
464 2598 527 2653 pro·
571 2581 692 2651 pecunia
709 2598 739 2636 se
758 2598 776 2636 a
799 2581 937 2651 supplicio
959 2581 1034 2636 redi·

68 2654 191 2720 biberet,
211 2659 245 2720 7.,
269 2653 347 2707 XXX
365 2652 423 2708 eius
442 2669 528 2707 naves
571 2651 633 2721 mit,
652 2658 695 2719 55,
713 2659 738 2707 3.
758 2659 782 2707 5.

69 2724 167 2776 inanes
190 2722 323 2792 incendit,
342 2730 367 2791 8,
384 2725 425 2791 3(,
443 2723 528 2777 litora
555 2721 730 2791 Calvinus,
753 2741 780 2778 v.
798 2721 968 2778 Domitius
986 2725 1034 2792 (e.)

70 2793 206 2861 custodit,
220 2793 304 2862 ibn),
322 2793 408 2848 Ieius
427 2810 528 2848 navem
555 2792 584 2848 C.
604 2792 777 2847 Calvisius
797 2793 944 2847 Sabinus
963 2791 1031 2847 Cae·

71 2863 148 2917 Orici
171 2866 326 2934 expugnat,
353 2869 400 2932 14,
419 2866 460 2934 2(,
478 2863 528 2933 qui
573 2863 700 2918 serianus
723 2863 836 2918 Aetolia
857 2863 977 2932 potitur,
1001 2862 1034 2916 C.

70 2936 99 2988 in
119 2951 153 2988 ea
171 2938 250 3002 sunt,
267 2934 411 3002 interficit,
430 2935 468 2990 ib.
487 2937 527 3004 3),
572 2934 624 3003 111,
642 2939 685 3002 34,
704 2940 728 2988 2.
753 2940 796 3001 35,
817 2939 841 3002 1,
863 2932 967 2988 Caleno
984 2935 1033 2988 ad·

69 3010 146 3060 terra
177 3022 195 3060 a
222 3005 340 3060 Caesare
370 3004 528 3075 prohibitus
571 3005 683 3060 iunctus
701 3004 732 3058 in
747 3004 884 3058 Achaiam
894 3003 1035 3071 mittitur,

71 3093 134 3130 eum
148 3076 302 3131 Libonese
320 3075 473 3158 coniungit,
486 3076 529 3130 in·
574 3077 657 3144 (quae
679 3074 837 3144 recipitur,)
856 3080 900 3142 53,
915 3081 938 3128 1.
949 3081 973 3128 2.
985 3076 1036 3143 (3.)

71 3147 164 3202 dutiae
191 3164 209 3201 a
232 3146 350 3201 Caesare
376 3149 461 3228 petit,
487 3152 528 3215 15,
556 3145 693 3213 Calvus,
711 3163 738 3199 v.
757 3144 910 3199 licinius
928 3147 976 3213 (a.)

73 3226 96 3272 1.
116 3225 132 3273 6
151 3220 238 3286 1-3),
267 3217 438 3286 colloquium
465 3232 529 3272 cum
556 3215 721 3285 Calydon,
766 3215 854 3282 onis,
899 3214 1035 3284 oppidum

71 3288 188 3344 Caesare
215 3287 301 3357 vitat,
326 3294 371 3357 16,
394 3295 418 3342 2.
438 3293 467 3357 3,
499 3288 529 3342 in
572 3285 700 3341 Aetoliae
727 3302 746 3340 a
773 3283 893 3340 Calvisio
918 3285 1033 3355 Pompei

72 3361 161 3413 classe
195 3359 326 3427 moritur,
363 3364 409 3427 18,
439 3364 452 3412 1
477 3360 529 3427 (2),
574 3356 713 3482 praesidio
727 3371 817 3411 vacua
833 3355 983 3424 invenitur,
1002 3355 1034 3410 Ο.

71 3431 133 3499 ipse
151 3431 299 3498 proconsul
317 3446 335 3484 a
351 3429 463 3484 Parthis
481 3431 530 3484 ob·
587 3429 621 3496 ΙΙ,
636 3433 715 3496 35,1.

70 3501 192 3569 sidetur,
215 3506 262 3570 31,
286 3507 315 3570 3,
347 3500 398 3555 filii
425 3501 486 3555 eius
512 3515 531 3554 2
558 3498 708 3571 Calypso
729 3496 979 3569 nymphaeum
995 3508 1052 3542 uo·
