2356 3870
391 229 468 285 oAP.
482 228 739 285 XXXX-XXXX.
980 221 1041 285 1l5

79 389 140 452 tes,
165 398 240 458 quae
263 379 300 440 ad
322 379 563 458 persequendum
580 380 694 442 ,missae
710 386 824 448 essent,
847 377 1041 456 speculatori·

78 465 137 525 bus
165 465 337 525 antemissis
366 467 510 524 certiores
540 465 629 525 fiunt:
664 465 743 524 diem
771 472 802 523 ct
833 470 952 523 noctem
984 463 1042 521 iter

78 551 204 610 faciunt.
249 548 410 626 Pompeius
432 549 559 609 bumero
581 554 610 607 et
632 550 755 608 sinistro
778 564 866 608 crure
883 547 1040 607 vehemen·
1062 552 1077 601 2

80 643 127 694 ter
150 642 213 694 erat
236 636 367 693 saucius.
410 633 476 694 lluc
499 631 675 700 accedebat,
703 641 738 692 ut
759 632 849 692 etiam
878 632 972 691 talum
994 633 1041 690 in·

82 720 233 786 torsisset;
258 734 406 795 quaeres
429 718 557 777 maxime
578 715 771 793 impediebat.
816 714 859 774 lta
882 714 988 776 lectica
1004 713 1041 774 od

79 811 196 862 turrem
219 820 287 861 cnm
310 809 389 860 esset
411 801 543 870 adlatus,
567 802 599 859 in
616 818 651 859 ea
666 799 838 860 tenebatur.
882 798 1041 860 Lusitanus
1063 806 1078 854 3

80 903 164 945 more
186 885 326 953 militari,
357 902 426 944 cum
449 903 464 943 a
488 884 623 945 Caesaris
653 883 805 962 praesidio
833 882 940 943 fuisset
970 900 1041 942 con⁴

81 978 217 1047 spectus,
247 969 389 1030 celeriter
411 970 545 1047 equitatu
572 967 806 1046 cohortibusque
829 965 1042 1028 circumcludi·
1067 1000 1077 1008 -

81 1064 141 1114 tur.
191 1053 264 1114 Erat
298 1070 436 1113 accessus
469 1052 528 1112 loci
562 1051 766 1114 difficillimus.
821 1051 895 1112 Nam
928 1051 1081 1111 idcircor

82 1135 222 1216 [propter
244 1154 299 1196 suo
320 1136 472 1214 praesidio
495 1138 601 1197 fuisset
623 1145 801 1214 conspectus
824 1136 966 1196 celeriter
992 1131 1042 1211 ad]

81 1225 232 1281 munitum
252 1220 351 1281 locum
366 1227 473 1280 natura
489 1228 611 1298 ceperat
625 1219 685 1280 sibi
700 1220 869 1298 Pompeius,
892 1227 925 1280 ut
940 1237 1043 1299 quam·

81 1309 127 1364 vis
148 1322 255 1380 magna
277 1304 469 1364 multitudine
485 1303 615 1365 deducto
634 1308 730 1380 pauci
750 1305 888 1364 homines
903 1322 939 1363 ex
955 1322 1042 1381 supe·

82 1392 163 1449 riore
193 1388 260 1448 loco
288 1387 450 1449 defendere
477 1395 609 1467 possent.
661 1387 829 1448 Subeuntes
856 1391 888 1447 in
916 1388 1044 1448 adventu

82 1470 180 1533 nostri
201 1472 394 1551 depelluntur
418 1471 499 1552 [qui]
523 1473 601 1533 telis.
645 1472 762 1543 Quibus
789 1472 966 1533 cedentibus
988 1482 1079 1532 cti-o

83 1557 183 1634 pidius
205 1556 443 1635 insequebantur
465 1557 626 1616 adversarii
648 1566 678 1616 et
700 1557 856 1616 confestim
883 1555 1043 1616 tardabant

83 1641 120 1700 ab
144 1659 276 1718 accessu.
320 1640 384 1700 lloc
406 1643 525 1717 saepius
549 1641 630 1700 facto
653 1638 961 1707 animadvertebatur,
992 1657 1044 1698 no-

84 1736 147 1785 stro
161 1743 268 1802 magno
291 1725 321 1784 id
344 1726 410 1785 fieri
432 1724 579 1802 periculo.
624 1723 722 1800 Opere
744 1725 980 1783 circummunire
998 1725 1043 1781 in·
1066 1733 1082 1779 o

85 1812 228 1879 stituunt;
270 1810 334 1886 pari
371 1817 469 1868 autem
507 1817 536 1869 et
573 1807 666 1868 celeri
702 1807 894 1867 festinatione
930 1808 1044 1866 circum

84 1895 267 1954 munitiones
289 1896 359 1970 iugo
381 1893 531 1970 dirigunt,
560 1899 592 1952 ut
621 1909 715 1970 aequo
742 1889 818 1969 pede
847 1909 915 1950 cum
942 1889 1045 1950 adver·

85 1979 172 2037 sariis
194 1977 338 2054 congredi
360 1985 492 2055 possent.
536 1975 692 2055 liquibus
714 1992 782 2035 cum
808 1974 1046 2034 animadversum

85 2070 179 2128 esset,
203 2065 274 2138 fuga
297 2061 356 2121 sibi
379 2061 563 2139 praesidium
585 2062 717 2138 capiunt.

148 2145 316 2205 XXXVllll.
369 2146 543 2222 Pompeius,
576 2153 611 2205 ut
643 2162 733 2224 supra
766 2144 1043 2212 demonstravimus,
1069 2157 1080 2201 1

86 2232 205 2290 saucius
228 2239 258 2290 et
290 2232 401 2290 intorto
435 2229 493 2288 talo
521 2229 636 2290 ideirco
663 2228 837 2289 tardabatur
862 2229 898 2289 ad
927 2230 1045 2306 fugien-

86 2315 172 2384 dum,
204 2316 335 2391 itemque
368 2321 492 2391 propter
524 2313 582 2373 loci
614 2313 820 2374 difficultatem
845 2331 941 2391 neque
970 2330 1046 2390 equo

85 2416 183 2477 neque
207 2397 342 2459 vehiculo
371 2398 459 2457 saluti
483 2415 553 2457 suae
580 2397 762 2474 praesidium
790 2415 897 2475 parare
920 2404 1045 2475 poterat.
1140 2465 1143 2472 Ι

85 2482 198 2542 Caedes
225 2501 241 2542 a
269 2480 540 2558 nostrislundique
573 2479 849 2541 administrabatur.
901 2479 1045 2541 Conclusa
1067 2490 1083 2538 2

85 2568 252 2625 monitione
275 2565 450 2642 amissisque
473 2565 592 2625 auxiliis
614 2564 650 2624 ad
679 2563 842 2626 convallem
865 2582 1045 2643 exesumque

86 2649 186 2709 locum
208 2652 240 2709 in
263 2649 434 2726 speluncam
456 2648 616 2727 Pompeius
639 2667 670 2709 se
693 2648 844 2709 occultare
872 2651 986 2726 coepit,
1015 2656 1048 2708 ut

86 2753 102 2792 a
125 2736 239 2792 nostris
255 2750 314 2792 non
335 2733 423 2793 facile
447 2735 633 2792 inveniretur
647 2734 706 2793 nisi
723 2735 907 2809 captivorum
922 2732 1046 2791 indicio.

86 2816 129 2876 lta
152 2815 195 2876 ibi
218 2818 408 2876 interficitur.
453 2815 527 2876 Cum
549 2816 658 2877 Caesar
679 2814 813 2876 Gadibus
841 2816 964 2884 fuisset,
993 2815 1083 2875 Hbs
1170 2816 1173 2821 ’

86 2900 194 2979 spalim
216 2912 252 2958 11.
265 2899 308 2959 ld.
331 2900 425 2978 April.
449 2907 538 2977 caput
560 2899 682 2960 allatum
705 2907 735 2958 et
757 2899 867 2977 populo
886 2898 987 2959 datum
1003 2907 1048 2960 est

87 2989 118 3045 in
142 2993 345 3061 conspectum.

149 3068 265 3128 XXXX.
310 3067 472 3129 lnterfecto
495 3067 547 3132 Cn.
563 3067 706 3144 Pompeio
729 3068 1045 3136 adulescentellidius.
1070 3077 1082 3124 1

86 3171 173 3231 quem
198 3172 288 3232 supra
310 3153 591 3222 demonstravimus,
615 3153 667 3214 illa
683 3152 817 3214 adfectus
840 3154 955 3214 laetitia
977 3172 1046 3232 pro-

86 3241 165 3298 ximo
182 3256 213 3298 se
236 3240 353 3315 recepit
374 3237 496 3298 castello
512 3237 729 3315 nonnullasque
745 3255 835 3298 naves
850 3236 887 3296 ad
909 3239 1046 3298 reficien-

87 3323 157 3381 dum
180 3322 321 3382 subduxit
344 3331 388 3391 et,
413 3324 548 3402 quamvis
562 3325 636 3382 satis
655 3328 738 3382 tutae
752 3329 877 3390 essent.x
892 3320 1047 3382 brachium

86 3407 130 3463 ud
149 3422 201 3466 eos
216 3409 312 3470 duxit.
355 3406 500 3475 Lusitani,
519 3409 624 3485 quiex
646 3422 745 3484 pugna
762 3406 991 3484 superfuerunt,
1012 3405 1053 3461 ad
1068 3414 1092 3456 ‘c

85 3492 205 3568 signum
229 3509 260 3552 se
283 3499 464 3570 receperunt
487 3498 517 3552 et
539 3490 617 3553 bene
637 3507 752 3570 magna
769 3508 871 3552 manu
893 3490 1081 3558 cummim

835 3585 875 3636 gb·-
