2356 3870
52 251 55 261 ,
155 187 216 250 124
479 146 483 151 ’
546 184 719 243 cassian

153 346 184 404 in
199 347 305 403 senatu
319 340 350 402 0.
364 341 522 403 Memmius
538 344 569 399 et
581 339 615 400 L.
629 339 776 398 Domitius
794 341 956 414 praetores,
979 341 1011 399 at
1024 340 1127 416 ipsius

155 432 290 492 Caesaris
313 431 463 490 orationes
487 430 589 489 contra
611 429 665 486 hos
679 430 794 500 extant,
817 429 924 503 quibus
939 429 969 486 et
983 445 1039 486 sua
1052 432 1129 488 acta

155 519 286 579 defendit
300 523 330 578 et
343 519 410 577 illos
423 519 594 577 insectatur.
609 548 650 557 -
665 518 697 574 ire
711 514 769 575 Oia
781 515 829 574 Or.
843 519 876 574 ire
891 515 985 575 Vatia.
994 534 1029 590 p.
1045 513 1126 576 317.

156 606 350 667 Commiserat
373 606 489 665 senatui
512 622 631 664 cansam
654 621 737 662 suam
757 603 788 662 0.
803 601 924 677 Caesar,
947 603 978 662 id
1002 607 1061 678 est,
1088 609 1126 664 nt

155 697 192 754 de
214 695 281 770 lege
294 695 412 771 agraria
424 696 526 770 patres
539 693 711 752 iudicarent.
743 691 790 750 Ibi
812 693 891 751 enim
913 692 1032 752 habitae
1049 696 1127 753 sunt

156 787 217 842 tres
240 784 309 843 illae
332 784 480 843 orationes
503 784 605 847 contm
627 780 790 839 Domitium
813 783 844 838 et
865 781 1046 839 Memmium.

172 896 268 933 enarro
285 896 355 934 uon
372 896 477 932 ammas
494 895 522 929 1n
540 893 636 930 armen
653 893 760 929 nnnrrs.
794 874 884 944 [aa.
898 874 1102 946 c.Dccv111.]

221 955 297 1014 Soet.
311 956 350 1013 D.
364 956 423 1014 Iul.
439 956 489 1012 66.
527 983 569 992 —-
584 971 651 1011 cum
673 952 837 1028 expectatio
859 953 1004 1036 adventus
1026 951 1125 1012 Iubae

156 1044 300 1103 terribilis
324 1047 416 1115 esset,
444 1042 610 1100 convocatis
637 1040 676 1097 ad
703 1041 869 1099 contionem
891 1041 1035 1099 militibus
1057 1040 1124 1101 Sci·

156 1135 223 1197 tote,
253 1131 364 1206 inquit,
395 1131 585 1205 parcissimis
614 1129 661 1188 tis
691 1128 791 1187 diebus
821 1145 916 1202 repere
947 1129 1124 1202 afuturam

157 1236 222 1278 eum
237 1217 270 1276 X
289 1219 459 1292 iaceam,
483 1219 609 1290 esaiam
628 1214 730 1284 XXX,
755 1217 824 1275 levis
846 1221 1013 1275 armaturae
1028 1214 1123 1277 Omi-

157 1306 245 1373 iibrrs,
274 1307 434 1380 elephantis·
453 1303 535 1364 000.
580 1304 708 1364 Proinde
729 1305 864 1363 maort
888 1305 1006 1377 pridem
1033 1322 1125 1377 qaae-

156 1411 221 1453 rere
245 1394 325 1453 uitre
347 1399 399 1454 eat
425 1395 554 1466 opinari,
581 1393 718 1466 mitique,
746 1394 796 1466 qai
822 1396 995 1465 eornpertrrrn
1020 1392 1123 1462 babeo,

158 1483 292 1552 emera·
325 1487 377 1541 cal
402 1482 516 1555 quaer
546 1483 740 1542 onenariae
769 1497 844 1540 aare
873 1482 1021 1554 impositos
1051 1499 1124 1554 qao·

158 1586 276 1644 nemeae
296 1574 378 1630 reato
399 1573 433 1629 in
454 1586 646 1643 paasermqrre
668 1573 761 1629 terres
782 1569 882 1628 iubebo
904 1568 994 1628 avehi

322 1683 391 1720 aral>
409 1682 513 1718 aranas
530 1683 565 1716 DE
584 1680 718 1718 connoms
735 1682 825 1718 nonnil
842 1681 947 1717 ORATIO.

223 1741 356 1802 Diemed.
382 1740 449 1801 Aer.
478 1740 609 1801 Gramen.
635 1758 669 1814 p.
698 1744 771 1801 395.
806 1739 840 1799 P.
876 1739 1023 1811 (Graecam.
1050 1740 1123 1802 Lat.

158 1829 200 1889 erl.
222 1830 297 1889 Keil.
320 1831 349 1888 I.
366 1848 399 1903 p.
424 1829 512 1903 400.)
560 1829 686 1888 Frastro
707 1830 751 1887 ait
773 1826 805 1886 0.
834 1825 942 1886 Caesar
964 1829 1043 1904 apud
1065 1831 1122 1888 mi·

158 1917 226 1976 lites
250 1918 286 1976 de
309 1919 468 1977 commodis
497 1935 612 1976 eorum:
657 1915 726 1976 Nero
752 1917 899 1989 frustrare
921 1934 984 1983 ros,
1007 1918 1122 1978 milites.

152 2043 156 2052 ·
224 1997 397 2083 (Praeterea
409 2006 556 2065 orationes
570 2022 589 2061 a
602 2003 736 2063 Caesare·
750 2005 869 2064 habitae
891 2005 1061 2064 referuntur
1083 2007 1125 2066 de

157 2088 192 2149 Β.
207 2091 241 2151 a.
255 2093 279 2164 1,
302 2095 353 2153 40.
368 2096 419 2151 43.
434 2095 485 2151 45.
508 2091 575 2163 vn,
590 2093 640 2165 52,
656 2095 706 2151 54.
716 2093 752 2151 ee
762 2093 796 2151 Β.
817 2091 848 2152 e.
867 2093 890 2166 1,
914 2097 942 2152 7.
959 2096 986 2152 a
1002 2095 1052 2154 aa.
1068 2097 1123 2154 ss.

157 2176 212 2252 ΠΙ,
227 2182 255 2238 o.
276 2182 326 2239 75.
354 2180 388 2238 Β.
402 2181 450 2238 41.
466 2183 494 2239 e.
510 2182 560 2238 70.
588 2179 622 2238 Β.
636 2180 700 2239 ΑΒ.
716 2183 767 2254 54,
783 2182 878 2240 2-5.
900 2181 935 2239 Β.
949 2180 1033 2255 ffisp.
1053 2176 1122 2262 42.)

342 2291 364 2331 e.
395 2275 540 2330 Orationes
556 2276 655 2330 inuria
674 2275 789 2332 Caesari
805 2276 932 2331 tralatae.

225 2364 339 2428 &cetea
352 2368 392 2426 D.
406 2368 465 2428 lar.
481 2370 531 2427 55.
568 2365 723 2428 Orationes
745 2371 860 2445 aliquas
882 2369 1016 2444 reliquit,
1042 2371 1125 2430 inter

160 2474 234 2532 quas
256 2460 368 2516 temero
381 2457 527 2532 quaedam
548 2457 691 2516 feruntur.
727 2457 787 2516 Pro
811 2458 914 2532 Quinte
927 2458 1043 2517 Metelle
1061 2477 1123 2534 non

159 2546 307 2604 immerito
330 2545 486 2620 Augustus
509 2546 659 2604 existimat
684 2546 780 2620 magis
807 2547 846 2605 ab
873 2546 1013 2604 actuariis
1041 2565 1123 2606 exee-

160 2636 242 2708 ptam
273 2633 352 2691 male
384 2634 632 2708 subsequentibus
662 2634 754 2693 verba
789 2634 926 2706 dicentis,
962 2651 1052 2709 quarn
1084 2637 1127 2694 ab

160 2721 225 2796 ipso
253 2721 376 2780 editam:
403 2738 473 2778 nam
500 2721 531 2779 in
559 2721 734 2796 quibusdam
762 2722 977 2796 exemplaribus
1004 2723 1125 2781 invenio

160 2829 198 2869 ne
224 2810 396 2885 inscriptam
425 2809 544 2884 quidem
566 2828 625 2882 pro
647 2809 777 2876 Metello,
810 2810 862 2868 sed
893 2828 981 2882 qaam
1007 2813 1127 2884 scripsit

160 2898 290 2965 Metello,
318 2917 385 2956 eum
413 2916 448 2957 ex
474 2915 600 2972 persona
624 2896 758 2957 Caesaris
781 2916 876 2956 sermo
905 2899 945 2957 sit
968 2898 1125 2957 Metellum

162 3004 252 3061 seque
275 2985 416 3044 adversus
439 2986 637 3043 communium
652 2987 883 3045 obtrectatorum
904 2986 1128 3046 criminationes

160 3075 325 3149 purgantis.
370 3073 462 3147 Apud
482 3075 586 3132 milites
609 3092 726 3149 quoque
748 3077 781 3132 iro
794 3074 943 3147 Hispania
965 3075 1044 3132 idem
1064 3076 1126 3134 An-

161 3166 267 3236 gustus
282 3163 409 3221 esse.vix
431 3162 522 3236 ipsius
546 3165 645 3236 putat,
668 3179 744 3238 quae
766 3165 867 3221 tamen
886 3162 994 3237 duplex
1015 3163 1127 3222 fertur:

161 3266 221 3307 una
244 3251 330 3325 qnasi
352 3252 449 3324 priore
471 3249 574 3308 habita
595 3251 722 3325 proelio,
744 3251 839 3308 altera
861 3251 1038 3325 posteriore,
1067 3271 1129 3327 qno

161 3337 283 3396 Asinius
305 3337 400 3397 Pollio
422 3357 461 3396 ne
488 3341 605 3413 tempus
629 3338 748 3414 quidem
771 3339 959 3397 contionandi
986 3339 1129 3400 habuisse

161 3444 229 3485 eum
252 3426 324 3484 dicit
347 3427 445 3485 subita
467 3426 597 3484 hostium
620 3426 793 3485 incursione.
809 3457 849 3467 —
866 3419 963 3506 (Quae
985 3446 1004 3485 a
1026 3447 1127 3488 reeen-

153 3515 282 3578 tiorr'bns
296 3514 374 3576 falso
389 3515 447 3576 huc
460 3515 560 3575 relata
572 3515 684 3590 sinas.
695 3511 773 3572 (lui.
783 3515 840 3572 la.
851 3534 881 3589 p.
891 3517 963 3574 994.
977 3535 1022 3575 nr.
1038 3519 1067 3576 2.
1083 3510 1129 3599 4.)
