2356 3870
338 226 472 283 1111111.
489 225 826 283 clnxxxx-xxxxfl.
902 278 907 285 ,
1018 225 1059 286 23
1155 273 1156 276 ,

97 389 153 452 dor
175 398 266 466 atque
287 388 416 449 officium
437 407 474 449 an
495 390 584 449 timor
604 386 724 448 valeret.
763 388 848 459 Quod
863 389 888 448 si
902 397 1057 466 praeterea
1069 386 1102 444 1⁵

97 492 187 535 nemo
202 480 354 549 sequatur,
367 482 467 533 tamen
483 490 515 533 se
526 490 594 533 oum
609 471 671 532 sola
686 471 798 531 decima
810 472 925 549 legione
936 473 1058 539 iturum,

97 557 133 617 de
149 573 285 633 quanm
307 555 469 625 dubitaret,
491 556 606 633 sibique
628 573 692 615 eam
712 557 891 634 praetoriam
906 553 1059 615 cohortem

96 641 241 701 futuram.
279 638 356 699 Huic
375 637 485 717 legioni
500 639 607 700 Caesar
629 646 658 698 et
671 638 835 699 indulserat
855 641 1014 718 praecipue
1030 647 1060 697 et

97 732 224 803 propter
239 723 380 783 virtutem
394 721 560 783 confidebat
574 724 709 781 maxime.

58 872 67 892 ο
153 805 291 866 *xxm
307 804 370 866 Hae
383 807 517 866 oratione
531 804 628 866 habita
640 808 749 865 mirum
760 806 791 865 in
803 805 923 865 modum
937 822 1059 865 conver·
1077 811 1090 860 1

95 907 147 950 sae
162 898 235 949 sunt
249 890 382 949 omnium
396 900 512 949 mentes
527 905 700 964 summaque
721 887 856 948 alacritas
872 896 901 947 et
916 888 1060 966 cupiditas

95 971 168 1034 belli
183 971 308 1049 gerendi
322 974 422 1032 innata
437 982 491 1040 est,
507 973 707 1050 princepsque
718 971 831 1032 decima
845 972 922 1048 legio
937 989 992 1051 per
1007 973 1060 1030 tri·
1075 977 1093 1026 2

95 1054 195 1116 bunos
209 1053 338 1116 militum
353 1057 381 1115 11
394 1056 503 1132 gratias
519 1057 593 1133 egit,
615 1055 693 1132 quod
714 1053 751 1114 de
771 1073 804 1115 se
825 1057 968 1134 optimum
983 1055 1059 1115 iudi·

97 1141 178 1199 cium
192 1140 326 1207 iecisset,
348 1156 441 1216 seque
463 1156 528 1200 esse
548 1139 585 1198 ad
599 1137 710 1198 bellum
730 1139 894 1216 gerendum
908 1140 1059 1218 paratissi-

95 1239 177 1284 mam
192 1222 386 1283 conllrmavit.
423 1221 536 1283 Deinde
550 1221 683 1299 reliquae
697 1221 829 1298 legiones
850 1241 917 1282 cum
932 1222 1061 1282 tribunis
1076 1227 1093 1278 1

95 1305 226 1367 militum
242 1314 272 1365 et
285 1307 450 1386 primorum
466 1305 604 1366 ordinum
621 1304 843 1365 centurionibus
860 1315 998 1382 egerunt,
1017 1307 1061 1364 uti
1131 1360 1135 1373 ,

96 1388 218 1450 Caesari
232 1390 453 1449 satisfacerent:
476 1405 620 1465 seneque
635 1383 776 1464 umquam
797 1387 947 1449 dubitasse
962 1405 1060 1464 neque

95 1473 244 1540 timuisse,
256 1488 354 1555 neque
365 1471 402 1532 de
418 1489 532 1532 summa
543 1470 614 1532 helli
628 1489 715 1532 suum
730 1470 880 1541 iudicium,
897 1472 949 1532 sed
963 1473 1057 1550 impe·

95 1556 207 1614 ratoris
222 1572 289 1615 esse
304 1556 526 1615 existimavisse.
555 1555 667 1615 Eorum
681 1555 881 1615 satisfactione
896 1565 1015 1632 accepta
1032 1562 1091 1614 111

95 1639 206 1698 itincre
227 1639 372 1714 exquisito
393 1654 448 1715 per
468 1637 655 1706 Divitiacum,
678 1637 758 1713 qnod
778 1655 815 1697 ex
836 1636 899 1696 aliis
920 1639 1059 1697 11111111-

96 1738 176 1780 mam
191 1718 281 1779 fldem
295 1718 437 1788 babebat,
460 1729 493 1779 ut
507 1718 620 1780 milium
636 1719 761 1799 amplius
776 1720 987 1797 quinquaginta
1002 1723 1059 1781 cir·

96 1805 181 1864 cuitu
196 1802 271 1863 locis
286 1803 398 1881 apertis
413 1805 577 1862 exercitum
589 1803 721 1872 duceret,
738 1802 775 1862 de
786 1811 891 1879 quarta
905 1804 1010 1881 vigilia,
1027 1812 1061 1865 ut

96 1885 229 1955 dixerat,
245 1886 398 1965 proiectus
413 1893 467 1945 est.
506 1886 637 1965 Septimo
652 1885 715 1955 die,
737 1904 806 1946 oum
820 1888 877 1945 iter
891 1904 953 1947 non
966 1889 1090 1948 inter-o

95 1971 241 2036 mitteret,
258 1968 294 2028 ab
310 1967 545 2046 exploratoribus
561 1971 670 2029 certior
681 1971 776 2029 iactus
792 1977 846 2038 est,
858 1972 996 2030 Ariovisti
1010 1988 1058 2030 co·

93 2055 160 2132 pias
176 2071 195 2112 a
208 2054 320 2113 nostris
335 2051 454 2111 milibus
468 2070 610 2130 passuum
625 2060 764 2129 quattuor
781 2063 810 2112 et
823 2075 864 2112 xx
879 2052 992 2114 abesse.

158 2134 305 2196 xxxxss.
330 2135 451 2212 Cognito
472 2135 604 2195 Caesaris
620 2135 747 2196 adventu
762 2138 925 2198 Ariovistus
946 2137 1059 2215 legatos
1077 2144 1089 2193 1
1131 2149 1134 2156 ’

95 2219 217 2281 adeum
228 2220 332 2279 mittit:
350 2218 428 2294 quod
443 2227 528 2278 antea
543 2219 580 2279 de
595 2218 741 2297 colloquio
756 2219 943 2298 postulasset,
960 2221 990 2280 id
1005 2239 1060 2300 per

94 2321 128 2364 11
142 2304 212 2363 ileri
226 2302 332 2371 licere,
350 2303 489 2379 quoniam
502 2303 626 2381 propius
641 2305 827 2373 accessisset,
844 2320 936 2381 seque
951 2304 980 2364 id
995 2306 1060 2364 sine

92 2383 233 2466 periculo
256 2387 355 2447 iacere
375 2403 464 2463 posse
479 2387 657 2446 existimare.
695 2386 760 2447 Non
780 2389 896 2466 respuit
910 2388 1092 2448 condicio-2

92 2487 167 2530 nem
183 2468 301 2538 Caesar,
316 2471 435 2546 iamque
456 2469 576 2530 eumad
595 2470 750 2531 sanitatem
768 2472 879 2531 reverti
895 2470 1058 2530 arbitraba·

92 2561 155 2622 tur,
173 2570 245 2613 cum
259 2551 298 2623 id,
315 2551 394 2631 qnod
408 2561 494 2613 antea
508 2554 621 2631 petenti
636 2552 826 2631 denegasset,
843 2553 922 2614 ultro
937 2553 1058 2632 pollice·

92 2644 193 2705 retur,
209 2653 405 2714 magnamque
419 2637 450 2696 in
465 2653 549 2713 spem
563 2634 707 2705 veniebat,
723 2654 778 2715 pro
790 2639 852 2697 suis
863 2639 952 2698 tantis
962 2655 1058 2716 popu·
1074 2643 1091 2694 3

93 2719 179 2797 lique
195 2717 321 2780 Romani
334 2721 365 2780 in
388 2736 456 2779 eum
477 2718 642 2787 beneficiis,
666 2722 790 2797 cognitis
811 2722 873 2781 suis
892 2721 1057 2799 postulatis,

92 2804 177 2873 iore,
195 2805 239 2863 uti
254 2804 415 2882 pertinacia
436 2801 601 2863 desisteret.
639 2801 708 2863 Dies
729 2802 886 2880 conloquio
902 2804 999 2864 dictus
1014 2811 1060 2864 est

95 2904 132 2946 ex
147 2904 186 2946 11
209 2885 258 2946 die
272 2886 401 2964 quintus.
439 2885 561 2946 Interim
575 2903 664 2963 saepe
684 2886 763 2946 ultro
780 2888 914 2964 citroque
929 2905 997 2948 oum
1016 2886 1091 2948 le·4

94 2973 156 3050 gali
170 2971 252 3030 inter
267 2987 318 3030 111
333 2971 537 3037 mitterentur,
552 2970 714 3030 Ariovistus
728 2969 900 3049 postulavit,
917 2988 955 3031 ne
971 2988 1060 3049 quem

92 3053 231 3134 peditem
251 3051 288 3113 ad
307 3051 498 3130 conloquium
513 3052 620 3112 Caesar
643 3051 817 3115 adduceret:
840 3057 937 3115 vereri
952 3073 999 3125 se,
1021 3074 1059 3116 ne

93 3154 151 3217 per
166 3134 290 3197 insidias
305 3136 342 3197 ab
358 3155 393 3196 11
409 3137 688 3204 circumveniretur;
705 3147 831 3215 uterque
844 3157 911 3199 cum
927 3142 1059 3216 equitatu

93 3218 446 3280 11111111111111111111
471 3236 538 3279 sese
563 3236 622 3279 non
649 3237 713 3280 esse
738 3231 905 3282 venturum.
944 3222 1093 3292 Caesare

96 3302 179 3382 quod
195 3318 294 3380 neque
308 3301 499 3381 conloquium
513 3302 688 3380 interposita
703 3321 790 3365 causa
805 3305 868 3365 tolli
880 3305 996 3367 volebat
1007 3325 1058 3366 ne-

96 3403 156 3464 que
182 3385 310 3447 salutem
332 3405 416 3448 suam
431 3384 582 3447 Gallorum
603 3386 745 3461 equitatui
764 3393 949 3450 committere
970 3389 1059 3451 aude·

97 3468 163 3538 bat,
188 3469 460 3531 commodissimum
482 3487 547 3530 esso
566 3470 851 3540 statuit-omnibus
874 3477 964 3557 equis
982 3472 1081 3537 dauns
