2356 3870
139 227 159 292 8
467 199 773 288 nsecuuoorvm

141 403 172 460 in
187 402 297 464 itinere
313 398 350 460 ab
366 417 401 460 eo
417 400 574 460 discedunt
595 417 629 460 ac
645 399 764 459 domum
779 405 980 460 revertuntur.
1011 400 1102 461 Curio

114 492 256 546 usumma
271 486 403 545 omnium
418 484 566 544 voluntate
582 483 717 560 Iguvium
732 485 850 562 recipit.
880 482 996 554 Quibus
1010 485 1101 545 rebus

142 570 270 645 cognitis
285 569 414 628 conlisus
424 569 655 646 municipiorum
666 567 866 628 voluntatibus
876 568 984 629 Caesar
995 568 1099 629 cohor·

140 659 187 712 tes
201 653 328 729 legionis
342 665 418 711 xm.
435 669 470 711 ex
491 653 648 730 praesidiis
663 651 785 712 deducit
799 653 1015 732 Auximumque
1030 671 1100 732 pro·

140 737 299 806 ficiscitur;
329 735 408 814 quod
434 735 575 814 oppidum
600 737 698 796 Attius
724 735 897 796 cohortibus
923 736 1100 796 introductis

140 820 262 881 tenebat
282 820 487 899 delectumque
508 826 570 880 toto
591 819 701 880 Piceno
723 822 938 881 circummissis
956 821 1099 880 senatori·

141 902 197 966 hus
211 903 352 964 habehat.

116 995 130 1044 1
205 988 284 1050 xlii.
311 988 445 1049 Adventu
456 988 592 1049 Caesaris
608 989 727 1064 cognito
738 988 915 1050 decuriones
929 991 1046 1051 Auximi
1062 989 1099 1049 ad

140 1075 253 1133 Attium
267 1072 379 1132 Varum
392 1074 564 1151 frequentes
580 1072 773 1143 conveniunt;
792 1073 916 1144 docent,
932 1076 979 1135 sui
993 1074 1098 1134 iudicii

140 1175 205 1217 rem
225 1175 285 1216 non
304 1174 387 1224 esse;
413 1174 510 1235 neque
532 1173 680 1235 seneque
700 1156 831 1236 reliquos
850 1159 1017 1237 municipes
1036 1159 1098 1235 pati

140 1243 227 1321 posse
243 1240 275 1301 C.
292 1240 447 1301 Caesarem
461 1243 684 1318 imperatorem,
700 1240 777 1302 bene
792 1242 828 1302 de
839 1241 994 1321 republica
1008 1243 1098 1301 meri·

139 1333 218 1392 tum,
240 1326 331 1384 tantis
345 1322 437 1384 rebus
457 1326 549 1401 gestis
564 1326 673 1404 oppido
694 1325 909 1405 moenibusque
930 1324 1097 1404 prohiberi:

113 1408 265 1488 uproinde
277 1407 386 1468 habeat
398 1409 545 1468 rationem
559 1411 744 1487 posteritatis
755 1415 785 1470 et
797 1408 925 1489 periculi
941 1411 998 1470 sui.
1020 1407 1098 1478 Quo·

141 1511 209 1553 rum
230 1494 363 1552 oratione
389 1498 543 1571 permotus
562 1492 657 1552 Varus
679 1493 877 1572 praesidinm.
905 1493 983 1572 quod
1005 1495 1098 1552 intro·

113 1577 279 1646 eduxerat,
303 1594 339 1636 ex
362 1575 471 1655 oppido
490 1576 591 1636 educit
610 1594 644 1636 ac
663 1577 805 1655 profugit.
841 1578 927 1639 Hunc
944 1594 980 1637 ex
1000 1578 1098 1655 primo

140 1662 244 1722 ordine
265 1663 353 1739 pauci
368 1661 504 1722 Caesaris
517 1663 670 1721 consecuti
688 1661 799 1722 milites
813 1664 977 1723 consistere
992 1666 1097 1737 coege-

112 1752 220 1806 4runt.
251 1745 414 1806 Commisso
428 1745 544 1825 proelio
559 1746 708 1805 deseritur
723 1765 740 1806 a
755 1748 816 1807 suis
831 1745 941 1816 Varus;
957 1744 1099 1805 nonnulla

138 1849 209 1910 pars
222 1829 351 1890 militum
372 1829 491 1890 domum
508 1828 650 1899 discedit;
671 1829 779 1909 reliqui
800 1830 838 1891 ad
853 1830 1010 1893 Caesarem
1028 1847 1097 1908 per·

138 1916 276 1982 veniunt,
299 1921 387 1992 atque
408 1931 549 1974 unacum
569 1915 608 1972 iis
623 1913 787 1992 deprensus
806 1914 841 1975 L.
856 1914 984 1994 Pupius,
1005 1915 1098 1993 primi

139 1999 194 2078 pili
214 2000 366 2067 centurio,
393 1997 567 2066 adducitur,
595 1999 645 2076 qui
665 1997 744 2058 hunc
764 1998 892 2059 eundem
911 1998 1045 2058 ordinem
1065 2000 1098 2058 in

112 2084 274 2159 texercitu
299 2081 352 2142 Cn.
368 2082 491 2159 Pompei
516 2088 601 2142 antea
622 2081 756 2142 duxerat.
796 2082 833 2144 At
853 2082 961 2144 Caesar
986 2081 1097 2142 milites

140 2166 274 2226 Attianos
295 2165 465 2235 conlaudat,
491 2165 620 2244 Pupium
639 2165 779 2235 dimittit,
806 2165 1012 2227 Auximatibus
1037 2167 1098 2244 agit

140 2253 251 2328 gratias
266 2267 357 2328 seque
373 2267 477 2309 eorum
490 2249 563 2310 iacti
577 2267 740 2311 memorem
754 2249 819 2310 iore
834 2250 1001 2329 pollicetur.

114 2340 128 2389 1
202 2332 295 2394 Xllll.
325 2331 440 2403 Quibus
454 2333 545 2394 rehus
555 2333 679 2395 Romam
694 2335 847 2403 nuntiatis,
863 2341 962 2395 tantus
972 2341 1097 2414 repente

138 2427 237 2480 terror
258 2419 383 2486 invasit,
404 2423 452 2487 ut,
474 2436 542 2478 cum
557 2417 702 2479 Lentulus
722 2417 825 2479 consul
846 2418 882 2478 ad
903 2418 1097 2499 aperiendum

138 2504 286 2564 aerarium
304 2503 435 2562 venisset
454 2502 491 2562 ad
510 2504 668 2580 pecuniam
689 2502 831 2581 Pompeio
852 2520 888 2562 ex
906 2511 1097 2564 senatuscon-

137 2588 215 2648 sulto
230 2586 456 2666 proferendam,
477 2589 614 2665 protinus
635 2593 738 2666 aperto
759 2587 907 2647 sanctiore
927 2589 1044 2648 aerario
1060 2605 1097 2647 ex

137 2670 212 2732 urbe
227 2671 410 2751 profugeret.
449 2670 558 2732 Caesar
578 2673 657 2731 euim
673 2671 832 2731 adventare
852 2672 913 2731 iam
932 2674 1049 2750 iamque
1066 2677 1097 2730 et

109 2755 242 2816 2adesse
263 2756 328 2814 eius
349 2757 466 2834 equites
487 2755 560 2825 salso
580 2753 806 2815 nuntiabantur.
841 2754 927 2815 Hunc
940 2754 1098 2816 Marcellus

109 2832 249 2916 ecollega
264 2846 294 2899 et
308 2838 444 2919 plerique
459 2841 650 2914 magistratus
664 2840 818 2899 consecuti
833 2846 911 2899 sunt.
942 2839 994 2901 Cn.
1010 2838 1097 2899 Pom·

135 2926 222 3002 peius
242 2923 340 3002 pridie
356 2926 421 2984 eius
436 2923 496 2983 diei
515 2941 550 2982 ex
566 2921 641 2982 urhe
656 2923 808 3001 profectus
828 2924 888 2985 ite?
907 2922 944 2983 ad
963 2923 1097 3000 legiones

136 3005 279 3076 hahebat,
302 3025 376 3086 quas
396 3007 552 3068 aCaesare
573 3014 711 3086 acceptas
730 3007 761 3067 in
776 3005 882 3086 Apulia
901 3005 1096 3067 hibernorum

109 3097 226 3151 4causa
241 3091 438 3169 disposuerat.
475 3091 613 3152 Deiectus
627 3093 708 3151 circa
723 3090 830 3151 urbem
843 3091 1096 3157 intermittuntur;

135 3174 211 3234 nihil
227 3175 302 3234 citra
318 3175 447 3252 Capuam
467 3181 565 3236 tutum
579 3193 646 3236 esse
662 3174 801 3236 omnibus
821 3173 948 3234 videtur.
979 3173 1095 3251 Capuae

135 3259 266 3337 primum
287 3275 353 3318 sese
374 3260 549 3319 confirmant
575 3266 605 3319 et
629 3259 772 3337 congunt
791 3258 996 3336 delectumque
1016 3256 1096 3315 colc-

135 3360 255 3410 norum,
278 3344 329 3418 qui
344 3342 409 3419 lege
425 3342 499 3402 Iulia
514 3344 644 3423 Capuam
665 3343 785 3404 deducti
801 3349 899 3410 erant,
921 3340 1033 3401 hahere
1049 3342 1096 3399 in·

136 3428 277 3496 diluunt:
293 3426 542 3505 gladiatoresque,
559 3445 634 3508 quos
648 3425 691 3488 ibi
705 3427 812 3488 Caesar
828 3427 859 3485 in
875 3424 944 3485 ludo
955 3423 1095 3493 habebat,

117 3509 278 3568 adrerum
291 3510 466 3590 productos
478 3510 626 3574 Lentulus
640 3527 694 3592 spe
711 3510 861 3572 libertatis
881 3511 1035 3571 confirmat
1051 3517 1095 3569 at·
