<?xml version="1.0" encoding="UTF-8"?>
<!DOCTYPE html PUBLIC "-//W3C//DTD XHTML 1.0 Transitional//EN"
    "http://www.w3.org/TR/xhtml1/DTD/xhtml1-transitional.dtd">
<html xmlns="http://www.w3.org/1999/xhtml" xml:lang="en" lang="en">
 <head>
  <title>
</title>
<meta http-equiv="Content-Type" content="text/html;charset=utf-8" />
  <meta name='ocr-system' content='tesseract 3.04.00' />
  <meta name='ocr-capabilities' content='ocr_page ocr_carea ocr_par ocr_line ocrx_word'/>
</head>
<body>
  <div class='ocr_page' id='page_1' title='image "./commentariicuma00caesgoog_0281.png"; bbox 0 0 2356 3870; ppageno 0'>
   <div class='ocr_carea' id='block_1_1' title="bbox 117 202 755 269">
    <p class='ocr_par' dir='ltr' id='par_1_1' title="bbox 117 202 755 269">
     <span class='ocr_line' id='line_1_1' title="bbox 117 202 755 269; baseline -0.003 -11"><span class='ocrx_word' id='word_1_1' title='bbox 117 204 161 269; x_wconf 74' lang='grc' dir='ltr'><strong>ἶθ</strong></span> <span class='ocrx_word' id='word_1_2' title='bbox 438 207 488 260; x_wconf 72' lang='lat' dir='ltr'><strong>DE</strong></span> <span class='ocrx_word' id='word_1_3' title='bbox 506 204 621 259; x_wconf 77' lang='lat' dir='ltr'><strong>nmo</strong></span> <span class='ocrx_word' id='word_1_4' title='bbox 643 202 755 258; x_wconf 75' lang='lat' dir='ltr'><strong>ctum</strong></span> 
     </span>
    </p>
   </div>
   <div class='ocr_carea' id='block_1_2' title="bbox 93 367 1106 3550">
    <p class='ocr_par' dir='ltr' id='par_1_2' title="bbox 93 367 1097 1281">
     <span class='ocr_line' id='line_1_2' title="bbox 94 367 1094 436; baseline -0.007 -2"><span class='ocrx_word' id='word_1_5' title='bbox 94 387 110 434; x_wconf 83' lang='lat' dir='ltr'><strong>t</strong></span> <span class='ocrx_word' id='word_1_6' title='bbox 182 375 217 432; x_wconf 76' lang='lat' dir='ltr'><strong>V.</strong></span> <span class='ocrx_word' id='word_1_7' title='bbox 239 373 393 432; x_wconf 74' lang='lat' dir='ltr'>Frumenti</span> <span class='ocrx_word' id='word_1_8' title='bbox 413 373 473 430; x_wconf 82' lang='lat' dir='ltr'><strong>rim</strong></span> <span class='ocrx_word' id='word_1_9' title='bbox 492 373 651 430; x_wconf 88' lang='lat' dir='ltr'><strong>maximam</strong></span> <span class='ocrx_word' id='word_1_10' title='bbox 670 368 897 436; x_wconf 81' lang='lat' dir='ltr'><strong>ebeessalia,</strong></span> <span class='ocrx_word' id='word_1_11' title='bbox 918 367 1012 436; x_wconf 76' lang='lat' dir='ltr'><strong>Asia,</strong></span> <span class='ocrx_word' id='word_1_12' title='bbox 1032 368 1094 428; x_wconf 72' lang='lat' dir='ltr'><strong>Aa·</strong></span> 
     </span>
     <span class='ocr_line' id='line_1_3' title="bbox 118 451 1095 537; baseline -0.005 -20"><span class='ocrx_word' id='word_1_13' title='bbox 118 467 221 537; x_wconf 69' lang='lat' dir='ltr'><strong>gypto,</strong></span> <span class='ocrx_word' id='word_1_14' title='bbox 242 456 343 523; x_wconf 77' lang='lat' dir='ltr'><strong>Creta,</strong></span> <span class='ocrx_word' id='word_1_15' title='bbox 364 455 488 532; x_wconf 74' lang='lat' dir='ltr'><strong>Cyrenis</strong></span> <span class='ocrx_word' id='word_1_16' title='bbox 500 453 683 531; x_wconf 71' lang='lat' dir='ltr'><strong>reliquiisque</strong></span> <span class='ocrx_word' id='word_1_17' title='bbox 697 451 877 528; x_wconf 72' lang='lat' dir='ltr'><strong>regionibm</strong></span> <span class='ocrx_word' id='word_1_18' title='bbox 890 469 1095 530; x_wconf 73' lang='lat' dir='ltr'><strong>comparare·</strong></span> 
     </span>
     <span class='ocr_line' id='line_1_4' title="bbox 93 535 1095 616; baseline -0.004 -16"><span class='ocrx_word' id='word_1_19' title='bbox 93 551 179 602; x_wconf 70' lang='lat' dir='ltr'><strong>arat</strong></span> <span class='ocrx_word' id='word_1_20' title='bbox 207 540 345 599; x_wconf 88' lang='lat' dir='ltr'><strong>lliemare</strong></span> <span class='ocrx_word' id='word_1_21' title='bbox 354 538 541 616; x_wconf 68' lang='lat' dir='ltr'>Dyrrhachii,</span> <span class='ocrx_word' id='word_1_22' title='bbox 556 535 728 613; x_wconf 67' lang='lat' dir='ltr'><strong>Apoffluiae</strong></span> <span class='ocrx_word' id='word_1_23' title='bbox 743 535 949 614; x_wconf 80' lang='lat' dir='ltr'><strong>omnibusque</strong></span> <span class='ocrx_word' id='word_1_24' title='bbox 964 535 1095 614; x_wconf 67' lang='lat' dir='ltr'><strong>oppiis</strong></span> 
     </span>
     <span class='ocr_line' id='line_1_5' title="bbox 119 619 1095 698; baseline -0.006 -13"><span class='ocrx_word' id='word_1_25' title='bbox 119 624 280 686; x_wconf 81' lang='lat' dir='ltr'><strong>maritimis</strong></span> <span class='ocrx_word' id='word_1_26' title='bbox 290 624 495 689; x_wconf 86' lang='lat' dir='ltr'><strong>constituerat,</strong></span> <span class='ocrx_word' id='word_1_27' title='bbox 512 630 546 679; x_wconf 89' lang='lat' dir='ltr'><strong>ut</strong></span> <span class='ocrx_word' id='word_1_28' title='bbox 559 637 641 678; x_wconf 79' lang='lat' dir='ltr'><strong>unare</strong></span> <span class='ocrx_word' id='word_1_29' title='bbox 654 621 787 678; x_wconf 75' lang='lat' dir='ltr'><strong>tramite</strong></span> <span class='ocrx_word' id='word_1_30' title='bbox 801 619 969 680; x_wconf 76' lang='lat' dir='ltr'><strong>Caesarem</strong></span> <span class='ocrx_word' id='word_1_31' title='bbox 982 620 1095 698; x_wconf 66' lang='lat' dir='ltr'><strong>prali-</strong></span> 
     </span>
     <span class='ocr_line' id='line_1_6' title="bbox 120 703 1095 784; baseline -0.003 -17"><span class='ocrx_word' id='word_1_32' title='bbox 120 709 222 775; x_wconf 90' lang='lat' dir='ltr'><strong>beret,</strong></span> <span class='ocrx_word' id='word_1_33' title='bbox 251 709 375 784; x_wconf 83' lang='lat' dir='ltr'><strong>eiusque</strong></span> <span class='ocrx_word' id='word_1_34' title='bbox 402 707 450 764; x_wconf 85' lang='lat' dir='ltr'><strong>rei</strong></span> <span class='ocrx_word' id='word_1_35' title='bbox 474 722 563 763; x_wconf 78' lang='lat' dir='ltr'><strong>cama</strong></span> <span class='ocrx_word' id='word_1_36' title='bbox 585 705 669 761; x_wconf 89' lang='lat' dir='ltr'><strong>omni</strong></span> <span class='ocrx_word' id='word_1_37' title='bbox 694 720 749 761; x_wconf 83' lang='lat' dir='ltr'><strong>ora</strong></span> <span class='ocrx_word' id='word_1_38' title='bbox 770 705 935 763; x_wconf 78' lang='lat' dir='ltr'><strong>marituma</strong></span> <span class='ocrx_word' id='word_1_39' title='bbox 960 703 1095 764; x_wconf 70' lang='lat' dir='ltr'><strong>clamen</strong></span> 
     </span>
     <span class='ocr_line' id='line_1_7' title="bbox 95 785 1095 868; baseline 0.007 -20"><span class='ocrx_word' id='word_1_40' title='bbox 95 793 319 868; x_wconf 73' lang='lat' dir='ltr'><strong>adisptrsrrerat</strong></span> <span class='ocrx_word' id='word_1_41' title='bbox 355 789 496 848; x_wconf 73' lang='lat' dir='ltr'><strong>Praeerat</strong></span> <span class='ocrx_word' id='word_1_42' title='bbox 509 787 662 863; x_wconf 72' lang='lat' dir='ltr'><strong>Aegyptiis</strong></span> <span class='ocrx_word' id='word_1_43' title='bbox 674 785 805 846; x_wconf 78' lang='lat' dir='ltr'><strong>navibus</strong></span> <span class='ocrx_word' id='word_1_44' title='bbox 816 786 985 866; x_wconf 72' lang='lat' dir='ltr'><strong>Pompeius</strong></span> <span class='ocrx_word' id='word_1_45' title='bbox 997 787 1095 855; x_wconf 73' lang='lat' dir='ltr'><strong>filios</strong></span> 
     </span>
     <span class='ocr_line' id='line_1_8' title="bbox 122 868 1095 947; baseline -0.003 -12"><span class='ocrx_word' id='word_1_46' title='bbox 122 876 261 936; x_wconf 77' lang='lat' dir='ltr'><strong>Asiaticis</strong></span> <span class='ocrx_word' id='word_1_47' title='bbox 280 873 316 932; x_wconf 85' lang='lat' dir='ltr'><strong>u.</strong></span> <span class='ocrx_word' id='word_1_48' title='bbox 331 872 450 931; x_wconf 82' lang='lat' dir='ltr'><strong>laelius</strong></span> <span class='ocrx_word' id='word_1_49' title='bbox 468 882 500 930; x_wconf 87' lang='lat' dir='ltr'><strong>et</strong></span> <span class='ocrx_word' id='word_1_50' title='bbox 519 871 552 930; x_wconf 82' lang='lat' dir='ltr'><strong>e</strong></span> <span class='ocrx_word' id='word_1_51' title='bbox 572 870 725 936; x_wconf 81' lang='lat' dir='ltr'><strong>Triarius,</strong></span> <span class='ocrx_word' id='word_1_52' title='bbox 746 868 883 947; x_wconf 73' lang='lat' dir='ltr'><strong>Syriacis</strong></span> <span class='ocrx_word' id='word_1_53' title='bbox 901 871 937 931; x_wconf 81' lang='lat' dir='ltr'><strong>C.</strong></span> <span class='ocrx_word' id='word_1_54' title='bbox 954 872 1095 939; x_wconf 64' lang='lat' dir='ltr'><strong>cmm,</strong></span> 
     </span>
     <span class='ocr_line' id='line_1_9' title="bbox 121 952 1097 1034; baseline -0.004 -15"><span class='ocrx_word' id='word_1_55' title='bbox 121 958 248 1019; x_wconf 79' lang='lat' dir='ltr'><strong>Rhodiis</strong></span> <span class='ocrx_word' id='word_1_56' title='bbox 260 957 293 1016; x_wconf 66' lang='lat' dir='ltr'>ss</span> <span class='ocrx_word' id='word_1_57' title='bbox 307 955 463 1014; x_wconf 81' lang='lat' dir='ltr'><strong>liarcellm</strong></span> <span class='ocrx_word' id='word_1_58' title='bbox 480 972 547 1012; x_wconf 90' lang='lat' dir='ltr'><strong>cum</strong></span> <span class='ocrx_word' id='word_1_59' title='bbox 568 954 600 1012; x_wconf 73' lang='lat' dir='ltr'><strong>(L</strong></span> <span class='ocrx_word' id='word_1_60' title='bbox 621 952 769 1030; x_wconf 76' lang='lat' dir='ltr'><strong>Coponio,</strong></span> <span class='ocrx_word' id='word_1_61' title='bbox 790 953 978 1014; x_wconf 81' lang='lat' dir='ltr'><strong>Liburnicae</strong></span> <span class='ocrx_word' id='word_1_62' title='bbox 999 962 1097 1034; x_wconf 74' lang='lat' dir='ltr'><strong>atque</strong></span> 
     </span>
     <span class='ocr_line' id='line_1_10' title="bbox 95 1035 1096 1103; baseline 0.001 -5"><span class='ocrx_word' id='word_1_63' title='bbox 95 1035 745 1103; x_wconf 76' lang='lat' dir='ltr'><strong>ricmicaeciassiScrihoniusiihoetii</strong></span> <span class='ocrx_word' id='word_1_64' title='bbox 762 1036 915 1097; x_wconf 79' lang='lat' dir='ltr'><strong>(ictarius.</strong></span> <span class='ocrx_word' id='word_1_65' title='bbox 956 1038 1096 1098; x_wconf 62' lang='lat' dir='ltr'><strong>Tucim</strong></span> 
     </span>
     <span class='ocr_line' id='line_1_11' title="bbox 123 1119 1096 1198; baseline -0.002 -14"><span class='ocrx_word' id='word_1_66' title='bbox 123 1119 1096 1198; x_wconf 76' lang='lat' dir='ltr'><strong>meuofficiomaritmnolillibuluspraeposituscuuctaatl·</strong></span> 
     </span>
     <span class='ocr_line' id='line_1_12' title="bbox 124 1203 949 1281; baseline -0.004 -13"><span class='ocrx_word' id='word_1_67' title='bbox 124 1205 325 1268; x_wconf 86' lang='lat' dir='ltr'><strong>ministrabat:</strong></span> <span class='ocrx_word' id='word_1_68' title='bbox 343 1205 381 1265; x_wconf 87' lang='lat' dir='ltr'><strong>ad</strong></span> <span class='ocrx_word' id='word_1_69' title='bbox 394 1204 472 1263; x_wconf 89' lang='lat' dir='ltr'><strong>bunc</strong></span> <span class='ocrx_word' id='word_1_70' title='bbox 487 1222 601 1263; x_wconf 77' lang='lat' dir='ltr'><strong>sununs</strong></span> <span class='ocrx_word' id='word_1_71' title='bbox 614 1205 738 1280; x_wconf 87' lang='lat' dir='ltr'><strong>imperii</strong></span> <span class='ocrx_word' id='word_1_72' title='bbox 751 1203 949 1281; x_wconf 69' lang='lat' dir='ltr'><strong>respiciebat.</strong></span> 
     </span>
    </p>

    <p class='ocr_par' dir='ltr' id='par_1_3' title="bbox 99 1287 1099 1953">
     <span class='ocr_line' id='line_1_13' title="bbox 99 1287 1097 1370; baseline 0.006 -25"><span class='ocrx_word' id='word_1_73' title='bbox 99 1302 116 1348; x_wconf 92' lang='lat'>1</span> <span class='ocrx_word' id='word_1_74' title='bbox 187 1290 235 1349; x_wconf 77' lang='lat' dir='ltr'><strong>Vl</strong></span> <span class='ocrx_word' id='word_1_75' title='bbox 256 1289 380 1355; x_wconf 77' lang='lat' dir='ltr'><strong>Caesar,</strong></span> <span class='ocrx_word' id='word_1_76' title='bbox 404 1295 440 1346; x_wconf 92' lang='lat' dir='ltr'><strong>ut</strong></span> <span class='ocrx_word' id='word_1_77' title='bbox 457 1287 650 1346; x_wconf 76' lang='lat' dir='ltr'><strong>brundisium</strong></span> <span class='ocrx_word' id='word_1_78' title='bbox 668 1290 767 1354; x_wconf 76' lang='lat' dir='ltr'><strong>venit,</strong></span> <span class='ocrx_word' id='word_1_79' title='bbox 792 1291 992 1350; x_wconf 76' lang='lat' dir='ltr'><strong>confimatm</strong></span> <span class='ocrx_word' id='word_1_80' title='bbox 1012 1291 1097 1370; x_wconf 78' lang='lat' dir='ltr'><strong>apud</strong></span> 
     </span>
     <span class='ocr_line' id='line_1_14' title="bbox 125 1369 1099 1451; baseline 0.004 -19"><span class='ocrx_word' id='word_1_81' title='bbox 125 1374 245 1440; x_wconf 83' lang='lat' dir='ltr'><strong>milites,</strong></span> <span class='ocrx_word' id='word_1_82' title='bbox 263 1374 403 1450; x_wconf 85' lang='lat' dir='ltr'><strong>quoniam</strong></span> <span class='ocrx_word' id='word_1_83' title='bbox 415 1389 508 1448; x_wconf 90' lang='lat' dir='ltr'><strong>prope</strong></span> <span class='ocrx_word' id='word_1_84' title='bbox 522 1369 559 1428; x_wconf 82' lang='lat' dir='ltr'><strong>ad</strong></span> <span class='ocrx_word' id='word_1_85' title='bbox 573 1370 664 1428; x_wconf 78' lang='lat' dir='ltr'><strong>finem</strong></span> <span class='ocrx_word' id='word_1_86' title='bbox 679 1369 817 1430; x_wconf 87' lang='lat' dir='ltr'><strong>laborum</strong></span> <span class='ocrx_word' id='word_1_87' title='bbox 830 1391 865 1431; x_wconf 91' lang='lat' dir='ltr'><strong>ac</strong></span> <span class='ocrx_word' id='word_1_88' title='bbox 880 1375 1099 1451; x_wconf 75' lang='lat' dir='ltr'><strong>periculorum</strong></span> 
     </span>
     <span class='ocr_line' id='line_1_15' title="bbox 126 1455 1098 1538; baseline 0.003 -23"><span class='ocrx_word' id='word_1_89' title='bbox 126 1465 205 1517; x_wconf 71' lang='lat' dir='ltr'><strong>emet</strong></span> <span class='ocrx_word' id='word_1_90' title='bbox 223 1464 413 1534; x_wconf 76' lang='lat' dir='ltr'><strong>pervenmm,</strong></span> <span class='ocrx_word' id='word_1_91' title='bbox 442 1471 536 1531; x_wconf 87' lang='lat' dir='ltr'><strong>aequo</strong></span> <span class='ocrx_word' id='word_1_92' title='bbox 556 1455 655 1512; x_wconf 85' lang='lat' dir='ltr'><strong>auimo</strong></span> <span class='ocrx_word' id='word_1_93' title='bbox 674 1456 826 1532; x_wconf 87' lang='lat' dir='ltr'><strong>mancipia</strong></span> <span class='ocrx_word' id='word_1_94' title='bbox 845 1465 939 1535; x_wconf 85' lang='lat' dir='ltr'><strong>atque</strong></span> <span class='ocrx_word' id='word_1_95' title='bbox 959 1460 1098 1538; x_wconf 79' lang='lat' dir='ltr'><strong>impedi-</strong></span> 
     </span>
     <span class='ocr_line' id='line_1_16' title="bbox 126 1537 1098 1615; baseline 0.004 -16"><span class='ocrx_word' id='word_1_96' title='bbox 126 1549 225 1600; x_wconf 85' lang='lat' dir='ltr'><strong>menta</strong></span> <span class='ocrx_word' id='word_1_97' title='bbox 239 1542 272 1598; x_wconf 93' lang='lat' dir='ltr'><strong>in</strong></span> <span class='ocrx_word' id='word_1_98' title='bbox 285 1539 368 1599; x_wconf 85' lang='lat' dir='ltr'><strong>Italia</strong></span> <span class='ocrx_word' id='word_1_99' title='bbox 383 1537 598 1615; x_wconf 74' lang='lat' dir='ltr'><strong>relinquerent</strong></span> <span class='ocrx_word' id='word_1_100' title='bbox 613 1538 672 1614; x_wconf 86' lang='lat' dir='ltr'><strong>ipsi</strong></span> <span class='ocrx_word' id='word_1_101' title='bbox 686 1539 821 1615; x_wconf 83' lang='lat' dir='ltr'><strong>expediti</strong></span> <span class='ocrx_word' id='word_1_102' title='bbox 835 1559 929 1601; x_wconf 83' lang='lat' dir='ltr'><strong>nares</strong></span> <span class='ocrx_word' id='word_1_103' title='bbox 942 1560 1098 1603; x_wconf 82' lang='lat' dir='ltr'><strong>conscen-</strong></span> 
     </span>
     <span class='ocr_line' id='line_1_17' title="bbox 126 1620 1098 1706; baseline -0.001 -23"><span class='ocrx_word' id='word_1_104' title='bbox 126 1624 244 1692; x_wconf 82' lang='lat' dir='ltr'><strong>derent,</strong></span> <span class='ocrx_word' id='word_1_105' title='bbox 284 1641 344 1702; x_wconf 82' lang='lat' dir='ltr'><strong>quo</strong></span> <span class='ocrx_word' id='word_1_106' title='bbox 371 1623 466 1681; x_wconf 83' lang='lat' dir='ltr'><strong>maior</strong></span> <span class='ocrx_word' id='word_1_107' title='bbox 493 1638 636 1680; x_wconf 71' lang='lat' dir='ltr'><strong>numerum</strong></span> <span class='ocrx_word' id='word_1_108' title='bbox 662 1620 795 1681; x_wconf 88' lang='lat' dir='ltr'><strong>militum</strong></span> <span class='ocrx_word' id='word_1_109' title='bbox 821 1632 927 1701; x_wconf 70' lang='lat' dir='ltr'><strong>posset</strong></span> <span class='ocrx_word' id='word_1_110' title='bbox 960 1628 1098 1706; x_wconf 80' lang='lat' dir='ltr'><strong>imponi,</strong></span> 
     </span>
     <span class='ocr_line' id='line_1_18' title="bbox 127 1702 1099 1786; baseline 0.004 -18"><span class='ocrx_word' id='word_1_111' title='bbox 127 1710 284 1786; x_wconf 79' lang='lat' dir='ltr'><strong>omniaque</strong></span> <span class='ocrx_word' id='word_1_112' title='bbox 299 1726 337 1766; x_wconf 86' lang='lat' dir='ltr'><strong>ex</strong></span> <span class='ocrx_word' id='word_1_113' title='bbox 350 1708 473 1765; x_wconf 78' lang='lat' dir='ltr'><strong>victoria</strong></span> <span class='ocrx_word' id='word_1_114' title='bbox 488 1712 519 1764; x_wconf 91' lang='lat' dir='ltr'><strong>et</strong></span> <span class='ocrx_word' id='word_1_115' title='bbox 529 1722 628 1764; x_wconf 83' lang='lat' dir='ltr'><strong>exsua</strong></span> <span class='ocrx_word' id='word_1_116' title='bbox 637 1702 821 1765; x_wconf 86' lang='lat' dir='ltr'><strong>liberalitate</strong></span> <span class='ocrx_word' id='word_1_117' title='bbox 832 1717 1007 1785; x_wconf 63' lang='lat' dir='ltr'><strong>spernent,</strong></span> <span class='ocrx_word' id='word_1_118' title='bbox 1022 1729 1099 1772; x_wconf 82' lang='lat' dir='ltr'><strong>cun·</strong></span> 
     </span>
     <span class='ocr_line' id='line_1_19' title="bbox 127 1788 1099 1872; baseline 0 -21"><span class='ocrx_word' id='word_1_119' title='bbox 127 1791 323 1851; x_wconf 78' lang='lat' dir='ltr'><strong>clamantibus</strong></span> <span class='ocrx_word' id='word_1_120' title='bbox 334 1788 486 1856; x_wconf 89' lang='lat' dir='ltr'><strong>omnibus,</strong></span> <span class='ocrx_word' id='word_1_121' title='bbox 506 1790 684 1865; x_wconf 71' lang='lat' dir='ltr'><strong>inperaret,</strong></span> <span class='ocrx_word' id='word_1_122' title='bbox 704 1789 785 1866; x_wconf 80' lang='lat' dir='ltr'><strong>qnod</strong></span> <span class='ocrx_word' id='word_1_123' title='bbox 799 1790 903 1860; x_wconf 81' lang='lat' dir='ltr'><strong>vellet,</strong></span> <span class='ocrx_word' id='word_1_124' title='bbox 924 1794 1099 1872; x_wconf 71' lang='lat' dir='ltr'><strong>quodem</strong></span> 
     </span>
     <span class='ocr_line' id='line_1_20' title="bbox 126 1873 1099 1953; baseline 0.008 -21"><span class='ocrx_word' id='word_1_125' title='bbox 126 1893 184 1953; x_wconf 81' lang='lat' dir='ltr'><strong>quc</strong></span> <span class='ocrx_word' id='word_1_126' title='bbox 199 1876 419 1953; x_wconf 62' lang='lat' dir='ltr'><strong>immnmsset,</strong></span> <span class='ocrx_word' id='word_1_127' title='bbox 440 1890 472 1932; x_wconf 87' lang='lat' dir='ltr'><strong>se</strong></span> <span class='ocrx_word' id='word_1_128' title='bbox 487 1889 582 1948; x_wconf 72' lang='lat' dir='ltr'><strong>mque</strong></span> <span class='ocrx_word' id='word_1_129' title='bbox 596 1873 697 1931; x_wconf 88' lang='lat' dir='ltr'><strong>animo</strong></span> <span class='ocrx_word' id='word_1_130' title='bbox 710 1890 778 1931; x_wconf 85' lang='lat' dir='ltr'><strong>esse</strong></span> <span class='ocrx_word' id='word_1_131' title='bbox 791 1874 943 1943; x_wconf 74' lang='lat' dir='ltr'><strong>facturos,</strong></span> <span class='ocrx_word' id='word_1_132' title='bbox 958 1890 1000 1936; x_wconf 85' lang='lat'><strong>11.</strong></span> <span class='ocrx_word' id='word_1_133' title='bbox 1015 1878 1099 1940; x_wconf 76' lang='lat' dir='ltr'><strong>Nou.</strong></span> 
     </span>
    </p>

    <p class='ocr_par' dir='ltr' id='par_1_4' title="bbox 101 1954 1099 2033">
     <span class='ocr_line' id='line_1_21' title="bbox 101 1954 1099 2033; baseline 0.008 -18"><span class='ocrx_word' id='word_1_134' title='bbox 101 1958 191 2017; x_wconf 77' lang='lat' dir='ltr'><strong>alan.</strong></span> <span class='ocrx_word' id='word_1_135' title='bbox 206 1976 297 2018; x_wconf 82' lang='lat' dir='ltr'><strong>naves</strong></span> <span class='ocrx_word' id='word_1_136' title='bbox 309 1957 405 2018; x_wconf 71' lang='lat' dir='ltr'><strong>soluit</strong></span> <span class='ocrx_word' id='word_1_137' title='bbox 444 1954 612 2031; x_wconf 80' lang='lat' dir='ltr'><strong>Inpositae,</strong></span> <span class='ocrx_word' id='word_1_138' title='bbox 627 1962 662 2014; x_wconf 91' lang='lat' dir='ltr'><strong>ut</strong></span> <span class='ocrx_word' id='word_1_139' title='bbox 674 1974 766 2033; x_wconf 90' lang='lat' dir='ltr'><strong>supra</strong></span> <span class='ocrx_word' id='word_1_140' title='bbox 779 1956 1024 2022; x_wconf 85' lang='lat' dir='ltr'><strong>demonstratum</strong></span> <span class='ocrx_word' id='word_1_141' title='bbox 1037 1971 1099 2031; x_wconf 83' lang='lat' dir='ltr'><strong>est.</strong></span> 
     </span>
    </p>

    <p class='ocr_par' dir='ltr' id='par_1_5' title="bbox 100 2037 1100 2456">
     <span class='ocr_line' id='line_1_22' title="bbox 100 2037 1100 2116; baseline 0.01 -18"><span class='ocrx_word' id='word_1_142' title='bbox 100 2040 332 2116; x_wconf 76' lang='lat' dir='ltr'><strong>alegiouesvrn</strong></span> <span class='ocrx_word' id='word_1_143' title='bbox 354 2037 502 2098; x_wconf 82' lang='lat' dir='ltr'><strong>Postridie</strong></span> <span class='ocrx_word' id='word_1_144' title='bbox 516 2045 630 2097; x_wconf 85' lang='lat' dir='ltr'><strong>terram</strong></span> <span class='ocrx_word' id='word_1_145' title='bbox 640 2042 740 2114; x_wconf 80' lang='lat' dir='ltr'><strong>attigit</strong></span> <span class='ocrx_word' id='word_1_146' title='bbox 752 2039 991 2105; x_wconf 80' lang='lat' dir='ltr'><strong>Germiuiorum.</strong></span> <span class='ocrx_word' id='word_1_147' title='bbox 1016 2046 1100 2108; x_wconf 85' lang='lat' dir='ltr'><strong>Saxa</strong></span> 
     </span>
     <span class='ocr_line' id='line_1_23' title="bbox 128 2120 1100 2198; baseline 0.007 -14"><span class='ocrx_word' id='word_1_148' title='bbox 128 2128 208 2184; x_wconf 91' lang='lat' dir='ltr'><strong>iuter</strong></span> <span class='ocrx_word' id='word_1_149' title='bbox 229 2131 260 2181; x_wconf 88' lang='lat' dir='ltr'><strong>et</strong></span> <span class='ocrx_word' id='word_1_150' title='bbox 279 2124 336 2182; x_wconf 88' lang='lat' dir='ltr'><strong>alia</strong></span> <span class='ocrx_word' id='word_1_151' title='bbox 356 2123 421 2181; x_wconf 89' lang='lat' dir='ltr'><strong>loca</strong></span> <span class='ocrx_word' id='word_1_152' title='bbox 434 2120 601 2198; x_wconf 87' lang='lat' dir='ltr'><strong>periculosa</strong></span> <span class='ocrx_word' id='word_1_153' title='bbox 615 2124 747 2198; x_wconf 84' lang='lat' dir='ltr'><strong>quietam</strong></span> <span class='ocrx_word' id='word_1_154' title='bbox 761 2132 869 2186; x_wconf 88' lang='lat' dir='ltr'><strong>nactus</strong></span> <span class='ocrx_word' id='word_1_155' title='bbox 882 2131 1050 2190; x_wconf 83' lang='lat' dir='ltr'><strong>stationem</strong></span> <span class='ocrx_word' id='word_1_156' title='bbox 1066 2140 1100 2191; x_wconf 87' lang='lat' dir='ltr'><strong>et</strong></span> 
     </span>
     <span class='ocr_line' id='line_1_24' title="bbox 128 2204 1098 2287; baseline 0.005 -23"><span class='ocrx_word' id='word_1_157' title='bbox 128 2213 234 2287; x_wconf 88' lang='lat' dir='ltr'><strong>portus</strong></span> <span class='ocrx_word' id='word_1_158' title='bbox 247 2225 350 2266; x_wconf 88' lang='lat' dir='ltr'><strong>omnes</strong></span> <span class='ocrx_word' id='word_1_159' title='bbox 363 2208 486 2271; x_wconf 82' lang='lat' dir='ltr'><strong>timens,</strong></span> <span class='ocrx_word' id='word_1_160' title='bbox 501 2204 580 2281; x_wconf 85' lang='lat' dir='ltr'><strong>quod</strong></span> <span class='ocrx_word' id='word_1_161' title='bbox 593 2208 692 2264; x_wconf 90' lang='lat' dir='ltr'><strong>teneri</strong></span> <span class='ocrx_word' id='word_1_162' title='bbox 707 2206 745 2266; x_wconf 90' lang='lat' dir='ltr'><strong>ab</strong></span> <span class='ocrx_word' id='word_1_163' title='bbox 760 2208 946 2272; x_wconf 80' lang='lat' dir='ltr'><strong>adversariis</strong></span> <span class='ocrx_word' id='word_1_164' title='bbox 959 2213 1098 2275; x_wconf 73' lang='lat' dir='ltr'><strong>arbitra.</strong></span> 
     </span>
     <span class='ocr_line' id='line_1_25' title="bbox 128 2288 1100 2365; baseline -0.006 -15"><span class='ocrx_word' id='word_1_165' title='bbox 128 2291 253 2359; x_wconf 86' lang='lat' dir='ltr'><strong>bantur,</strong></span> <span class='ocrx_word' id='word_1_166' title='bbox 269 2291 307 2350; x_wconf 80' lang='lat' dir='ltr'><strong>acl</strong></span> <span class='ocrx_word' id='word_1_167' title='bbox 321 2308 389 2349; x_wconf 93' lang='lat' dir='ltr'><strong>eum</strong></span> <span class='ocrx_word' id='word_1_168' title='bbox 403 2288 516 2355; x_wconf 90' lang='lat' dir='ltr'><strong>locum,</strong></span> <span class='ocrx_word' id='word_1_169' title='bbox 532 2289 585 2365; x_wconf 84' lang='lat' dir='ltr'><strong>qui</strong></span> <span class='ocrx_word' id='word_1_170' title='bbox 599 2289 804 2365; x_wconf 82' lang='lat' dir='ltr'><strong>appellabatur</strong></span> <span class='ocrx_word' id='word_1_171' title='bbox 817 2293 973 2365; x_wconf 72' lang='lat' dir='ltr'><strong>Palaeste,</strong></span> <span class='ocrx_word' id='word_1_172' title='bbox 996 2301 1100 2359; x_wconf 68' lang='lat' dir='ltr'><strong>omni.</strong></span> 
     </span>
     <span class='ocr_line' id='line_1_26' title="bbox 128 2370 985 2456; baseline 0.007 -22"><span class='ocrx_word' id='word_1_173' title='bbox 128 2374 187 2434; x_wconf 91' lang='lat' dir='ltr'><strong>bus</strong></span> <span class='ocrx_word' id='word_1_174' title='bbox 200 2375 326 2434; x_wconf 80' lang='lat' dir='ltr'><strong>navibus</strong></span> <span class='ocrx_word' id='word_1_175' title='bbox 339 2374 376 2433; x_wconf 86' lang='lat' dir='ltr'><strong>ad</strong></span> <span class='ocrx_word' id='word_1_176' title='bbox 390 2389 479 2430; x_wconf 89' lang='lat' dir='ltr'><strong>unam</strong></span> <span class='ocrx_word' id='word_1_177' title='bbox 493 2370 693 2432; x_wconf 82' lang='lat' dir='ltr'><strong>incolumibus</strong></span> <span class='ocrx_word' id='word_1_178' title='bbox 706 2375 820 2436; x_wconf 88' lang='lat' dir='ltr'><strong>milites</strong></span> <span class='ocrx_word' id='word_1_179' title='bbox 833 2383 985 2456; x_wconf 82' lang='lat' dir='ltr'><strong>exposuit.</strong></span> 
     </span>
    </p>

    <p class='ocr_par' dir='ltr' id='par_1_6' title="bbox 104 2454 1101 2629">
     <span class='ocr_line' id='line_1_27' title="bbox 104 2454 1101 2534; baseline 0.012 -18"><span class='ocrx_word' id='word_1_180' title='bbox 104 2470 118 2516; x_wconf 83' lang='grc' dir='ltr'>ι</span> <span class='ocrx_word' id='word_1_181' title='bbox 192 2457 253 2517; x_wconf 77' lang='lat' dir='ltr'><strong>Vll.</strong></span> <span class='ocrx_word' id='word_1_182' title='bbox 275 2459 370 2519; x_wconf 81' lang='lat' dir='ltr'><strong>Erant</strong></span> <span class='ocrx_word' id='word_1_183' title='bbox 384 2455 467 2515; x_wconf 84' lang='lat' dir='ltr'><strong>Orici</strong></span> <span class='ocrx_word' id='word_1_184' title='bbox 480 2454 639 2514; x_wconf 80' lang='lat' dir='ltr'><strong>Lucretius</strong></span> <span class='ocrx_word' id='word_1_185' title='bbox 651 2456 781 2534; x_wconf 79' lang='lat' dir='ltr'><strong>Vespillo</strong></span> <span class='ocrx_word' id='word_1_186' title='bbox 796 2460 988 2525; x_wconf 80' lang='lat' dir='ltr'><strong>etitinucius</strong></span> <span class='ocrx_word' id='word_1_187' title='bbox 996 2464 1101 2529; x_wconf 79' lang='lat' dir='ltr'><strong>Rufus</strong></span> 
     </span>
     <span class='ocr_line' id='line_1_28' title="bbox 129 2537 1101 2629; baseline 0.009 -28"><span class='ocrx_word' id='word_1_188' title='bbox 129 2559 198 2601; x_wconf 90' lang='lat' dir='ltr'><strong>cum</strong></span> <span class='ocrx_word' id='word_1_189' title='bbox 212 2543 351 2603; x_wconf 78' lang='lat' dir='ltr'><strong>Asiaticis</strong></span> <span class='ocrx_word' id='word_1_190' title='bbox 365 2537 491 2600; x_wconf 84' lang='lat' dir='ltr'><strong>navibus</strong></span> <span class='ocrx_word' id='word_1_191' title='bbox 504 2550 603 2607; x_wconf 73' lang='lat' dir='ltr'><strong>xm</strong></span> <span class='ocrx_word' id='word_1_192' title='bbox 617 2539 729 2617; x_wconf 81' lang='lat' dir='ltr'><strong>quibus</strong></span> <span class='ocrx_word' id='word_1_193' title='bbox 742 2544 827 2602; x_wconf 91' lang='lat' dir='ltr'><strong>iussu</strong></span> <span class='ocrx_word' id='word_1_194' title='bbox 840 2543 876 2604; x_wconf 79' lang='grc' dir='ltr'><strong>Ι).</strong></span> <span class='ocrx_word' id='word_1_195' title='bbox 891 2546 989 2609; x_wconf 83' lang='lat' dir='ltr'><strong>Laelii</strong></span> <span class='ocrx_word' id='word_1_196' title='bbox 1005 2569 1101 2629; x_wconf 80' lang='lat' dir='ltr'><strong>prae·</strong></span> 
     </span>
    </p>

    <p class='ocr_par' dir='ltr' id='par_1_7' title="bbox 102 2621 1106 3206">
     <span class='ocr_line' id='line_1_29' title="bbox 102 2621 1100 2716; baseline 0.004 -33"><span class='ocrx_word' id='word_1_197' title='bbox 102 2632 231 2692; x_wconf 69' lang='lat' dir='ltr'><strong>terant,</strong></span> <span class='ocrx_word' id='word_1_198' title='bbox 247 2626 286 2686; x_wconf 87' lang='lat' dir='ltr'><strong>ll.</strong></span> <span class='ocrx_word' id='word_1_199' title='bbox 301 2624 427 2684; x_wconf 87' lang='lat' dir='ltr'><strong>Bibulus</strong></span> <span class='ocrx_word' id='word_1_200' title='bbox 440 2641 508 2681; x_wconf 90' lang='lat' dir='ltr'><strong>cum</strong></span> <span class='ocrx_word' id='word_1_201' title='bbox 522 2621 649 2682; x_wconf 79' lang='lat' dir='ltr'><strong>navibrm</strong></span> <span class='ocrx_word' id='word_1_202' title='bbox 661 2636 709 2683; x_wconf 79' lang='lat' dir='ltr'><strong>cx</strong></span> <span class='ocrx_word' id='word_1_203' title='bbox 722 2625 881 2705; x_wconf 72' lang='lat' dir='ltr'><strong>Corcyrae.</strong></span> <span class='ocrx_word' id='word_1_204' title='bbox 916 2631 979 2694; x_wconf 80' lang='lat' dir='ltr'><strong>Sed</strong></span> <span class='ocrx_word' id='word_1_205' title='bbox 993 2653 1100 2716; x_wconf 64' lang='lat' dir='ltr'><strong>neque</strong></span> 
     </span>
     <span class='ocr_line' id='line_1_30' title="bbox 128 2706 1102 2790; baseline 0.007 -22"><span class='ocrx_word' id='word_1_206' title='bbox 128 2707 172 2768; x_wconf 92' lang='lat' dir='ltr'><strong>illi</strong></span> <span class='ocrx_word' id='word_1_207' title='bbox 191 2706 250 2768; x_wconf 90' lang='lat' dir='ltr'><strong>sibi</strong></span> <span class='ocrx_word' id='word_1_208' title='bbox 270 2710 373 2769; x_wconf 86' lang='lat' dir='ltr'><strong>conlisi</strong></span> <span class='ocrx_word' id='word_1_209' title='bbox 393 2726 431 2766; x_wconf 86' lang='lat' dir='ltr'><strong>ex</strong></span> <span class='ocrx_word' id='word_1_210' title='bbox 449 2714 536 2790; x_wconf 86' lang='lat' dir='ltr'><strong>portu</strong></span> <span class='ocrx_word' id='word_1_211' title='bbox 555 2706 677 2784; x_wconf 80' lang='lat' dir='ltr'><strong>prodire</strong></span> <span class='ocrx_word' id='word_1_212' title='bbox 697 2717 768 2768; x_wconf 79' lang='lat' dir='ltr'><strong>siut</strong></span> <span class='ocrx_word' id='word_1_213' title='bbox 786 2714 867 2781; x_wconf 89' lang='lat' dir='ltr'><strong>ausi,</strong></span> <span class='ocrx_word' id='word_1_214' title='bbox 891 2733 963 2776; x_wconf 85' lang='lat' dir='ltr'><strong>cum</strong></span> <span class='ocrx_word' id='word_1_215' title='bbox 982 2719 1102 2782; x_wconf 70' lang='lat' dir='ltr'><strong>Caesar</strong></span> 
     </span>
     <span class='ocr_line' id='line_1_31' title="bbox 130 2790 1105 2882; baseline 0.008 -29"><span class='ocrx_word' id='word_1_216' title='bbox 130 2794 252 2853; x_wconf 90' lang='lat' dir='ltr'><strong>omuino</strong></span> <span class='ocrx_word' id='word_1_217' title='bbox 271 2807 325 2853; x_wconf 75' lang='grc' dir='ltr'><strong>ΧΗ</strong></span> <span class='ocrx_word' id='word_1_218' title='bbox 340 2810 430 2853; x_wconf 81' lang='lat' dir='ltr'><strong>naves</strong></span> <span class='ocrx_word' id='word_1_219' title='bbox 454 2790 556 2868; x_wconf 81' lang='lat' dir='ltr'><strong>longas</strong></span> <span class='ocrx_word' id='word_1_220' title='bbox 579 2792 730 2868; x_wconf 79' lang='lat' dir='ltr'><strong>praesidio</strong></span> <span class='ocrx_word' id='word_1_221' title='bbox 749 2793 899 2866; x_wconf 83' lang='lat' dir='ltr'><strong>duxisset,</strong></span> <span class='ocrx_word' id='word_1_222' title='bbox 926 2802 961 2860; x_wconf 91' lang='lat' dir='ltr'><strong>in</strong></span> <span class='ocrx_word' id='word_1_223' title='bbox 981 2803 1105 2882; x_wconf 80' lang='lat' dir='ltr'><strong>quibus</strong></span> 
     </span>
     <span class='ocr_line' id='line_1_32' title="bbox 130 2875 1105 2959; baseline 0.013 -21"><span class='ocrx_word' id='word_1_224' title='bbox 130 2884 215 2938; x_wconf 89' lang='lat' dir='ltr'><strong>eraut</strong></span> <span class='ocrx_word' id='word_1_225' title='bbox 234 2885 402 2939; x_wconf 82' lang='lat' dir='ltr'><strong>constratae</strong></span> <span class='ocrx_word' id='word_1_226' title='bbox 422 2888 493 2944; x_wconf 87' lang='lat' dir='ltr'><strong>1n1,</strong></span> <span class='ocrx_word' id='word_1_227' title='bbox 522 2892 620 2953; x_wconf 83' lang='lat' dir='ltr'><strong>neque</strong></span> <span class='ocrx_word' id='word_1_228' title='bbox 640 2875 767 2936; x_wconf 79' lang='lat' dir='ltr'><strong>bibulus</strong></span> <span class='ocrx_word' id='word_1_229' title='bbox 786 2880 945 2959; x_wconf 86' lang='lat' dir='ltr'><strong>impeditis</strong></span> <span class='ocrx_word' id='word_1_230' title='bbox 964 2888 1105 2950; x_wconf 83' lang='lat' dir='ltr'><strong>navibus</strong></span> 
     </span>
     <span class='ocr_line' id='line_1_33' title="bbox 130 2958 1106 3049; baseline 0.017 -36"><span class='ocrx_word' id='word_1_231' title='bbox 130 2962 331 3043; x_wconf 66' lang='lat' dir='ltr'><strong>dispersisque</strong></span> <span class='ocrx_word' id='word_1_232' title='bbox 345 2958 512 3044; x_wconf 76' lang='lat' dir='ltr'><strong>remigibus</strong></span> <span class='ocrx_word' id='word_1_233' title='bbox 525 2962 599 3018; x_wconf 90' lang='lat' dir='ltr'><strong>satis</strong></span> <span class='ocrx_word' id='word_1_234' title='bbox 610 2965 726 3019; x_wconf 88' lang='lat' dir='ltr'><strong>mature</strong></span> <span class='ocrx_word' id='word_1_235' title='bbox 741 2967 889 3033; x_wconf 89' lang='lat' dir='ltr'><strong>occurrit,</strong></span> <span class='ocrx_word' id='word_1_236' title='bbox 910 2970 994 3045; x_wconf 80' lang='lat' dir='ltr'><strong>quod</strong></span> <span class='ocrx_word' id='word_1_237' title='bbox 1011 2975 1106 3049; x_wconf 87' lang='lat' dir='ltr'><strong>prius</strong></span> 
     </span>
     <span class='ocr_line' id='line_1_34' title="bbox 130 3043 1105 3122; baseline 0.012 -17"><span class='ocrx_word' id='word_1_238' title='bbox 130 3045 168 3105; x_wconf 82' lang='lat' dir='ltr'><strong>ad</strong></span> <span class='ocrx_word' id='word_1_239' title='bbox 187 3050 392 3108; x_wconf 78' lang='lat' dir='ltr'><strong>confinentem</strong></span> <span class='ocrx_word' id='word_1_240' title='bbox 415 3045 496 3102; x_wconf 83' lang='lat' dir='ltr'><strong>visus</strong></span> <span class='ocrx_word' id='word_1_241' title='bbox 514 3049 559 3101; x_wconf 88' lang='lat' dir='ltr'><strong>est</strong></span> <span class='ocrx_word' id='word_1_242' title='bbox 573 3043 695 3110; x_wconf 76' lang='lat' dir='ltr'><strong>Caesar,</strong></span> <span class='ocrx_word' id='word_1_243' title='bbox 716 3062 806 3122; x_wconf 86' lang='lat' dir='ltr'><strong>quarn</strong></span> <span class='ocrx_word' id='word_1_244' title='bbox 826 3048 863 3107; x_wconf 83' lang='lat' dir='ltr'><strong>dc</strong></span> <span class='ocrx_word' id='word_1_245' title='bbox 880 3051 949 3110; x_wconf 89' lang='lat' dir='ltr'><strong>eius</strong></span> <span class='ocrx_word' id='word_1_246' title='bbox 962 3053 1105 3116; x_wconf 79' lang='lat' dir='ltr'><strong>adventu</strong></span> 
     </span>
     <span class='ocr_line' id='line_1_35' title="bbox 129 3127 814 3206; baseline -0.003 -15"><span class='ocrx_word' id='word_1_247' title='bbox 129 3131 207 3191; x_wconf 83' lang='lat' dir='ltr'><strong>lama</strong></span> <span class='ocrx_word' id='word_1_248' title='bbox 222 3134 343 3191; x_wconf 88' lang='lat' dir='ltr'><strong>omniuo</strong></span> <span class='ocrx_word' id='word_1_249' title='bbox 357 3132 388 3188; x_wconf 89' lang='lat' dir='ltr'><strong>iu</strong></span> <span class='ocrx_word' id='word_1_250' title='bbox 404 3147 454 3188; x_wconf 90' lang='lat' dir='ltr'><strong>eas</strong></span> <span class='ocrx_word' id='word_1_251' title='bbox 468 3127 606 3202; x_wconf 83' lang='lat' dir='ltr'><strong>regiones</strong></span> <span class='ocrx_word' id='word_1_252' title='bbox 618 3128 814 3206; x_wconf 81' lang='lat' dir='ltr'><strong>perferretur.</strong></span> 
     </span>
    </p>

    <p class='ocr_par' dir='ltr' id='par_1_8' title="bbox 106 3208 1105 3390">
     <span class='ocr_line' id='line_1_36' title="bbox 106 3208 1105 3293; baseline 0.008 -22"><span class='ocrx_word' id='word_1_253' title='bbox 106 3226 120 3271; x_wconf 88' lang='lat'>1</span> <span class='ocrx_word' id='word_1_254' title='bbox 195 3211 269 3276; x_wconf 80' lang='lat' dir='ltr'><strong>vni</strong></span> <span class='ocrx_word' id='word_1_255' title='bbox 289 3215 439 3293; x_wconf 81' lang='lat' dir='ltr'><strong>Expositis</strong></span> <span class='ocrx_word' id='word_1_256' title='bbox 457 3208 604 3270; x_wconf 75' lang='lat' dir='ltr'><strong>militibus</strong></span> <span class='ocrx_word' id='word_1_257' title='bbox 622 3229 714 3270; x_wconf 77' lang='lat' dir='ltr'><strong>nares</strong></span> <span class='ocrx_word' id='word_1_258' title='bbox 731 3213 836 3274; x_wconf 84' lang='lat' dir='ltr'><strong>eadem</strong></span> <span class='ocrx_word' id='word_1_259' title='bbox 856 3226 944 3278; x_wconf 86' lang='lat' dir='ltr'><strong>nocte</strong></span> <span class='ocrx_word' id='word_1_260' title='bbox 962 3223 1105 3292; x_wconf 65' lang='lat' dir='ltr'><strong>Brundi.</strong></span> 
     </span>
     <span class='ocr_line' id='line_1_37' title="bbox 132 3293 1104 3390; baseline 0.004 -30"><span class='ocrx_word' id='word_1_261' title='bbox 132 3301 210 3360; x_wconf 90' lang='lat' dir='ltr'><strong>sium</strong></span> <span class='ocrx_word' id='word_1_262' title='bbox 225 3318 242 3359; x_wconf 85' lang='lat' dir='ltr'><strong>a</strong></span> <span class='ocrx_word' id='word_1_263' title='bbox 257 3301 382 3362; x_wconf 81' lang='lat' dir='ltr'><strong>Caesare</strong></span> <span class='ocrx_word' id='word_1_264' title='bbox 398 3297 605 3361; x_wconf 80' lang='lat' dir='ltr'><strong>remittrmtur,</strong></span> <span class='ocrx_word' id='word_1_265' title='bbox 627 3301 661 3353; x_wconf 91' lang='lat' dir='ltr'><strong>ut</strong></span> <span class='ocrx_word' id='word_1_266' title='bbox 675 3293 809 3373; x_wconf 88' lang='lat' dir='ltr'><strong>reliquae</strong></span> <span class='ocrx_word' id='word_1_267' title='bbox 824 3298 962 3376; x_wconf 79' lang='lat' dir='ltr'><strong>legiones</strong></span> <span class='ocrx_word' id='word_1_268' title='bbox 978 3316 1104 3390; x_wconf 61' lang='lat' dir='ltr'><strong>equita.</strong></span> 
     </span>
    </p>

    <p class='ocr_par' dir='ltr' id='par_1_9' title="bbox 104 3377 1106 3550">
     <span class='ocr_line' id='line_1_38' title="bbox 104 3377 1105 3462; baseline 0.004 -22"><span class='ocrx_word' id='word_1_269' title='bbox 104 3393 237 3462; x_wconf 76' lang='lat' dir='ltr'><strong>utusque</strong></span> <span class='ocrx_word' id='word_1_270' title='bbox 253 3383 449 3462; x_wconf 82' lang='lat' dir='ltr'><strong>transportari</strong></span> <span class='ocrx_word' id='word_1_271' title='bbox 463 3385 594 3458; x_wconf 86' lang='lat' dir='ltr'><strong>possent</strong></span> <span class='ocrx_word' id='word_1_272' title='bbox 623 3377 699 3437; x_wconf 88' lang='lat' dir='ltr'><strong>lluic</strong></span> <span class='ocrx_word' id='word_1_273' title='bbox 711 3379 810 3439; x_wconf 86' lang='lat' dir='ltr'><strong>officio</strong></span> <span class='ocrx_word' id='word_1_274' title='bbox 822 3391 1017 3462; x_wconf 68' lang='lat' dir='ltr'><strong>praepositus</strong></span> <span class='ocrx_word' id='word_1_275' title='bbox 1033 3408 1105 3460; x_wconf 61' lang='lat' dir='ltr'><strong>em</strong></span> 
     </span>
     <span class='ocr_line' id='line_1_39' title="bbox 124 3461 1106 3550; baseline -0.01 -19"><span class='ocrx_word' id='word_1_276' title='bbox 124 3469 232 3531; x_wconf 70' lang='lat' dir='ltr'><strong>rmus</strong></span> <span class='ocrx_word' id='word_1_277' title='bbox 245 3471 372 3534; x_wconf 76' lang='lat' dir='ltr'><strong>Calenus</strong></span> <span class='ocrx_word' id='word_1_278' title='bbox 385 3466 516 3545; x_wconf 84' lang='lat' dir='ltr'><strong>legatus,</strong></span> <span class='ocrx_word' id='word_1_279' title='bbox 538 3464 593 3543; x_wconf 81' lang='lat' dir='ltr'><strong>qui</strong></span> <span class='ocrx_word' id='word_1_280' title='bbox 605 3461 790 3524; x_wconf 85' lang='lat' dir='ltr'><strong>celeritatem</strong></span> <span class='ocrx_word' id='word_1_281' title='bbox 803 3466 838 3527; x_wconf 86' lang='lat' dir='ltr'><strong>in</strong></span> <span class='ocrx_word' id='word_1_282' title='bbox 849 3475 1106 3550; x_wconf 58' lang='lat' dir='ltr'><strong>transponam,</strong></span> 
     </span>
    </p>
   </div>
   <div class='ocr_carea' id='block_1_3' title="bbox 0 0 1195 3870">
    <p class='ocr_par' dir='ltr' id='par_1_10' title="bbox 0 0 1195 3870">
     <span class='ocr_line' id='line_1_40' title="bbox 0 0 1195 3870; baseline 0 0"><span class='ocrx_word' id='word_1_283' title='bbox 0 0 1195 3870; x_wconf 95' lang='lat' dir='ltr'><strong> </strong></span> 
     </span>
    </p>
   </div>
  </div>
 </body>
</html>
