2356 3870
348 209 446 267 cciiii.
463 210 491 267 ll.
508 211 577 267 CAP.
593 210 754 268 llll-lillll.
997 216 1039 281 85

68 376 204 454 equitatu
223 381 327 436 nostro
346 392 377 434 nr
398 375 505 434 itinere
527 372 740 444 conflixerunt,
766 384 864 437 tarnen
886 383 919 435 ut
940 376 1035 435 nostri

67 458 207 521 omnibus
227 457 362 538 partibus
383 460 555 538 superiores
582 458 693 520 luerint
713 467 802 536 atque
823 479 874 521 cos
896 460 925 518 in
948 458 1035 519 siivas

68 542 222 620 collesque
243 541 445 622 conpulerint;
473 542 527 603 sed
554 542 746 622 conpluribus
767 544 931 604 interiectis
953 543 1064 620 cupi-2

67 627 136 689 dius
157 627 284 688 insecuti
304 625 464 687 nonnullos
485 645 521 686 ex
542 627 603 687 suis
624 629 796 688 amiserunt.
835 631 870 688 iit
885 626 928 687 iiii
942 628 1064 687 inter-3

66 712 160 773 misso
185 711 296 790 spatio,
323 709 551 789 inprudentibus
575 713 685 772 nostris
712 720 801 788 atquc
826 712 977 789 occupetis
1004 711 1034 771 in

50 795 233 856 ⁴munitione
248 801 429 863 castrorum,
452 793 550 856 subito
571 813 603 856 se
626 814 661 854 or
683 795 764 856 silvis
783 797 935 856 eiecerunt
949 792 1034 877 inpe2

66 886 161 957 tuque
174 879 206 939 in
222 896 274 939 eos
288 880 381 947 iacto,
399 879 449 955 qui
464 885 549 939 erant
563 880 594 940 in
610 880 736 940 statione
750 897 806 958 pro
823 880 928 939 castris
944 877 1034 938 colio·

66 964 140 1032 cati,
163 963 272 1024 acriter
287 969 508 1041 pugnaverunt,
532 963 708 1041 duabusque
722 965 820 1024 missis
836 962 968 1023 subsidio
985 969 1063 1021 co·⁴

65 1043 205 1107 hortibus
225 1065 240 1106 a
263 1045 403 1116 Caesare,
427 1052 516 1122 atque
538 1045 584 1106 his
607 1048 711 1126 primis
730 1046 880 1125 legionum
896 1046 1033 1114 duarum,

66 1148 135 1191 eum
149 1129 207 1191 hae
220 1130 384 1208 perexiguo
400 1131 570 1190 intermisso
590 1130 648 1191 ioci
670 1133 765 1210 spatio
779 1132 859 1192 inter
875 1149 908 1190 se
924 1130 1032 1190 consti·

65 1215 187 1284 iissent,
204 1231 282 1274 novo
297 1230 407 1292 genere
418 1230 536 1293 pugnae
547 1216 717 1294 perterritis
729 1215 839 1276 nostris
854 1232 909 1293 per
921 1214 1034 1274 medios

65 1297 262 1360 audacissime
282 1304 487 1377 perruperunt
512 1316 605 1376 seque
630 1298 700 1359 inde
721 1298 885 1359 incolumes
910 1314 1033 1375 recepe·

65 1388 146 1445 runt.
184 1381 227 1443 lio
248 1380 296 1441 die
312 1381 439 1451 Quintus
459 1380 604 1443 Laberius
624 1383 722 1444 Durus
748 1383 887 1444 tribunus
907 1380 1062 1441 militumb

64 1466 266 1610 puteriicitur,
304 1464 351 1526 llli
378 1465 516 1544 pluribus
546 1467 701 1528 submissis
731 1465 904 1527 cohortibus
933 1463 1032 1545 repel-

76 1557 177 1611 untur.

127 1633 201 1695 xvi.
228 1633 308 1711 ¹'l'oto
328 1632 386 1694 hoc
406 1635 438 1692 in
462 1649 574 1710 genere
599 1649 733 1713 pugnae,
762 1651 828 1694 curn
855 1632 910 1695 sub
938 1631 1058 1692 oculisl

65 1718 199 1778 omnium
214 1735 249 1777 ac
262 1736 320 1796 pro
336 1717 440 1778 castris
455 1716 664 1788 dimicaretur,
689 1717 874 1778 intellectum
895 1725 955 1785 est,
978 1734 1032 1776 no·
1135 1730 1138 1738 ·

63 1808 144 1862 siros
163 1809 288 1881 propter
308 1802 481 1880 gravitatem
503 1819 669 1871 armorum,
697 1802 775 1878 quod
797 1818 895 1878 neque
915 1801 1033 1876 insequi

62 1884 205 1946 cedentes
218 1893 342 1965 possent
357 1902 455 1961 neque
470 1883 506 1944 ab
522 1885 614 1962 signis
629 1885 785 1946 discedere
800 1884 960 1952 auderent,
977 1886 1032 1944 mi·

62 1985 122 2030 nus
142 1975 228 2048 apios
249 1986 316 2031 esse
336 1967 374 2029 ad
395 1968 483 2028 buius
503 1970 621 2046 generis
642 1969 773 2039 hostem,
799 1970 914 2046 equites
933 1975 1061 2028 autema

61 2069 172 2130 magno
198 2071 267 2114 cum
292 2051 427 2132 periculo
448 2051 562 2135 proelio
583 2053 739 2123 dimicare,
765 2060 925 2132 propterea
953 2051 1032 2128 quod

60 2135 107 2197 iili
127 2137 214 2197 etiam
236 2135 372 2199 consulto
393 2135 571 2216 plerumque
593 2137 736 2199 cederent
757 2145 800 2206 et,
822 2155 889 2198 cum
910 2136 1032 2216 paulum

61 2219 100 2282 ab
121 2219 289 2298 legionibus
308 2227 429 2282 nostros
449 2222 660 2291 removissent,
689 2239 725 2282 ex
746 2221 857 2282 essedis
878 2219 1033 2280 desilirent

61 2311 93 2365 et
107 2303 237 2384 pedibus
251 2304 364 2385 dispari
378 2303 492 2384 proelio
508 2305 732 2366 contenderent.
761 2305 917 2382 Equestris
933 2309 1060 2363 autema

59 2387 171 2467 proelii
196 2390 273 2450 ratio
302 2398 332 2450 et
358 2387 532 2449 cedentibus
559 2396 589 2448 et
608 2387 835 2466 insequentibus
860 2406 915 2467 par
943 2395 1032 2463 atque

59 2472 142 2534 idem
157 2471 326 2552 periculum
340 2471 496 2534 inserebat.
532 2472 699 2534 Accedebat
719 2472 792 2542 buc,
816 2478 850 2532 ut
869 2477 1060 2546 numquami

61 2556 207 2627 conierti,
226 2556 279 2618 sed
293 2557 355 2618 rari
369 2557 543 2634 magnisque
557 2556 719 2618 intervallis
734 2556 955 2635 proeliarentur
972 2563 1030 2615 sta·

60 2641 221 2718 tionesque
241 2640 397 2721 dispositas
419 2636 579 2711 haberent,
606 2650 695 2719 atque
721 2640 794 2701 alios
821 2641 868 2701 aiii
891 2639 1031 2717 deinceps

61 2724 239 2804 exciperent
251 2725 421 2804 integrique
436 2732 466 2784 et
487 2731 626 2786 recentes
641 2725 807 2803 defetigatis
822 2723 1028 2785 succederent

125 2807 214 2870 xvii
238 2809 363 2870 Postero
383 2808 431 2869 die
451 2807 557 2888 procul
572 2810 708 2871 acastris
729 2806 832 2869 hostes
855 2809 886 2867 in
903 2805 1056 2867 collibusl

59 2893 265 2954 constitertmt
284 2893 406 2970 rarique
426 2910 459 2953 se
480 2892 640 2954 ostendere
661 2899 690 2952 et
710 2892 808 2952 lenius
823 2909 912 2968 quam
934 2890 1030 2969 pridie

58 2981 182 3038 nosnos
198 2977 314 3054 equites
327 2975 443 3056 proelio
459 2975 606 3038 lacessere
622 2983 795 3056 coeperunt.
821 2975 880 3036 Sed
895 2975 1058 3044 meridie‚2

57 3077 131 3122 cum
151 3058 259 3122 Caesar
279 3059 440 3141 pabulandi
461 3078 549 3128 causa
564 3068 626 3122 tres
646 3060 780 3139 legiones
800 3067 889 3138 atque
911 3079 1028 3120 omnem

58 3144 228 3222 equitatum
242 3162 311 3206 cum
326 3143 399 3205 Gaio
413 3143 564 3206 Trebonio
579 3144 676 3224 iegato
691 3145 835 3216 misisset,
851 3152 977 3224 repente
994 3161 1029 3203 ex

56 3226 201 3290 omnibus
214 3227 352 3308 partibus
366 3227 403 3289 ad
418 3227 608 3308 pabulatores
628 3228 853 3299 advolaverunt,
877 3231 919 3290 sic
934 3229 978 3288 uti
993 3226 1029 3288 ab

56 3313 153 3390 signis
168 3310 396 3391 legionibusque
410 3329 471 3373 non
483 3311 670 3375 absisterent.
694 3313 796 3374 Nostri
811 3314 920 3374 acriter
934 3313 1028 3372 ineos
1042 3316 1058 3367 e

55 3397 175 3476 impetu
189 3396 268 3457 facio
282 3395 481 3476 reppulerunt
496 3414 594 3475 neque
614 3399 704 3458 linem
720 3396 866 3475 sequendi
880 3399 1027 3463 iecerunt,

55 3479 157 3561 quoad
172 3478 306 3543 subsidio
321 3480 424 3543 contisi
440 3483 571 3558 equites,
589 3499 656 3544 cum
671 3489 739 3562 post
754 3501 787 3542 se
802 3480 935 3558 legiones
947 3477 1028 3539 ride·
