2356 3870
413 210 490 268 GAP.
504 211 666 270 LII-LVI.
981 209 1021 274 'il

55 377 204 436 meaeque
238 362 385 434 lenitatis,
423 362 587 421 modestiae
616 363 842 436 patientiaeque
876 365 1022 424 rationem

55 443 243 506 habuissent.
287 445 350 504 Sed
370 447 512 520 quoniam
534 442 598 522 ipsi·
615 447 673 506 sibi
685 461 779 520 neque
793 447 912 507 modum
928 464 1022 521 neque
1040 456 1062 504 3

60 532 216 591 terminum
238 532 438 601 constituunt,
462 545 522 604 qna
543 533 639 589 ceteri
658 531 840 591 dissimiliter
853 546 885 590 se
897 537 1019 605 perant,

58 618 176 688 eqomet
196 615 259 689 ipse
281 615 486 687 documentum
508 629 592 673 mare
611 615 739 674 militari
757 615 943 675 constituam.
988 616 1059 675 aa

61 700 187 770 Aniene,
218 697 301 770 qaod
329 699 360 757 in
382 697 477 757 Italia
502 699 610 757 milites
636 700 743 773 populi
761 695 894 758 Romani
914 704 1023 759 eontra

60 781 275 856 rempublicam
297 777 452 852 instiqasti
470 784 657 856 rapinasque
670 797 731 857 per
744 784 909 855 municipia
919 781 1026 853 fecisti

59 866 201 939 qnodque
227 865 302 927 mibi
335 866 439 939 reique
472 865 613 939 publicae
648 867 761 925 inutilis
791 864 885 936 suisti
911 875 939 924 et
961 881 1024 941 pro

60 949 203 1008 militibus
235 955 318 1008 tuam
341 946 496 1019 familiam
521 951 711 1023 iumentaque
737 951 769 1009 in
796 964 888 1008 naues
904 951 1026 1024 inposu-

58 1033 125 1104 isti,
161 1037 271 1106 tuaque
304 1047 398 1106 opera
432 1033 574 1092 militibus
605 1039 737 1108 tempore
767 1035 935 1107 necessario
961 1048 1023 1090 res·

60 1116 184 1191 publica
205 1120 304 1190 earet,
323 1116 358 1176 ab
379 1132 432 1176 eas
452 1133 501 1175 res
522 1118 704 1192 iqnominiae
724 1133 819 1178 causa
833 1117 872 1183 ab
886 1117 1024 1177 exercita

60 1214 126 1259 meo
148 1206 175 1257 te
196 1214 332 1265 remoneo
353 1201 498 1283 badioque
524 1216 564 1260 ere
586 1201 698 1272 Africa
726 1201 827 1261 abesse
853 1206 899 1275 et,
929 1216 1022 1274 quan·

60 1292 124 1342 tum
147 1289 233 1358 pote,
261 1279 419 1358 proticisci
444 1284 537 1344 iubeo.
592 1283 726 1360 Itemque
748 1291 789 1356 te,
811 1283 888 1343 Aule
903 1285 1021 1355 Fontei,

60 1366 145 1441 quod
164 1367 301 1427 tribunus
327 1370 451 1429 militnm
472 1369 629 1429 seditiosus
650 1370 807 1443 malusque
827 1370 901 1435 einis
923 1366 1022 1439 suisti,

61 1459 91 1510 te
113 1450 151 1509 ab
172 1453 309 1511 exercitu
330 1453 454 1512 dimitto.
484 1449 547 1509 Tite
559 1451 697 1525 Saliene,
722 1452 767 1515 M.
794 1450 875 1530 Tiro,
900 1450 931 1511 0.
957 1450 1059 1509 Clu-5
1088 1463 1091 1468 ·

60 1537 155 1607 sinus,
178 1549 246 1594 cum
268 1536 389 1595 ordines
410 1538 442 1594 in
462 1551 525 1594 meo
547 1537 688 1608 exercitu
702 1536 859 1608 beneficio,
883 1551 941 1595 nan
964 1535 1023 1594 air·

61 1625 126 1678 tute
146 1620 301 1679 consecuti
324 1621 368 1678 ita
396 1635 447 1679 uos
467 1620 634 1695 posseritis,
659 1624 692 1678 ut
713 1634 810 1692 neque
830 1618 1025 1688 bellefortis

62 1718 158 1776 neque
174 1719 255 1778 pace
275 1703 347 1763 bani
366 1710 419 1763 aut
440 1704 529 1762 utiles
541 1701 667 1774 fueritis
680 1707 710 1760 et
723 1705 820 1776 mapis
833 1705 866 1761 in
880 1703 1025 1761 seditione

60 1787 309 1861 concitandisque
329 1787 472 1847 militibus
494 1787 652 1846 aduersum
667 1791 796 1845 uestrum
811 1787 1025 1860 imperatorem

62 1886 154 1944 qnam
173 1871 302 1945 pudoris
323 1871 541 1944 modestiaeque
565 1868 689 1942 fueritis
708 1871 915 1942 studiosiores,
946 1869 1025 1929 indi·

60 1971 139 2027 qnos
167 1971 218 2014 uos
244 1970 307 2013 esse
333 1955 483 2027 arbitror,
514 1955 567 2028 qai
592 1955 624 2012 in
644 1969 710 2013 mea
737 1955 875 2013 exercitu
902 1954 1025 2013 ordines

61 2038 199 2113 ducatis,
221 2041 383 2116 missosque
399 2037 488 2109 facio
510 2045 554 2112 et,
583 2043 736 2111 quantum·
747 2042 831 2112 pote,
861 2037 963 2097 abesse
983 2052 1025 2096 ece

65 2120 179 2193 Africa
200 2122 295 2183 iubeo.
340 2121 442 2200 ltaque
465 2120 558 2193 tradit
578 2138 630 2181 eos
651 2119 882 2181 centurionibus
908 2127 940 2181 et
961 2121 1023 2193 sin·
1044 2135 1063 2183 a

61 2204 143 2282 gulis
170 2223 230 2267 non
258 2205 385 2283 amplius
414 2204 549 2285 sinqulqs
577 2203 694 2265 additos
722 2222 824 2267 servos
851 2206 884 2277 iu
918 2222 1026 2279 navem

64 2288 252 2368 inponendos
274 2291 435 2369 separatim
459 2292 583 2351 curavit.
961 2324 963 2327 ·

127 2372 184 2432 LV.
228 2374 347 2443 Gaetuli
373 2374 496 2434 interim
522 2374 681 2451 perfugae,
716 2391 790 2452 quos
818 2392 887 2435 cum
904 2374 1062 2445 -litterist

62 2457 270 2537 mandatisque
293 2477 311 2522 a
331 2458 457 2526 Caesare
479 2458 586 2518 missos
601 2475 690 2534 supra
705 2456 871 2533 docuimus,
895 2456 933 2517 ad
954 2475 1027 2525 suos

62 2542 145 2601 cives
174 2544 364 2620 perveniunt.
415 2541 548 2611 Quorum
577 2542 755 2618 auctoritate
784 2540 873 2607 facile
902 2539 1027 2617 adducti¹

63 2624 261 2705 Caesarisque
289 2627 413 2691 nomine
440 2626 576 2704 persuasi
603 2643 620 2684 a
649 2642 721 2703 rege
749 2623 823 2686 Iuba
851 2623 1025 2687 desciscunt

62 2708 265 2788 celeriterque
282 2712 382 2770 cuncti
397 2728 479 2771 arma
494 2711 617 2789 capiunt
631 2717 793 2788 contraque
808 2727 910 2787 regem
922 2709 1025 2770 iacere

63 2810 125 2852 non
154 2792 302 2853 dubitant.
351 2792 468 2869 Quibus
494 2793 586 2854 rebus
614 2794 743 2870 cognitis
769 2789 848 2855 Iuba
877 2792 1062 2853 distentust

62 2873 180 2951 triplici
203 2874 282 2937 bello
305 2879 542 2957 necessitateque
557 2884 679 2938 coactus
694 2876 730 2951 de
746 2879 808 2937 suis
823 2877 928 2955 copiis,
951 2893 1026 2955 quas

63 2966 171 3019 eontra
194 2959 351 3023 Caesarem
372 2959 547 3029 adduxerat,
571 2977 623 3021 sex
645 2959 784 3021 cohortes
800 2961 831 3036 in
847 2959 922 3020 fines
936 2961 1025 3037 regni

63 3046 112 3104 sui
134 3046 242 3113 mittit,
267 3062 342 3122 quae
364 3051 465 3104 essent
486 3043 637 3122 praesidio
660 3051 764 3104 contra
787 3043 937 3107 Gaetulos.

126 3127 198 3190 LVI.
244 3127 351 3190 Caesar
374 3127 508 3189 brachiis
529 3129 674 3207 perfectis
695 3131 899 3208 promotisque
927 3145 1023 3209 usque
1044 3133 1061 3184 1

63 3231 116 3280 eo,
151 3231 210 3292 quo
243 3212 338 3273 telum
372 3230 409 3272 ex
439 3212 547 3291 oppido
570 3211 650 3272 adici
681 3231 742 3272 non
774 3220 890 3292 posset,
924 3221 1024 3275 castra

63 3298 180 3367 munit,
203 3296 332 3377 ballistis
361 3296 633 3376 scorpionibusque
662 3297 779 3358 crebris
801 3304 870 3358 ante
892 3297 1024 3369 irontem

62 3388 232 3457 castrorum
263 3389 367 3443 canna
395 3381 540 3461 oppidum
567 3380 720 3443 collocatis
749 3383 922 3443 defensores
942 3383 1026 3444 muri

61 3464 219 3535 deterrere
231 3484 291 3529 non
305 3468 477 3528 intermittit
489 3483 584 3548 eoque
596 3467 730 3547 quinque
741 3466 1039 3546 indiscussum·-
