2356 3870
123 192 184 256 106
444 189 483 245 DE
498 187 602 246 tuito
618 185 757 243 omniuo

90 363 107 413 4
120 356 268 424 resarciri,
285 344 338 414 sed
354 353 441 413 etiam
457 350 617 411 maioribus
632 352 735 428 augeri
751 349 843 428 copiis
857 355 969 427 posset.
996 348 1082 420 Quod

123 457 191 500 cum
202 438 362 516 Pompeius
378 444 407 497 et
420 434 603 513 reipublicae
619 442 649 494 et
663 435 808 494 amicitiae
823 431 987 502 tribuisset,
1004 431 1081 493 cele·

123 524 196 584 riter
218 521 353 582 confecto
368 537 423 598 per
438 537 508 580 suos
524 517 640 578 delectu
656 517 752 578 tribus
774 525 842 578 ante
864 523 996 576 exactam
1019 514 1082 576 hie·

122 614 253 667 memet
279 604 447 665 constitutis
468 610 497 662 et
523 600 657 662 adductis
681 599 847 681 legionibus
873 598 1083 679 duplicatoque

124 707 225 750 earum
242 687 409 749 cohortium
424 703 563 755 numero,
581 701 736 762 quoscum
752 685 785 756 Q.
802 684 917 746 Titurio
933 685 1083 753 amiserat,

124 782 153 834 et
169 772 319 834 celeritate
336 778 366 831 et
386 772 478 849 copiis
501 768 617 839 docuit,
641 768 711 846 quid
731 766 835 849 populi
849 767 974 830 Romani
995 767 1083 829 disci·

123 856 203 937 plina
219 864 307 934 atque
322 873 395 934 opes
416 863 548 933 possent.

92 945 107 996 1
186 940 222 1000 ll.
247 939 405 1000 Interfecto
421 937 633 1005 Indutiomaro,
649 944 683 998 ut
698 935 866 1005 docuimus,
882 934 919 995 ad
935 936 998 995 eius
1012 953 1082 1014 pro·

123 1025 251 1102 pinquos
267 1042 284 1083 a
298 1023 436 1083 Treveris
450 1022 608 1100 imperium
623 1020 765 1081 defertur.
792 1017 839 1079 llli
852 1019 993 1079 linitImos
1008 1018 1082 1080 Ger·

123 1125 228 1167 manos
253 1105 414 1166 sollicitare
443 1113 472 1165 et
498 1106 655 1183 pecuniam
681 1102 816 1184 polliceri
837 1121 898 1163 non
926 1102 1082 1163 desistunt.

93 1196 110 1245 2
125 1189 199 1250 Cum
215 1188 251 1250 ab
266 1190 409 1268 proximis
423 1190 587 1266 impetrare
601 1206 660 1249 non
675 1193 812 1266 possent,
833 1185 992 1247 ulteriores
1007 1193 1082 1246 tem·

124 1280 218 1351 ptant.
251 1273 380 1333 inventis
400 1270 550 1332 nonnullis
566 1270 730 1332 civitatibus
750 1269 941 1331 iureiurando
956 1271 1035 1330 inter
1050 1287 1083 1330 sc

126 1358 302 1417 confirmant
321 1355 533 1431 obsidibusque
548 1353 584 1415 de
600 1356 727 1434 pecunia
742 1361 860 1422 cavent:
881 1352 1081 1430 Ambiorigem

93 1439 183 1500 asibi
203 1440 342 1499 societate
357 1445 386 1499 et
400 1439 521 1501 foedere
537 1437 708 1515 adiungunt.
747 1436 861 1508 Quibus
875 1436 965 1499 rebus
981 1439 1081 1515 cogni·

125 1526 162 1583 tis
178 1523 300 1592 Caesar,
323 1541 390 1584 cum
411 1522 543 1598 undique
557 1521 668 1582 bellum
683 1523 782 1600 parari
796 1520 923 1591 videret,
946 1520 1080 1590 Nervios,

124 1607 307 1675 Aduatucos,
330 1603 386 1686 [ac]
402 1606 554 1685 Menapios
575 1605 720 1666 adiunctis
735 1603 923 1666 Cisrhenanis
944 1603 1082 1666 omnibus

126 1691 282 1751 Germanis
298 1708 362 1750 esse
376 1692 408 1750 in
423 1691 527 1758 armis,
552 1689 686 1750 Senones
708 1688 744 1748 ad
764 1690 942 1767 imperatum
956 1706 1017 1748 non
1031 1706 1081 1748 re·

125 1776 191 1834 niro
213 1782 243 1833 et
264 1791 331 1833 cum
351 1772 529 1834 Carnutibus
550 1774 751 1849 finitumisque
771 1771 935 1833 civitatibus
959 1770 1081 1832 consilia

126 1858 359 1939 communicare,
382 1857 552 1917 a'freveris
568 1856 731 1917 Germanos
753 1853 866 1916 crebris
885 1855 1082 1932 legationibus

126 1938 291 2008 sollicitari,
307 1942 452 2000 maturius
467 1940 523 2000 sibi
537 1939 573 1999 de
588 1939 666 2000 bello
682 1938 871 2016 cogitandum
884 1939 1006 2017 putavit.

94 2034 108 2083 1
187 2023 237 2083 lll.
274 2023 377 2099 Itaque
401 2023 534 2083 nondum
559 2022 656 2084 bieme
679 2023 810 2083 confecta
832 2023 975 2102 proximis
998 2029 1081 2099 quat·

125 2114 194 2166 tuor
216 2108 324 2166 coactis
345 2105 510 2183 legionibus
531 2106 568 2166 de
588 2108 739 2185 inproviso
759 2108 791 2166 in
810 2107 885 2166 flues
905 2106 1082 2167 Nerviorum

94 2199 111 2247 2
126 2188 278 2249 contendit
293 2197 338 2258 et,
359 2191 533 2268 priusquam
553 2189 595 2249 illi
610 2198 661 2250 aut
681 2189 842 2250 convenire
857 2197 907 2250 aut
920 2190 1082 2268 profugere

125 2280 264 2352 possent,
292 2289 399 2350 magno
421 2274 541 2350 pecoris
563 2280 650 2350 atque
672 2271 826 2333 hominum
848 2291 972 2333 numero
995 2282 1081 2351 capto

126 2365 215 2433 atque
237 2373 270 2415 ea
290 2355 400 2434 praeda
421 2355 563 2417 militibus
589 2373 730 2417 concessa
751 2358 929 2433 vastatisque
952 2359 1030 2434 agris
1051 2359 1083 2417 in

94 2445 111 2498 3
126 2438 305 2500 deditionem
320 2441 421 2499 venire
435 2447 524 2517 atque
539 2439 656 2500 obsides
671 2439 728 2500 sibl
739 2439 811 2500 dare
823 2441 927 2518 coegit.
950 2439 992 2501 Eo
1005 2440 1081 2500 cele·

126 2525 200 2583 riter
216 2524 349 2584 confecto
364 2525 482 2601 negotio
503 2541 608 2584 rursus
622 2524 653 2584 in
669 2523 792 2605 hiberna
806 2522 939 2602 legiones
953 2523 1080 2585 reduxit.

94 2615 111 2663 4
126 2605 255 2667 Concilio
271 2605 381 2666 Galliae
395 2608 491 2684 primo
506 2624 589 2676 vere,
613 2614 646 2668 ut
659 2608 842 2676 instituerat,
865 2605 990 2674 indicto,
1014 2625 1081 2667 cum

127 2688 236 2765 reliqui
249 2697 369 2766 praeter
384 2689 525 2758 Senones,
542 2689 686 2751 Carnutes
697 2689 906 2768 Treverosque
920 2692 1081 2765 venissent,

126 2773 244 2832 initium
259 2771 329 2833 belli
344 2790 378 2833 ac
393 2772 567 2833 defectionis
581 2772 638 2833 hoc
653 2791 719 2834 esse
739 2774 913 2843 arbitratus,
937 2780 970 2833 ut
984 2777 1082 2834 omnia

126 2864 308 2934 postponere
342 2855 504 2926 videretur,
539 2855 695 2918 concilium
726 2856 873 2917 Lutetiam
901 2856 1082 2918 Parisiorum

95 2941 277 3000 atransfert.
309 2939 444 3002 Confines
464 2950 548 3001 erant
567 2939 598 3000 hl
620 2939 787 3002 Senonibus
808 2941 1015 3017 civitatemque
1029 2958 1082 3020 pa-

126 3029 207 3081 trum
227 3025 371 3084 memoria
391 3025 619 3094 coniunxerant,
643 3023 694 3084 sed
710 3021 747 3084 ab
762 3020 819 3084 boc
834 3022 958 3084 consilio
973 3024 1083 3084 afuisse

96 3112 113 3163 6
128 3105 378 3167 existimabantur.
409 3107 470 3168 Hac
484 3127 518 3169 re
532 3126 588 3186 pro
604 3114 745 3185 suggestu
766 3108 956 3186 pronuntiata
977 3105 1082 3168 ecdem

128 3189 175 3249 die
198 3206 265 3248 cum
293 3189 461 3267 legionibus
481 3192 512 3251 in
535 3191 669 3252 Senones
689 3190 888 3271 proficiscitur
909 3192 1082 3269 magnisque

126 3271 284 3333 itineribus
299 3290 334 3333 eo
348 3276 490 3352 pervenit
830 3339 834 3345 .

97 3361 109 3410 1
188 3354 251 3415 llll.
290 3355 413 3434 Cognito
436 3359 500 3419 eius
522 3357 648 3419 adventu
669 3359 761 3427 dcco,
785 3357 836 3434 qul
857 3358 996 3438 princeps
1019 3359 1085 3423 eius

128 3437 242 3499 consilii
256 3440 367 3509 fuerat,
394 3441 476 3502 iubet
495 3442 527 3502 in
548 3442 654 3522 oppida
674 3440 893 3502 multitudinem
914 3445 1085 3506 convenire.
