2356 3870
158 197 218 261 112
431 201 578 256 BELLUM
597 200 846 258 HISPANIENSE.

155 352 238 415 mille
266 353 376 430 partim
403 353 537 430 equitum
559 352 669 429 partim
690 349 842 429 peditum3
874 350 969 411 saucii

107 447 136 495 11
157 437 403 499 Adversariorum
430 435 546 513 aquilae
574 442 645 495 sunt
673 434 789 495 ablatae
816 446 884 493 x111
913 442 944 494 et
976 437 1063 512 signa
1093 444 1125 496 et

155 523 253 583 iasces
335 538 393 588 ...;
416 526 572 598 praeterea
595 562 704 579 .......
747 518 809 579 llos
831 518 937 579 babuit
960 562 1074 578 .......

121 614 135 662 1
219 603 337 664 XXXll.
383 647 493 663 .......
517 621 554 664 ex
576 605 647 681 luga
669 602 725 663 bac
744 603 796 682 qui
818 602 961 681 oppidum
979 602 1120 663 blundam

157 688 218 751 sibi
250 690 477 749 constituissent
510 687 708 766 praesidium,
746 689 901 766 nostrique
935 686 1119 765 cogebantur

119 783 135 829 2
157 775 329 834 necessario
352 790 404 833 eos
426 771 662 832 circumvallare.
706 770 750 831 En
772 769 904 831 hostium
921 773 1016 832 armis
1038 777 1120 832 scuta

156 865 186 918 et
207 857 268 936 pila
290 855 463 934 provallo,
495 873 552 933 pro
573 858 687 934 cespite
708 853 853 916 cadavera
876 854 1121 922 collocabantur;

156 943 281 1019 insuper
303 941 434 1019 praelixa
457 938 494 999 ad
523 938 691 1016 gladiorum
712 955 873 1000 mucrones
896 942 996 1017 capita
1023 938 1122 999 bomi-

156 1042 228 1085 num
252 1025 390 1085 ordinata
412 1023 449 1082 ad
471 1022 614 1102 oppidum
630 1039 774 1084 conversa
798 1020 971 1102 [universa]
990 1023 1123 1084 bostium

156 1110 297 1169 timorem
315 1110 483 1182 stupebant,
503 1150 609 1166 .......
627 1108 806 1186 virtutisque
823 1108 951 1185 insignia
967 1108 1123 1186 proposita

120 1192 295 1252 aviderent
332 1198 362 1252 et
394 1190 470 1250 vallo
505 1189 816 1252 circumcluderentur
849 1190 1021 1252 adversarii.
1077 1189 1124 1250 lta

158 1275 234 1337 Galli
256 1275 382 1352 tragulis
404 1273 571 1354 iaculisque
594 1275 737 1355 oppidum
758 1293 796 1336 ex
818 1274 955 1348 bostium
968 1274 1123 1335 cadaveri·

120 1358 216 1420 tbus
239 1357 337 1438 [sunt]
362 1358 559 1438 circumplexi
582 1376 756 1437 oppugnare
778 1367 951 1437 coeperunt.
995 1358 1039 1418 Ex
1066 1358 1125 1418 boc

157 1443 273 1522 proelio
288 1443 425 1503 Valerius
439 1442 616 1502 adulescens
632 1441 801 1503 Cordubam
818 1461 887 1503 cum
909 1444 1015 1522 paucis
1037 1443 1123 1520 equi·

157 1526 240 1587 tibus
262 1529 354 1604 sugit,
378 1526 446 1586 Sex.
469 1525 626 1605 Pompeio,
649 1530 703 1606 qui
725 1525 882 1588 Cordubae
909 1527 1028 1594 luisset,
1057 1544 1124 1587 rem

121 1617 273 1688 egestam
296 1611 400 1672 refert.
445 1609 570 1688 Cognito
593 1610 649 1670 boc
672 1612 806 1687 negotio,
836 1628 911 1688 quos
934 1612 1052 1690 equites
1075 1627 1124 1671 se·

158 1713 226 1756 cum
249 1694 368 1764 babuit,
392 1693 481 1774 quod·
492 1696 640 1773 pecuniae
662 1712 765 1755 secum
794 1693 915 1763 babuit,
944 1697 988 1754 eis
1016 1693 1122 1753 distri·

158 1777 224 1839 buit
247 1787 276 1840 et
298 1779 456 1859 oppidanis
478 1778 568 1847 dixit,
598 1777 688 1838 sede
717 1795 790 1857 pace
813 1778 848 1837 ad
871 1778 1028 1839 Caesarem
1050 1795 1121 1855 pro-

122 1871 139 1919 o
159 1863 269 1934 boisel,
292 1872 322 1924 et
337 1863 467 1924 secunda
482 1863 582 1940 vigilia
599 1860 636 1921 ab
652 1862 762 1940 oppido
778 1861 925 1924 discessit.
963 1862 1016 1923 Cn.
1033 1860 1122 1922 Pom·

158 1948 243 2024 peius
265 1965 334 2008 cum
357 1945 509 2026 equitibus
538 1949 642 2024 paucis
667 1946 876 2025 nonnullisque
904 1944 1057 2025 peditibus
1085 1945 1124 2006 ad

158 2031 262 2091 navale
285 2032 468 2109 praesidium
491 2039 575 2109 parte
591 2030 683 2091 altera
699 2030 847 2091 Carteiam
863 2029 1026 2098 contendit,
1042 2030 1124 2108 quod

123 2121 138 2171 't
161 2114 303 2193 oppidum
327 2112 412 2174 abest
435 2132 451 2173 a
473 2113 610 2175 Corduba
635 2114 718 2175 milia
745 2130 887 2193 passuum
909 2125 1013 2173 cmxx.
1057 2114 1124 2185 Quo

160 2215 229 2258 cum
252 2197 288 2257 ad
311 2204 446 2258 octavum
467 2197 632 2259 miliarium
654 2200 799 2269 venisset,
826 2198 858 2258 P.
881 2197 1046 2267 Caucilius,
1070 2201 1123 2276 qui

161 2283 267 2343 castris
300 2287 386 2341 antea
418 2280 541 2360 Pompei
572 2284 762 2360 praepositus
795 2291 888 2351 esset,
926 2284 991 2342 eius
1024 2281 1124 2342 verbis

160 2367 299 2428 nuntium
321 2366 426 2434 mittit,
450 2383 519 2426 eum
541 2367 641 2426 minus
665 2365 743 2426 belle
766 2365 896 2427 babere:
920 2373 953 2426 ut
967 2369 1124 2427 mitterent

162 2451 315 2517 lecticam,
338 2467 396 2528 qua
418 2451 449 2509 in
465 2450 609 2528 oppidum
624 2450 738 2510 deterri
760 2458 869 2528 posset.
912 2449 1036 2510 Litteris
1050 2452 1121 2511 mis·

123 2540 141 2592 8
162 2537 206 2596 sis
227 2534 387 2613 Pompeius
410 2533 557 2594 Carteiam
581 2533 727 2596 defertur.
771 2534 829 2605 Qui
851 2533 972 2595 illarum
992 2536 1124 2610 partium

160 2621 294 2679 lautores
316 2625 434 2685 esseut,
459 2618 641 2678 conveniunt
660 2620 692 2678 iu
715 2617 852 2686 domum,
875 2637 934 2696 quo
956 2626 1020 2678 erat
1042 2618 1122 2678 dela-

160 2710 210 2764 tus
230 2735 273 2744 -
295 2703 347 2780 qui
368 2699 507 2761 arbitrati
530 2709 600 2761 sunt
621 2702 790 2763 clanculum
814 2704 929 2763 venisse
950 2735 1003 2771 —,
1031 2710 1064 2762 ut
1087 2701 1123 2763 ab

162 2806 214 2858 eo,
236 2804 312 2869 quae
334 2784 461 2853 vellent,
485 2785 522 2845 de
545 2785 625 2846 bello
639 2788 841 2863 requirerent.
886 2785 960 2846 Cum
981 2787 1123 2865 frequen-

161 2874 203 2932 tia
226 2871 431 2939 convenisset,
461 2868 498 2930 de
520 2869 628 2931 lectica
653 2869 814 2949 Pompeius
843 2887 947 2931 eorum
975 2871 1008 2930 in
1036 2870 1124 2931 iidem

163 2957 309 3032 contugit.

126 3049 141 3098 1
226 3038 357 3099 Xlllllll.
403 3039 513 3100 Caesar
540 3056 575 3100 en
604 3039 720 3116 proelio
745 3040 912 3099 munitione
940 3038 1124 3100 circumdata

163 3122 330 3184 Cordubam
352 3125 444 3183 venit.
488 3124 547 3195 Qui
570 3141 606 3182 en
622 3123 714 3183 caede
732 3141 767 3184 eo
790 3124 978 3200 refugerant,
1001 3128 1125 3201 pontem

125 3217 142 3265 2
165 3215 359 3286 occuparunt.
405 3207 478 3268 Cum
506 3226 542 3268 eo
564 3215 684 3282 rentum
710 3215 803 3277 esset,
832 3208 990 3269 convitiari
1018 3226 1126 3287 coepe-

162 3298 249 3361 runt,
274 3310 329 3352 nos
344 3310 379 3352 ex
402 3291 519 3370 proelio
535 3310 647 3371 paucos
662 3308 835 3370 superesse;
859 3310 918 3371 quo
933 3293 1127 3370 fugeremus?

163 3374 205 3436 lta
229 3393 363 3454 pugnare
386 3383 551 3454 coeperunt
572 3376 608 3438 de
630 3382 732 3456 ponte.
777 3375 885 3437 Caesar
906 3375 1019 3438 flumen
1036 3379 1127 3439 traie-

123 3459 203 3521 ocit
225 3467 255 3522 et
277 3468 375 3523 castra
396 3463 509 3542 posuit.
554 3460 697 3542 Scapula,
719 3462 816 3522 totius
839 3460 1013 3532 seditionis,
1041 3461 1127 3524 lami·
