2356 3870
350 239 450 299 cotue
467 239 497 294 V·
514 241 584 300 CAP.
600 236 753 296 IIII-VIII.
996 241 1033 303 81

129 410 191 471 vii.
227 409 291 479 Qua
317 425 352 467 re
379 407 496 484 cognita
524 409 647 476 Caesar,
682 402 760 480 quod
785 410 902 463 tantum
927 404 1036 465 civitati
1049 411 1063 462 1,

63 493 184 556 Aeduae
211 491 361 570 dignitatis
388 489 553 563 tribuebat,
586 487 785 552 coercendum
811 493 900 564 atque
933 486 1033 549 deter·

64 577 210 647 rendum,
233 574 472 652 quibuscumque
491 575 583 637 rebus
601 580 718 654 posset,
741 571 954 649 Dumnorigem
974 579 1037 634 sta··

64 661 184 728 tuebat;
219 658 298 737 quod
327 657 445 736 lougius
471 660 536 720 eius
561 659 721 720 amentiam
744 656 885 735 progredi
908 656 1063 728 videbata

64 744 326 824 prospiciendum,
352 759 392 803 ne
412 741 483 820 quid
503 744 560 805 sibi
580 761 614 804 ac
633 739 815 820 reipublicae
835 759 945 801 nocere
965 760 1034 820 pos·

65 836 119 889 set.
158 828 263 904 Itaque
289 825 353 887 dies
379 826 497 888 circiter
523 848 586 890 xxv
612 828 643 886 ln
670 843 705 886 eo
732 824 798 885 loco
825 831 1063 895 commoratus,3

66 911 146 989 quod
173 911 269 972 Corus
295 916 401 970 ventus
425 911 641 988 navigationem
668 907 862 987 impediebat,
896 910 948 986 qui
974 927 1035 969 ma·

65 1013 155 1073 gnam
174 1002 292 1074 partem
312 995 408 1054 omnis
428 997 573 1074 temporis
587 996 619 1054 in
634 993 681 1054 his
695 991 768 1054 locis
783 991 856 1053 llare
872 994 1034 1062 consuerit,

67 1077 156 1139 dabat
170 1096 307 1158 operam,
329 1084 363 1138 ut
382 1079 413 1138 in
434 1079 534 1139 officio
549 1078 763 1155 Dumnorigem
784 1077 967 1148 contineret,
989 1079 1035 1138 ni·

66 1161 126 1222 hilo
147 1171 248 1222 tamen
268 1162 369 1222 secius
389 1163 489 1222 omnia
510 1163 574 1223 eius
595 1160 717 1222 consilia
739 1168 948 1239 cognosceret;
970 1168 1064 1222 tau-t

66 1246 134 1307 dem
162 1245 302 1307 idoneam
336 1253 443 1306 nactus
478 1252 686 1325 tempestatem
720 1243 829 1304 milites
860 1246 1035 1322 equitesque

66 1328 270 1391 conscendere
289 1330 321 1388 in
341 1346 431 1388 naves
445 1328 538 1391 iubet.
576 1332 613 1392 nt
629 1330 761 1389 omnium
775 1327 917 1407 inpeditis
933 1329 1064 1389 animise

67 1413 232 1475 Ilumnorix
254 1430 322 1474 cum
349 1411 499 1488 equitibus
524 1413 696 1476 Aeduorum
717 1430 734 1472 a
760 1413 866 1472 castris
886 1413 1032 1474 insciente

67 1496 194 1558 Caesare
209 1495 331 1557 domum
346 1494 501 1557 discedere
517 1499 625 1576 coepit.
663 1497 776 1567 Quare
792 1497 939 1566 nuntiata,
963 1497 1064 1558 Cae-t

67 1599 115 1641 sar
134 1581 307 1640 intermissa
326 1580 513 1658 proiectione
534 1588 624 1658 atque
644 1578 782 1640 omnibus
803 1578 894 1640 rebus
912 1588 1034 1660 postpo-

67 1666 130 1724 sitis
142 1681 281 1741 magnam
292 1670 409 1743 partem
421 1665 570 1741 equitatus
581 1664 618 1725 ad
633 1681 702 1724 eum
716 1661 936 1739 insequendum
947 1665 1036 1724 mittit

67 1746 240 1825 retrahique
259 1749 403 1826 imperat;
424 1748 450 1808 si
470 1749 528 1808 vim
548 1749 637 1809 iaciat
656 1764 755 1824 neque
769 1754 888 1825 pareat,
910 1748 1062 1808 interficit

67 1830 165 1901 iubet,
187 1829 261 1891 nihil
280 1829 360 1891 bunc
380 1849 414 1891 se
435 1830 557 1892 absente
577 1851 641 1910 pro.
654 1849 726 1891 sano
747 1831 895 1891 iacturum
911 1830 1035 1892 arbitra·

67 1925 129 1984 tus,
147 1916 199 1992 qui
214 1915 381 1993 praesentis
395 1915 555 1994 imperium
570 1915 759 1993 neglexlsset.
785 1913 838 1974 Ille
855 1915 934 1975 enirn
944 1922 1064 1982 ,roro-8

67 2005 150 2059 catus
170 1999 313 2060 resistere
333 2016 368 2058 ae
387 2016 421 2059 se
441 2017 531 2060 manu
556 1998 716 2060 defendere
744 2015 927 2074 suorumque
947 1998 1036 2060 iidem

65 2081 228 2162 implorare
243 2083 356 2160 coepit,
378 2099 467 2162 saepe
482 2082 650 2151 clamitans,
673 2081 801 2143 liberum
816 2100 849 2143 se
863 2081 1035 2160 liberaeque

67 2185 133 2227 esse
148 2166 284 2226 civitatis.
320 2164 380 2234 llll,
401 2173 435 2227 ut
449 2176 513 2227 erat
527 2168 723 2246 Imperatum,
745 2167 968 2227 circumsistunt
983 2166 1064 2227 hot

65 2251 177 2310 minem
194 2257 283 2326 atque
297 2250 495 2318 interficiunt;
519 2259 548 2310 at
571 2251 686 2327 equites
707 2250 801 2311 Aedui
820 2250 856 2310 ad
879 2249 1035 2311 Caesarem
1067 2260 1074 2283 ·’

67 2351 172 2394 omnes
186 2340 388 2394 revertuntur.
948 2381 952 2390 .

130 2416 205 2478 viii.
244 2417 296 2478 IIis
315 2417 407 2478 rebus
427 2419 533 2495 gestis,
560 2416 690 2478 Labieno
715 2419 745 2478 in
773 2419 945 2478 continente
966 2426 1061 2488 cumi

66 2499 164 2562 tribus
185 2499 351 2578 legionibus
372 2509 402 2562 et
422 2504 556 2579 equitum
575 2501 696 2562 milibus
717 2500 833 2561 duobus
853 2500 973 2571 relicto,
1002 2510 1036 2563 ut

64 2592 173 2664 portus
187 2591 324 2645 tueretur
340 2591 370 2645 et
385 2603 450 2646 rem
460 2586 685 2646 frumentariam
698 2585 883 2664 provideret,
900 2603 1035 2664 quaeque

65 2670 96 2729 in
112 2667 206 2729 Gallia
226 2675 418 2746 gererentur,
442 2678 637 2748 cognosceret
657 2668 873 2748 consiliumque
887 2689 942 2748 pro
958 2678 1033 2732 tem·

65 2769 140 2833 pore
162 2758 191 2812 et
211 2769 267 2830 pro
286 2771 321 2813 re
342 2763 476 2831 caperet,
497 2755 562 2832 ipse
583 2771 651 2814 eum
673 2755 804 2830 quinque
824 2753 991 2830 legionibus
1008 2762 1061 2815 ett

64 2836 131 2915 pari
145 2853 273 2895 numero
289 2838 437 2913 equitum,
460 2855 549 2914 quem
569 2838 779 2898 incontinenti
801 2836 974 2912 reliquerat,
998 2838 1035 2899 ad

64 2917 137 2980 solis
153 2936 293 2980 occasum
315 2937 405 2981 naves
425 2921 512 2982 solvit
533 2931 562 2981 et
582 2920 642 2981 leni
657 2921 755 2981 Africo
775 2928 948 2998 provectus,
970 2941 1032 2984 me·

63 3002 114 3064 dia
128 3003 248 3063 circiter
263 3011 351 3064 nocte
366 3013 454 3066 vento
468 3006 654 3073 intermisso,
677 3022 798 3065 cursum
818 3022 878 3065 non
893 3007 990 3067 tenuit
1005 3015 1034 3068 et

62 3085 185 3164 longius
212 3085 327 3148 delatus
352 3095 436 3149 aestu
462 3096 526 3150 orta
546 3088 613 3149 luce
634 3087 689 3148 suh
711 3089 830 3156 sinistra
851 3089 1033 3152 Britanniam

62 3168 201 3232 relictam
222 3173 385 3250 conspexit.
423 3172 500 3233 Tum
521 3190 625 3233 rursus
652 3181 752 3233 aestus
773 3176 1061 3236 commutationemtt

61 3264 188 3316 secutus
202 3257 294 3316 remis
314 3256 480 3326 contendit,
504 3265 537 3317 ut
558 3275 622 3316 eam
642 3264 757 3335 partem
772 3257 887 3319 insulae
903 3267 1032 3338 caperet,

62 3355 124 3416 qua
146 3339 293 3416 optImum
314 3357 381 3400 esse
402 3357 555 3418 egressum
576 3342 731 3420 superiore
754 3348 866 3402 aestate
888 3361 1032 3420 cognove-

60 3429 119 3484 rat.
161 3421 225 3493 Qua
248 3423 280 3484 in
300 3441 335 3484 re
354 3424 514 3486 admodum
534 3425 590 3485 luit
616 3424 742 3486 militum
763 3427 857 3485 virtus
878 3425 1062 3495 laudandae

59 3507 116 3584 qui
137 3506 278 3567 vectoriis
298 3507 496 3586 gravibusque
522 3509 644 3586 navigiis
672 3528 732 3569 non
753 3510 922 3570 intermisso
943 3513 1032 3571 remi·

104 3618 206 3658 canu.
220 3620 334 3657 cusan.
851 3598 872 3653 is

1087 3542 1112 3647 l
