2356 3870
165 215 226 281 128
555 218 731 274 CAESARIS
789 290 802 307 .

162 377 262 435 debere
279 379 307 433 ol
319 372 428 432 Caesar
445 373 483 432 de
500 372 639 446 analogia
655 372 733 430 libro
746 372 785 430 11
798 391 852 431 nee
870 389 931 431 non
947 377 981 433 et
998 373 1132 451 Valgius

163 464 302 523 derebus
323 481 378 536 per
399 462 558 536 epistulam
579 461 723 534 quaesitis
736 462 899 533 disputant.
913 463 1130 536 -p.117.P.

158 569 191 627 p.
205 553 257 611 83.
275 551 313 608 1..
336 550 425 609 (Keil.
440 552 476 608 ὦ.
489 569 522 622 p.
537 551 589 607 44.
601 549 658 620 sq.)
704 549 802 608 Turbo
825 549 984 616 lietberti-s,
1012 553 1040 608 si
1060 570 1130 626 pro

161 639 261 714 prium
274 638 453 697 sithominis
462 657 579 708 nomen,
592 638 725 702 turtinis
736 638 764 695 si
776 639 937 712 procellam
943 640 1129 698 voluerimus

162 727 337 801 exprimere,
359 730 414 785 aut
434 728 466 784 in
480 745 524 797 eo,
537 725 636 799 inquit
648 724 776 797 Plinius,
798 726 851 799 qui
864 730 912 784 est
928 727 961 784 in
973 727 1044 786 lusu
1055 747 1128 804 pue·

161 833 270 873 rorum
293 814 353 874 Sed
361 813 471 874 Caesar
484 815 522 873 de
534 813 673 888 snslogis
682 814 810 872 seeundo
823 816 980 881 terdonen,
992 835 1054 874 non
1067 822 1129 876 tw·

161 905 256 963 dinem
270 904 361 963 etism
381 904 413 961 in
426 904 604 977 tempestate
627 901 684 960 dici
707 903 815 962 debere
832 903 885 973 ait,
906 907 942 962 ut
955 903 1028 963 Cato
1041 904 1128 965 Guio-

160 994 223 1058 uis,
245 1011 305 1051 non
318 996 353 1050 ut
365 992 448 1049 leonto
460 992 649 1048 hominia-
658 1008 692 1062 p.
707 992 759 1049 98.
772 990 806 1048 Ρ.
819 1008 852 1064 p.
868 992 919 1049 70.
932 991 971 1049 L.
985 992 1076 1063 (Kar.
1090 994 1127 1052 ὦ.

158 1080 334 1154 1112934.)
356 1078 403 1137 Ne
416 1080 469 1137 illa
483 1079 603 1153 quidem
615 1079 693 1136 ratio
706 1082 826 1152 recepta
839 1083 894 1151 est,
908 1096 1000 1153 qusm
1013 1079 1045 1140 C.
1055 1079 1128 1140 Cae

162 1185 211 1225 sar
223 1168 309 1242 ponit
320 1168 353 1225 in
365 1167 524 1239 femininis,
538 1169 573 1224 ut
580 1169 715 1239 puppim,
727 1170 835 1233 restim,
844 1168 954 1240 pelvim
967 1212 1030 1227 .....
1061 1169 1128 1229 Hoe

161 1255 241 1314 enim
254 1256 381 1314 modoet
394 1257 431 1315 ab
444 1256 499 1313 tuo
509 1257 577 1313 euni
589 1254 720 1312 dioemus
729 1257 761 1314 et
773 1257 811 1314 ab
823 1255 876 1314 too
888 1257 1127 1326 woentpant.

163 1374 203 1383 -
218 1346 256 1403 a.
278 1343 425 1417 Aplustre.
449 1340 589 1402 Omnium
601 1343 767 1414 nominum,
789 1362 867 1417 quse
880 1346 951 1401 sunt
962 1341 1064 1399 neutd
1077 1359 1128 1416 ge

161 1433 241 1489 neris
260 1436 299 1509 ,et
324 1433 356 1489 in
378 1449 393 1489 e
414 1433 624 1503 terminantur,
651 1432 696 1490 eit
717 1431 832 1489 Plinius
856 1430 1013 1490 Caesarem
1035 1429 1128 1488 scisse

162 1515 282 1581 eosdem
304 1537 369 1578 esse
391 1520 551 1591 ablativos,
573 1519 677 1593 quales
700 1523 771 1578 sunt
792 1519 887 1578 dativi
909 1518 1087 1593 singulares.

227 1608 275 1667 Ar
292 1609 402 1667 litteris
420 1609 541 1667 nomina
553 1608 701 1666 neutralis
714 1608 875 1666 terminata
896 1608 969 1667 item
989 1624 1050 1664 nou
1070 1605 1127 1664 mi·

160 1715 217 1756 nus
239 1698 283 1755 eit
305 1695 426 1768 Caesar,
454 1698 525 1772 quis
546 1696 646 1754 dativo
673 1699 704 1755 et
730 1696 859 1756 ablativo
884 1696 950 1771 peri
967 1695 1033 1752 iure
1059 1694 1127 1752 fun·

161 1789 286 1861 guntur;
309 1789 344 1844 ut
365 1786 446 1844 idem
467 1785 581 1843 Plinius
614 1784 725 1843 scribit.
739 1815 781 1824 -
804 1786 842 1843 ὣ.
858 1802 893 1858 p.
908 1785 959 1842 95.
972 1781 1006 1840 Ρ.
1023 1801 1057 1855 p.
1074 1784 1126 1842 68.

47 1870 51 1879 ’
160 1875 198 1932 J..
213 1873 301 1944 (Keil.
324 1875 361 1933 io.
379 1891 412 1947 p.
429 1875 500 1932 119.
522 1870 736 1946 0.).ΑηίΜώ
756 1873 883 1931 ommate
904 1871 1001 1943 faciet,
1015 1873 1050 1928 ut
1073 1889 1127 1929 ure·

160 1963 272 2021 temnet
295 1962 462 2021 autumnale
485 1992 541 2027 -,
564 1977 641 2036 quae
662 1961 794 2035 patiendi
815 1979 877 2026 non
893 1961 964 2018 sunt
978 1989 1029 2016 -.
1066 1957 1126 2016 Pli-

159 2052 227 2108 nius
259 2048 410 2108 Seeundus
441 2049 565 2115 animal,
597 2067 657 2106 non
689 2050 815 2108 animale
845 2049 889 2106 eit
919 2047 977 2105 diei
1008 2047 1125 2105 debere.

72 2160 78 2169 ·
162 2136 193 2195 0.
218 2135 340 2213 Caesar,
364 2138 450 2211 qussi
472 2138 665 2195 indiscretum
686 2137 742 2194 hoe
764 2137 816 2208 sit,
839 2137 895 2208 ait,
919 2137 930 2194 l
950 2135 1052 2194 littera
1074 2153 1122 2193 no-

160 2226 302 2283 minativo
325 2225 469 2299 singulari
491 2228 598 2283 neutra
623 2224 709 2283 linita
730 2226 850 2283 nomina
877 2223 1001 2283 eandem
1022 2222 1125 2282 defini-

160 2314 272 2372 tionem
294 2331 411 2388 oapere,
439 2331 529 2388 quam
551 2313 672 2388 sapiunt
694 2330 709 2372 e
734 2313 837 2371 littera
858 2312 1032 2371 terminata:
1058 2312 1126 2370 sue

160 2402 284 2461 animat
297 2404 328 2460 et
341 2403 377 2460 ub
399 2402 451 2460 too
463 2403 595 2468 animoli,
617 2402 684 2461 tute
700 2402 815 2475 musali
830 2404 861 2459 et
883 2402 920 2459 ab
933 2401 985 2459 hoe
1000 2401 1123 2473 puteoli.

162 2521 202 2531 —
212 2509 245 2564 p.
262 2491 333 2549 108.
347 2490 380 2547 P.
389 2509 422 2563 p.
439 2492 488 2548 77.
503 2489 540 2546 L.
556 2488 644 2559 (Keil.
658 2491 695 2548 ib.
709 2507 742 2563 p.
760 2489 845 2562 133.)
867 2490 986 2547 Iubere.
1009 2487 1124 2546 Plinius

160 2579 216 2649 ait,
238 2579 317 2636 inter
340 2581 437 2637 cetera
460 2577 550 2636 etiam
572 2577 653 2636 istud
676 2575 707 2636 Ο.
723 2575 880 2636 Caesarem
902 2576 1019 2636 dedisse
1040 2594 1124 2651 prae-

160 2669 290 2741 ceptum,
319 2666 397 2740 quod
424 2667 531 2723 neutra
552 2666 673 2743 nomina
694 2683 730 2724 ar
743 2666 925 2724 nominativo
947 2666 1049 2723 eleusa
1070 2683 1124 2739 per

160 2756 171 2814 t
193 2755 326 2813 dativum
349 2754 570 2828 ablativumque
593 2753 759 2829 singulares
779 2754 949 2826 ostendant3
971 2754 1059 2811 iubar
1081 2756 1123 2810 ta

159 2862 227 2903 men
250 2845 288 2903 ab
311 2843 365 2902 hao
388 2842 493 2917 regula
515 2842 666 2901 dissidere.
711 2842 790 2900 Nam
812 2844 848 2900 ut
873 2842 1059 2900 temtatori
1082 2840 1123 2899 di·

160 2933 265 3003 eimus,
288 2933 325 2991 ab
347 2932 399 2990 too
420 2932 522 2990 iubare
544 2930 700 2990 dicendum
714 2933 768 3001 est,
791 2933 826 2988 ut
848 2929 914 2988 tuto
936 2931 1015 3002 farri
1038 2931 1069 2987 et
1087 2929 1122 2986 ub

159 3020 210 3079 lroe
222 3020 311 3093 farre.
327 3050 369 3061 -
387 3038 420 3092 p.
438 3021 508 3077 114.
523 3019 557 3076 Ρ.
574 3037 607 3092 p.
623 3020 674 3078 81.
688 3019 725 3076 L.
742 3018 830 3090 (Keil.
846 3019 883 3076 ib.
891 3035 925 3090 p.
942 3017 1028 3087 141.)
1050 3015 1123 3074 Por-

104 3124 107 3129 ·
159 3112 227 3166 tum.
265 3105 374 3166 Caesar
400 3109 433 3166 iu
459 3107 620 3181 analogicis
647 3107 752 3167 horum
772 3111 902 3180 partem.
927 3135 969 3146 -
995 3105 1124 3163 Panium

160 3193 269 3254 Caesar
291 3196 327 3254 de
342 3195 480 3270 analogia
502 3196 578 3255 libro
592 3194 630 3253 Π.
645 3196 702 3255 diei
725 3195 832 3254 debere
846 3194 897 3252 ait.
912 3223 954 3235 -
977 3194 1014 3252 el).
1023 3212 1056 3266 p.
1073 3194 1123 3252 69.

32 3316 35 3323 -
160 3287 227 3341 eutr.
242 3283 274 3340 P.
292 3301 325 3356 p.
342 3285 392 3342 50.
406 3284 444 3341 L.
459 3283 547 3355 (Keil.
566 3285 602 3342 ib.
621 3301 653 3356 p.
670 3283 735 3355 90.)
770 3283 863 3341 Panis
886 3311 927 3322 -
951 3282 1124 3356 genetimm

158 3371 303 3445 pluralem
318 3370 426 3459 Caesar
440 3372 476 3430 de
490 3372 628 3447 analogia
640 3371 678 3437 II.
687 3373 815 3445 panium
828 3370 909 3430 dixit.
924 3399 966 3409 -
975 3387 1009 3442 p.
1024 3371 1077 3430 86.
1090 3368 1124 3427 Ρ.

147 3476 181 3538 p.
200 3462 249 3521 63.
263 3459 302 3521 L.
319 3458 407 3536 (Issit
422 3461 459 3521 ib.
469 3477 501 3536 p.
518 3463 589 3521 110.
603 3459 657 3534 eq.)
692 3460 822 3519 Iskome
840 3459 915 3518 Mem
928 3458 1126 3533 compositum

141 3548 219 3614 fseit
240 3557 306 3618 tam
327 3551 525 3634 singulariter
550 3568 640 3628 quero
660 3548 830 3625 plentur.
846 3545 910 3602 nisi
928 3546 1000 3615 sula
1015 3544 1126 3603 <issum
