2356 3870
164 158 208 222 22
419 160 566 219 BELLUM
580 159 884 218 Annxannutttntt.

98 302 102 309 ”
166 332 274 393 magno
297 312 456 374 intervallo
472 311 510 373 ab
526 312 635 392 oppido
657 313 791 382 remotis,
814 319 909 374 castra
925 313 1028 390 posuit
1044 310 1132 391 longe

129 409 147 457 4
168 419 184 460 a
206 399 491 478 Nicopoli-circiter
512 397 597 458 milia
618 414 762 476 passuum
783 409 844 455 vn.
889 394 1008 468 Quibus
1029 413 1068 456 ex
1084 415 1131 458 ca·

166 486 238 545 stris
261 500 331 543 cum
353 480 437 542 locus
460 489 603 558 angustus
625 488 713 560 atque
735 480 899 559 impeditus
920 487 1000 541 esset
1015 487 1131 541 transe-

166 567 274 636 undus,
298 566 468 627 Pharnaces
492 568 523 625 in
545 564 665 626 insidiis
680 565 813 627 delectos
828 563 946 644 pedites
966 582 1131 643 omnesque

165 669 260 731 paene
278 650 432 728 ,disposuit
455 651 589 729 equites,
614 668 751 730 magnam
776 656 876 710 autem
905 648 1130 710 multitudinem

166 737 286 814 pecoris
310 736 388 795 intra
411 752 461 796 eas
483 736 588 794 fauces
610 734 751 814 dissipari
775 735 863 795 iussit
885 750 1080 812 paganosque
1102 740 1130 793 et

129 823 146 872 5
166 819 331 898 oppidanos
350 821 381 878 iu
399 818 447 878 his
465 818 540 878 locis
552 816 721 880 obversari:
745 825 788 887 ut,
812 819 874 878 sive
898 819 1013 878 amicus
1027 816 1129 878 Domi·

166 906 227 964 tius
238 904 451 980 cnsangustias
465 905 618 973 transiret,
635 903 711 964 nibil
724 901 761 962 de
776 900 898 962 insidiis
910 903 1129 980 suspicaretur,

166 1007 235 1049 cum
248 991 279 1049 in
293 989 374 1064 agris
386 993 417 1046 et
426 1004 536 1065 pecora
549 993 579 1047 et
589 986 727 1049 homines
744 985 997 1047 animadverteret
1016 986 1129 1047 versari

165 1080 316 1150 tamquam
344 1072 513 1131 amicorum
535 1069 677 1142 adventu;
705 1073 767 1132 sive
795 1071 937 1131 inimicus
965 1071 1055 1130 utin
1078 1069 1129 1131 ho·

167 1158 258 1216 stium
287 1156 362 1215 lines
384 1158 517 1225 veniret,
540 1156 651 1233 praeda
674 1154 846 1234 diripienda
868 1154 981 1215 milites
1004 1154 1129 1233 dissipa·

167 1247 273 1300 rentur
295 1239 483 1317 dispersique
506 1239 719 1301 caederentur.

132 1347 146 1394 1
230 1321 372 1383 xxxvii.
416 1322 577 1383 Haec'cnm
590 1323 829 1392 administraret,
853 1339 1016 1402 numquam
1031 1330 1130 1384 tamen

167 1403 388 1466 intermittebat
416 1405 529 1482 legatos
558 1407 595 1466 de
623 1424 698 1486 pace
728 1414 818 1485 atque
846 1409 980 1467 amicitia
1008 1409 1129 1468 mittere

167 1490 204 1550 ad
227 1489 407 1558 Domitium,
430 1507 499 1549 cum
521 1487 578 1550 boc
601 1491 668 1569 ipso
690 1489 828 1551 crederet
851 1491 972 1551 lacilius
995 1509 1065 1552 eum
1081 1491 1130 1552 dc·

131 1597 147 1646 2
168 1576 231 1653 cipi
253 1591 351 1653 posse.
397 1573 437 1633 At
464 1581 569 1634 contra
591 1592 660 1653 spes
681 1577 765 1654 pacis
791 1574 923 1634 [inmitia
952 1575 984 1634 in
1015 1575 1130 1636 eisdem

167 1659 274 1720 castris
296 1655 434 1717 morandi
457 1657 556 1719 attulit
578 1676 709 1719 causam.
753 1657 795 1718 lta
811 1658 999 1728 Pharnaces,
1022 1660 1129 1720 amissa

166 1743 298 1822 proximi
319 1743 464 1821 temporis
494 1745 652 1803 occasione
687 1760 755 1803 cum
791 1749 964 1811 vereretur,
999 1761 1039 1803 no
1081 1762 1130 1804 co·

131 1851 147 1900 3
167 1833 386 1905 gnoscerentur
408 1825 547 1896 insidiae,
570 1845 641 1887 suos
656 1828 688 1886 in
703 1833 802 1886 castra
824 1827 985 1886 revocavit.
1029 1826 1130 1888 Domi-

168 1914 230 1971 tius
257 1919 379 1991 postero
402 1909 451 1969 die
473 1912 597 1989 propius
619 1909 787 1989 Nicopolim
816 1911 945 1972 accessit
973 1919 1131 1991 castraque

167 1993 278 2073 oppido
301 1992 438 2055 contulit.
482 1993 563 2064 Quae
586 1995 657 2055 dum
671 1997 812 2055 muniunt
833 1997 938 2063 nostri,
961 1994 1131 2057 Pharnaces

132 2082 264 2151 4aciem
287 2079 431 2137 instruxit
452 2096 506 2138 suo
534 2097 619 2138 more
648 2087 736 2158 atque
765 2081 913 2140 instituto.
964 2078 999 2139 ln
1030 2081 1131 2142 fronte

169 2165 248 2223 enim
278 2159 410 2238 simplici
438 2160 554 2222 directa
581 2166 646 2224 acie
674 2180 787 2224 cornua
814 2165 904 2224 trinis
932 2162 1129 2226 firmabantur

169 2245 328 2313 subsidiis;
352 2243 456 2305 eadem
478 2248 605 2317 ratione¹
618 2247 692 2308 baec
707 2247 806 2308 media
822 2246 1051 2309 collocabantur
1066 2251 1132 2310 acle

171 2330 288 2390 duobus
310 2329 414 2389 dextra
436 2331 617 2409 sinistraque
640 2327 806 2393 intervallis
829 2331 1020 2411 simplicibus
1048 2333 1131 2394 ordl-

134 2413 260 2487 5nibus
289 2415 455 2475 instructis.
511 2414 640 2477 Pcrlecit
671 2419 826 2494 inceptum
858 2424 1028 2477 castrorum
1056 2436 1132 2497 opus

168 2497 317 2558 Domitius
338 2506 423 2577 parte
446 2501 602 2578 copiarum
625 2500 780 2579 provallo
803 2503 976 2562 constituta.

134 2607 149 2654 1
233 2580 388 2643 XXXVlll.
432 2583 572 2645 Proxima
593 2592 681 2645 nocte
704 2584 873 2646 Pharnaces
895 2587 1072 2665 interceptis
1088 2594 1131 2648 ta·

170 2665 322 2734 bellariis,
346 2668 397 2745 qui
420 2668 456 2727 de
478 2668 688 2729 Alexandrinis
709 2667 802 2730 rebus
825 2669 942 2730 litteras
969 2670 1005 2731 ad
1027 2671 1131 2732 Domi-

168 2753 246 2811 tium
267 2749 424 2822 ferebant,
447 2757 617 2830 cognoscit,
641 2754 799 2814 Caesarem
821 2772 929 2831 magno
946 2756 976 2813 in
992 2754 1132 2833 periculo

168 2838 293 2905 versari,
316 2835 505 2915 flagitarique
528 2837 565 2898 ab
576 2837 716 2906 Domitio,
739 2845 883 2917 utquam
906 2839 1038 2917 primum
1058 2839 1131 2900 Cae·

169 2922 230 2981 sari
253 2919 387 2980 subsidia
409 2923 544 2981 mitteret
566 2925 750 3001 propiusque
774 2923 837 3000 ipse
849 2921 1061 2983 Alexandriam
1076 2941 1132 3002 per

132 3021 148 3070 2
169 3004 284 3082 Syriam
309 3004 476 3065 accederet
521 3004 584 3075 Qua
606 3009 725 3086 cognita
748 3025 782 3068 re
798 3006 970 3067 Pharnaces
985 3009 1132 3068 victoriae

168 3087 236 3148 loco
260 3087 398 3156 ducebat,
421 3091 445 3149 si
469 3088 590 3150 trahere
612 3100 731 3169 tempus
752 3099 864 3170 posset,
889 3110 957 3151 cum
974 3090 1133 3155 disceden-

132 3171 239 3236 3dum
254 3171 386 3232 Domitio
409 3173 549 3234 celeriter
571 3182 700 3253 putaret.
737 3175 846 3274 ‘ltaque
869 3175 906 3237 ab
930 3174 1051 3254 oppido,
1074 3195 1133 3256 qua

168 3255 347 3317 facillimum
374 3275 526 3318 accessum
556 3267 586 3318 et
588 3261 829 3338 aequissimum
864 3260 900 3320 ad
928 3259 1133 3320 dimicandum

168 3342 281 3400 nostris
309 3339 444 3408 videbat,
479 3344 575 3403 lossas
603 3343 676 3403 duas
704 3343 834 3404 directas
863 3363 924 3405 non
952 3347 994 3404 ita
1023 3362 1133 3423 magno

167 3425 269 3485 medio
292 3426 450 3486 intervallo
473 3427 581 3487 relicto
605 3440 660 3486 1111
682 3428 791 3505 pedum
815 3428 1014 3490 altitudinis
1005 3445 1037 3488 m
1063 3447 1134 3490 eum
