2356 3870
153 200 194 265 88
388 214 391 219 “
438 205 584 260 BELLUM
599 205 822 261 AFRICANUM.

119 369 135 422 1
217 354 381 415 LXXXVII.
424 354 549 433 Equites
571 357 692 415 interim
714 354 875 433 Scipionis,
899 356 950 432 qui
973 372 1009 415 ex
1028 364 1118 435 prce·

155 440 196 499 lio
220 440 374 517 ingerant,
398 457 467 499 cum
489 438 606 499 Uticam
626 456 731 498 versus
754 441 812 498 iter
834 439 984 508 lacerent,
1009 458 1118 518 perve-

118 527 242 586 2niunt
264 524 300 583 ad
323 522 464 601 oppidum
486 523 640 583 Paradam.
689 523 746 584 Ubi
775 541 842 583 curn
865 521 902 582 ab
925 525 1034 584 incolis
1056 543 1119 587 non

153 610 373 685 reciperentur,
396 606 463 666 ideo
485 608 563 686 quod
586 609 664 668 fama
679 607 716 666 de
730 608 856 667 victoria
872 608 1007 668 Caesaris
1030 626 1118 687 prae-

156 695 351 761 cucurrisset,
373 692 402 751 ui
425 691 535 769 oppido
558 694 646 770 potiti
669 693 700 751 in
722 692 821 751 medio
844 694 910 752 loro
933 692 1025 769 lignis
1047 711 1118 754 coa·

156 779 283 836 cervatis
316 773 516 853 omnibusque
554 775 646 835 rebus
685 792 789 835 eorum
828 778 978 854 congestis
1015 780 1120 856 ignem

156 860 315 922 subiciunt·
337 867 425 939 atque
453 863 519 920 elus
547 859 649 939 oppidi
677 858 792 919 incolas
823 863 966 940 cuiusque
995 864 1120 938 generis

155 947 319 1024 aetatisque
351 946 434 1004 vivos
460 947 699 1022 constrictosque
729 945 760 1003 in
788 944 936 1005 llammam
964 947 1121 1006 coniciunt

92 1024 99 1039 ‘
155 1037 243 1107 atque
265 1031 307 1089 ita
329 1027 525 1088 acerbissimo
547 1028 691 1089 adiiciunt
719 1029 881 1106 supplicio;
910 1028 1019 1090 deinde
1048 1046 1121 1108 pro·

119 1116 237 1181 atinus
258 1113 375 1173 Uticam
397 1113 584 1190 perveniunt.
629 1110 791 1190 Superiore
813 1121 950 1190 tempore
971 1112 1010 1176 Μ.
1034 1114 1120 1183 Cato,

154 1197 234 1276 quod
262 1200 293 1256 in
322 1195 514 1257 Uticensibus
546 1205 670 1275 propter
703 1194 882 1257 beneficium
915 1197 990 1275 legis
1023 1197 1121 1259 Iuliae

154 1298 261 1360 parum
276 1283 340 1341 suis
355 1280 493 1358 partibus
507 1280 651 1359 praesidii
663 1296 729 1342 esse
742 1283 973 1352 existimaverat,
995 1280 1120 1360 plebem

154 1368 301 1427 inermem
317 1364 427 1443 oppido
450 1357 579 1424 eiecdrat
593 1372 624 1424 et
637 1372 706 1424 ante
722 1371 838 1443 portam
854 1365 994 1425 bellicam
1009 1369 1121 1426 castris

132 1449 293 1526 iussaque
326 1448 447 1526 parvula
481 1448 623 1508 duntaxat
654 1451 804 1509 munIerat
836 1449 938 1528 ibique
972 1448 1121 1511 custodiis

155 1532 348 1593 circumdatis
369 1531 507 1592 babitare
535 1536 688 1609 coegerat:
719 1541 856 1594 senatum
886 1540 984 1594 autem
1013 1535 1119 1615 oppidi

20 1682 23 1689 ,
122 1617 290 1684 4ουεῐοάἰει
310 1616 443 1686 tenebat.
494 1615 605 1677 Corum
627 1625 724 1677 castra
747 1618 779 1677 bl
802 1620 917 1696 equites
940 1617 1037 1678 adorti
1066 1637 1119 1679 ex·

154 1718 289 1780 pugnare
319 1707 498 1779 coeperunt,
531 1700 599 1761 ideo
627 1700 707 1780 quod
736 1716 787 1761 eos
816 1702 951 1762 Caesaris
981 1703 1121 1780 partibus

155 1788 263 1845 lavisse
287 1785 438 1853 sciebant,
461 1791 495 1844 ut
517 1787 561 1844 eis
583 1786 751 1845 interiectis
774 1804 878 1846 eorum
900 1787 1036 1864 pernicle
1065 1787 1118 1846 do·

120 1868 251 1936 alerem
274 1887 360 1930 suum
382 1869 611 1929 ulciscerentur.
655 1867 811 1930 Uticenses
833 1872 934 1930 anirno
957 1869 1058 1930 addito
1082 1889 1119 1931 ex

156 1954 294 2014 Caesaris
315 1955 441 2013 victoria
463 1951 614 2030 lapidibus
628 1950 819 2030 fustibusque
836 1956 951 2031 equites
973 1954 1120 2034 reppulev

122 2045 237 2104 erunt.
280 2037 382 2114 Itaque
405 2043 597 2114 posteaquam
620 2044 717 2096 castra
740 2055 799 2097 non
826 2044 987 2114 potuerant
1014 2039 1118 2115 potiti,

155 2120 271 2180 Uticam
300 2138 333 2179 se
362 2122 393 2179 in
421 2119 565 2197 oppidum
592 2123 787 2180 coniecerunt
815 2130 903 2199 atque
933 2120 976 2179 ibi
1005 2121 1120 2182 multos

42 2262 45 2268 ,
145 2203 311 2264 ‘Uticenses
333 2204 550 2263 interfecerunt
572 2203 734 2283 domosque
756 2222 859 2264 eorum
874 2214 1120 2281 expugnaverunt

121 2305 191 2354 rac
214 2288 415 2366 diripuerunt.
470 2285 587 2356 Quibus
619 2305 688 2347 cum
721 2287 792 2354 Cato
825 2287 1007 2366 persuadere
1035 2289 1118 2350 nulla

156 2374 271 2432 ratione
294 2370 402 2450 quiret
425 2377 459 2430 ut
481 2388 583 2431 seeum
605 2370 747 2451 oppidum
769 2369 965 2431 defenderent
980 2379 1011 2432 et
1026 2373 1117 2434 caede

156 2458 330 2536 rapinisque
357 2455 552 2523 desisterent,
587 2463 633 2523 et,
668 2454 740 2533 quid
768 2454 827 2514 sibi
857 2455 983 2526 vellent,
1014 2459 1119 2526 sciret,

157 2541 304 2601 sedandae
328 2556 431 2599 eorum
453 2540 681 2617 inportunitatis
702 2541 799 2615 gratia
821 2539 950 2616 siugulis
968 2551 989 2600 c
1005 2540 1118 2601 divisit.

122 2624 238 2692 aldem
267 2622 350 2682 Sulla
377 2623 504 2683 Faustus
531 2624 603 2682 lecit
625 2640 658 2682 sc
686 2623 723 2682 de
751 2638 804 2682 sua
832 2626 961 2700 pecunia
990 2624 1119 2702 largitus

158 2715 217 2776 est,
245 2725 364 2786 unaque
392 2725 461 2768 cum
488 2708 527 2766 iis
551 2705 590 2765 ab
618 2705 704 2767 Utica
738 2707 941 2785 proficiscitur
970 2714 1058 2787 atque
1086 2712 1120 2769 in

157 2809 284 2870 regnum
306 2794 351 2852 ire
374 2790 510 2852 intendit.

123 2895 137 2943 1
188 2890 191 2894 ·
221 2875 400 2936 LXXXVIII.
444 2874 620 2952 Complures
635 2875 757 2934 interlin
779 2892 816 2934 ex
832 2876 901 2952 iuga
915 2874 1033 2936 Uticam
1049 2894 1119 2954 per-

157 2962 290 3020 veniunt.
334 2958 415 3029 Quos
438 2976 542 3020 omnes
564 2958 634 3018 Cato
657 2953 835 3018 cdnvocatos
862 2976 922 3020 una
948 2974 1018 3020 cum
1044 2971 1120 3030 ccc,

157 3046 210 3122 qui
233 3045 389 3122 pecuniam
412 3042 547 3120 Scipioni
577 3042 613 3102 ad
642 3040 756 3103 bellum
784 3043 955 3104 laciendum
982 3044 1119 3104 contule·

157 3135 241 3194 rant,
263 3126 417 3194 hortatur,
446 3133 478 3184 ut
500 3129 621 3187 servitia
642 3129 891 3189 manumitterent
912 3127 1119 3207 oppidumque

121 3210 365 3276 odeienderent.
419 3210 553 3280 Quorum
588 3226 658 3271 cum
687 3219 802 3289 partem
841 3211 1009 3280 adsentire,
1049 3228 1119 3290 par·

159 3309 218 3355 tem
241 3296 374 3355 animum
397 3300 587 3371 mentemque
610 3297 806 3372 perterritam
837 3304 925 3374 atque
955 3298 986 3354 in
1016 3298 1120 3372 lugam

158 3380 334 3439 destinatam
357 3374 469 3437 babere
492 3377 699 3452 intellexisset,
724 3380 851 3459 amplius
873 3380 909 3440 de
930 3396 964 3438 ea
979 3395 1013 3440 re
1029 3396 1120 3457 ugera

157 3463 272 3524 destitit
286 3479 435 3542 navesque
456 3463 494 3521 iis
506 3461 656 3531 attribuit,
678 3469 722 3532 ut,
738 3465 770 3522 ln
785 3482 858 3542 quas
873 3465 1002 3542 quisque
1017 3472 1121 3544 partes
