2356 3870
175 228 216 290 93
508 179 817 279 nnarunocamrco

147 386 351 449 tiacultatem.
387 384 583 464 Transfigitur
608 393 724 447 scutum
749 385 865 447 Pulloni
891 393 921 446 et
945 394 1081 455 verutum
1104 389 1134 449 ln

146 477 162 528 u
173 469 272 532 balteo
284 469 434 550 defigitur.
448 467 567 529 Avertit
578 468 626 548 hic
638 488 723 531 casus
733 472 867 548 vaginam
879 477 909 529 et
918 469 1045 547 gladium
1063 472 1134 532 edu·

175 572 242 615 cere
265 555 381 616 conanti
393 557 525 616 dextram
537 561 670 614 moratur
681 572 815 621 manum,
831 553 1064 632 impeditumque
1080 554 1134 615 ho·

145 643 233 699 tates
248 639 478 699 circumsistunt.
509 639 663 698 Succurrit
682 639 820 698 inimicus
841 635 883 697 illi
898 639 1033 699 Vorenus
1049 645 1078 698 et
1093 639 1134 699 la·

134 722 292 783 laboranti
313 722 457 783 subvenit.
488 721 531 783 nd
545 720 626 781 hunc
645 739 678 781 se
698 723 853 782 confestim
868 739 885 781 a
900 721 1023 782 Pullone
1038 725 1135 783 omnis

133 812 163 863 ll
173 806 330 867 multitudo
342 807 500 874 convertit;
513 804 597 865 illum
608 811 713 865 veruto
719 805 901 866 arbitrantur
909 807 1048 866 occisum.
1066 805 1133 866 Gla-

174 889 221 949 dio
237 892 401 950 comminus
416 907 481 950 rem
494 890 572 967 gerit
585 888 720 950 Vorenus
734 896 823 965 atque
838 907 897 949 uno
912 890 1069 950 interiecto
1084 909 1133 950 re·

133 972 268 1050 reliquos
287 972 408 1052 paulum
428 971 582 1052 propelllt;
610 971 679 1032 dum
702 972 837 1050 cupidius
857 973 960 1041 instat,
983 974 1014 1033 in
1035 973 1133 1034 locum

132 1056 306 1117 ladeiectus
330 1056 504 1116 inferiorem
526 1055 662 1116 concidit.
700 1055 775 1117 Huic
801 1074 907 1117 rursus
932 1057 1133 1117 circumvento

173 1139 233 1200 fert
248 1140 411 1201 subsidium
426 1138 526 1209 Pullo,
549 1147 637 1215 atque
658 1138 745 1199 ambo
762 1137 1133 1218 lncolumes'oonplurlhus

173 1224 338 1284 interfectis
359 1241 473 1284 summa
499 1240 566 1283 cum
591 1220 677 1282 laude
703 1241 769 1284 sese
787 1224 865 1283 intra
886 1224 1064 1284 munitiones
1084 1241 1132 1283 re·

134 1313 165 1363 14
174 1309 296 1386 cipiunt.
336 1307 384 1367 Sic
404 1307 523 1368 fortuna
542 1307 573 1366 in
591 1307 780 1366 contentione
796 1314 825 1366 et
840 1307 1000 1367 certamine
1016 1316 1132 1367 utrum·

174 1406 231 1467 que
254 1392 394 1459 versavit,
421 1396 455 1450 ut
480 1388 554 1450 alter
579 1388 663 1449 alteri
687 1391 824 1450 inimicus
849 1388 956 1450 auxilio
985 1389 1133 1466 salutique

174 1481 266 1542 esset,
294 1490 392 1550 neque
416 1472 569 1533 diiudicari
593 1479 709 1551 posset.
739 1481 806 1534 uter
831 1474 890 1534 utri
915 1474 1024 1533 virtute
1049 1481 1131 1533 ante·

172 1557 315 1618 ferendus
329 1557 489 1617 rideretur.

146 1646 158 1696 ι
234 1640 374 1702 XXXXV.
405 1640 520 1711 Quanto
542 1641 656 1700 eratin
677 1639 739 1700 dies
759 1643 875 1718 gravior
895 1645 982 1716 atque
997 1641 1132 1718 asperior

173 1725 368 1803 oppugnatio,
391 1731 420 1784 et
438 1724 565 1784 maxime
586 1722 665 1800 quod
685 1741 791 1802 magna
809 1729 894 1802 parte
914 1722 1040 1783 militum
1061 1742 1131 1784 con-

173 1809 249 1868 fecta
262 1806 432 1868 vulneribus
446 1825 496 1868 res
511 1807 546 1868 ad
558 1808 734 1886 paucitatem
746 1807 935 1868 defensorum
945 1815 1130 1886 pervenerat,

174 1898 254 1951 tanto
271 1890 438 1952 crebriores
452 1890 568 1951 litterae
582 1892 737 1968 nuntiique
752 1890 789 1951 ad
804 1890 959 1952 Caesarem
974 1889 1130 1951 mitteban-

173 1982 237 2042 tur;
265 1991 393 2052 quorum
417 1992 486 2054 pars
512 1972 696 2053 deprehensa
720 1977 750 2035 in
776 1981 935 2053 conspectu
960 1981 1125 2034 nostroruu

146 2056 298 2118 zmilitum
318 2076 386 2118 cum
407 2059 538 2119 cruciatu
558 2057 729 2135 necabatur.
766 2057 838 2118 Erat
857 2075 935 2119 unus
955 2059 1036 2118 intus
1056 2057 1131 2118 Ner·

173 2142 238 2201 vius
252 2142 372 2201 nomine
387 2142 517 2210 vertice,
534 2140 599 2201 loco
614 2147 700 2201 natus
714 2139 854 2211 honesto,
871 2143 923 2219 qul
936 2159 952 2201 a
967 2143 1063 2219 prima
1078 2140 1130 2201 ob·

173 2223 287 2284 sidiona
302 2224 338 2284 ad
360 2225 532 2285 Ciceronem
552 2226 723 2303 perfugerat
742 2241 885 2302 suamque
901 2226 928 2285 ei
943 2224 1030 2285 lldem
1044 2242 1131 2303 prae-

145 2309 296 2368 estiterat.
339 2307 393 2368 Hic
419 2326 504 2368 servo
529 2326 582 2387 spe
606 2307 751 2368 libertatis
775 2310 948 2386 magnisque
972 2307 1132 2386 persuadet

145 2393 326 2470 opraemiis,
354 2398 388 2451 ut
413 2390 526 2452 litteras
554 2391 590 2453 ad
612 2392 767 2453 Caesarem
792 2390 914 2452 deierat
951 2391 1010 2452 llas
1030 2391 1080 2451 ille
1101 2394 1131 2451 in

173 2475 268 2535 laculo
288 2474 422 2553 inligatas
443 2475 528 2536 eliert
548 2483 577 2535 et
592 2474 692 2536 Gallus
710 2477 789 2536 inter
804 2475 902 2537 Gallos
923 2476 987 2536 sine
1006 2473 1066 2536 ulla
1081 2493 1130 2536 su·

145 2561 303 2637 tspicione
317 2567 450 2619 versatus
465 2558 501 2619 ad
516 2559 671 2619 Caesarem
685 2561 827 2639 pervenit.
851 2558 895 2621 nb
912 2576 946 2619 eo
962 2557 998 2619 de
1012 2560 1131 2639 pericu·

172 2641 208 2702 lis
225 2643 376 2703 Ciceronis
390 2642 574 2720 legionisque
589 2644 785 2720 cognoscitur.

145 2731 159 2782 t
234 2724 387 2786 xxxiivi.
413 2725 519 2787 Caesar
540 2727 668 2804 acceptis
686 2724 794 2786 litteris
815 2723 888 2786 hora
904 2726 1022 2786 circiter
1037 2723 1130 2784 unde·

173 2811 248 2869 cima
273 2809 331 2869 diei
353 2809 452 2870 statlm
475 2810 612 2870 nuntium
632 2811 663 2869 in
684 2807 853 2870 Bellovacos
874 2807 910 2868 ad
931 2808 969 2869 Μ.
993 2807 1131 2870 Crassum

173 2900 362 2970 quaestorem
376 2894 480 2962 mlttit,
497 2894 581 2953 cuius
595 2891 719 2953 hiberna
733 2891 855 2953 aberant
870 2890 907 2952 ab
919 2909 954 2952 eo
968 2890 1048 2952 milla
1063 2909 1129 2969 pas·

135 2986 160 3032 ‘2
172 2994 259 3036 suum
274 2995 352 3045 ως
376 2976 459 3037 lubet
478 2976 575 3037 media
594 2983 681 3037 nocte
701 2976 849 3054 legionem
862 2975 1011 3055 proficisci
1026 2973 1130 3035 celeri·

138 3066 159 3117 a
173 3066 278 3136 terque
292 3059 329 3119 ad
343 3076 377 3120 se
390 3061 500 3120 ventre.
539 3059 607 3119 llxit
627 3077 695 3121 cum
709 3062 813 3121 nuntio
829 3059 962 3121 crassus.
999 3056 1131 3120 Alterum

172 3142 208 3203 ad
225 3141 329 3203 Gaium
349 3140 473 3203 Fabium
493 3140 622 3220 legatum
642 3144 745 3212 mlttit,
767 3150 801 3204 ut
819 3145 849 3204 in
864 3141 1036 3204 Atrebatum
1058 3141 1131 3201 lines

140 3235 161 3282 24
171 3225 317 3303 legionem
342 3224 480 3294 adducat,
508 3241 565 3303 qua
584 3225 641 3286 sibi
656 3227 783 3288 scititer
807 3225 983 3287 iaciendum.
1022 3223 1132 3285 Scribit

173 3308 316 3378 Labieno,
347 3311 372 3370 si
401 3307 581 3388 reipublicae
610 3310 766 3370 commodo
794 3310 894 3371 iacere
916 3316 1031 3389 posset,
1063 3325 1131 3368 cum

172 3391 288 3470 legione
320 3392 355 3453 ad
382 3393 455 3453 lines
481 3392 655 3454 Nerviorum
685 3395 791 3455 veniat.
835 3393 990 3472 Reliquam
1015 3399 1131 3470 partem

173 3479 335 3547 exercitus,
353 3476 432 3555 quod
444 3475 530 3552 paulo
543 3476 645 3538 aberat
654 3477 784 3556 longius,
801 3495 861 3539 non
870 3484 957 3553 putat
972 3483 1128 3549 expectan-
