2356 3870
352 215 451 272 coint.
465 216 496 273 11.
513 216 582 273 CAP.
598 216 736 273 iti-xvi.
978 222 1018 282 37

55 381 216 442 Caesarem
237 379 361 440 tendere
381 386 411 439 et
425 397 497 441 voce
512 381 677 459 significare
699 389 877 460 coeperunt,
901 400 966 442 sese
987 385 1019 444 in

55 465 121 524 eius
141 463 232 523 iidem
252 481 287 523 ac
305 469 483 542 potestatem
504 466 606 524 venire
630 481 728 542 neque
750 475 853 526 contra
872 466 1018 545 populum

54 547 226 608 Romanum
240 550 331 607 armis
346 548 536 609 contendere.
574 549 658 617 Item,
676 567 745 608 cum
760 549 796 609 ad
811 549 953 628 oppidum
969 569 1015 611 ac·
1032 558 1049 608 3

55 633 197 692 cessisset
208 637 364 708 castraque
374 630 416 693 ibi
426 642 560 711 poneret,
573 633 660 711 pueri
671 630 871 710 mulieresque
882 652 919 693 ex
930 652 1016 694 muro

54 717 152 794 passis
166 713 304 775 manibus
318 733 372 775 suo
387 734 471 776 more
485 734 589 795 pacem
604 715 641 776 ab
655 714 795 776 Romanis
809 719 969 796 petierunt.

118 797 211 859 XIIII.
235 798 293 860 Pro
315 797 361 860 bis
376 798 534 861 Divitiacus
549 833 583 842 -
601 817 669 859 nam
689 809 757 878 post
772 801 935 861 discessum
950 801 1016 862 Bel·
1034 809 1048 858 1

54 901 163 962 garum
178 883 307 943 dimissis
317 882 487 944 Aeduorum
502 885 595 962 copiis
609 882 726 943 adeum
739 890 905 944 reverterat
921 917 955 927 -
973 886 1016 944 ia·

55 970 96 1028 cit
110 965 218 1027 verba:
241 965 412 1028 Bellovacos
428 968 658 1046 omnitempore
672 969 703 1027 in
717 966 775 1027 lide
790 973 878 1045 atque
893 968 1019 1027 amicitia
1033 977 1050 1023 2

56 1051 185 1112 civitatis
199 1049 318 1111 Aeduae
336 1052 445 1120 fuisse;
468 1051 603 1129 inpulsos
618 1050 654 1110 ab
670 1052 731 1111 suis
745 1050 946 1130 priucipibus,
969 1052 1019 1126 qui
1034 1058 1050 1108 3

53 1136 202 1203 dicerent,
215 1132 333 1194 Aeduos
348 1133 385 1194 ab
397 1135 523 1195 Caesare
537 1137 569 1195 in
584 1136 756 1195 servitutem
767 1135 903 1195 redactos
916 1152 1019 1194 omnes

54 1218 247 1295 indignitates
262 1215 517 1295 contumeliasque
531 1219 681 1297 perferre,
705 1228 734 1276 et
755 1217 792 1278 ab
807 1218 915 1278 Aeduis
937 1217 1017 1277 dele·

56 1305 134 1364 cisse
156 1307 188 1362 et
206 1300 318 1381 populo
332 1300 465 1362 Romano
486 1301 599 1361 bellum
613 1301 756 1361 intulisse.
796 1301 853 1372 Qui
870 1304 933 1361 eius
949 1319 1018 1361 con·
1035 1309 1051 1355 4

56 1385 115 1447 siIii
128 1386 282 1465 principes
295 1386 437 1454 luissent,
454 1385 533 1462 quod
547 1383 770 1461 intellegerent,
787 1394 925 1461 quantam
941 1383 1016 1444 cala·

55 1471 192 1531 mitatem
207 1469 316 1529 civitati
328 1468 507 1538 intulissent,
523 1470 554 1528 in
565 1469 748 1529 Britanniam
762 1470 940 1546 profugisse.
964 1468 1019 1528 Pe·
1035 1475 1052 1522 b

58 1563 122 1614 tere
136 1570 200 1613 non
215 1550 312 1612 solum
326 1551 513 1621 Bellovacos,
535 1551 589 1612 sed
604 1555 692 1612 etlam
706 1569 761 1630 pro
776 1551 823 1611 bis
837 1551 969 1620 Aeduos,
986 1560 1020 1611 ut

57 1654 112 1698 sua
127 1636 286 1696 clementia
301 1654 335 1695 ac
348 1633 576 1696 mansuetudine
590 1635 621 1694 in
638 1653 688 1695 eos
703 1643 812 1694 utatur.
837 1633 922 1704 Quod
938 1637 964 1693 si
977 1635 1020 1693 fe·
1036 1641 1053 1690 o

57 1722 143 1789 cerii,
158 1718 331 1780 Aeduorum
346 1720 551 1781 auctoritatem
565 1718 643 1797 apud
659 1735 762 1778 omnes
777 1716 882 1794 Belgas
896 1715 1019 1795 amplifl-

57 1814 212 1872 caturum,
230 1818 358 1879 quorum
372 1801 488 1863 auxiliis
501 1809 590 1879 atque
605 1799 726 1880 opibus,
743 1803 768 1860 si
784 1817 841 1876 qua
855 1799 932 1861 bella
946 1802 1020 1861 inci·

58 1887 174 1956 derint,
192 1893 360 1946 sustentare
375 1887 554 1946 consuerint.

121 1969 184 2031 XV.
208 1969 317 2031 Caesar
336 1967 457 2029 honoris
478 1968 612 2029 DivItiaci
632 1976 720 2044 atque
741 1966 911 2028 Aeduorum
933 1974 1050 2028 causat

58 2071 126 2114 sese
151 2070 204 2113 eos
228 2053 260 2113 ln
281 2051 369 2113 tidem
389 2060 581 2130 recepturum
608 2060 638 2111 et
662 2059 906 2111 conservaturum
932 2049 1020 2118 dixit:

59 2136 224 2215 quoderat
246 2137 347 2196 civitas
372 2152 477 2214 magna
492 2137 581 2194 >inter
600 2133 706 2212 Belgas
731 2137 907 2195 auctoritate
933 2143 1022 2210 atque

58 2219 216 2280 hominum
230 2216 419 2279 multitudine
432 2216 610 2297 praestabat,
624 2226 779 2279 sexcentos
795 2215 912 2277 obsides
927 2234 1021 2295 popo·

58 2307 125 2365 scit.
164 2301 217 2362 ffis
237 2301 352 2363 traditIs
373 2301 570 2378 omnibusque
590 2302 680 2361 arnus
702 2318 737 2360 ex
758 2300 866 2379 oppIdo
889 2300 1055 2368 conlatis,2

59 2387 97 2449 ab
112 2403 151 2447 eo
166 2384 234 2446 loeo
246 2388 279 2446 in
292 2386 367 2446 lines
380 2384 593 2445 Ambianorum
612 2385 761 2463 pervenit,
784 2385 835 2460 qui
856 2400 889 2444 se
909 2398 1023 2459 suaque

59 2471 163 2532 omnia
176 2469 241 2529 sine
254 2485 339 2529 mora
354 2466 538 2529 dediderunt.
567 2467 679 2528 Eorum
693 2468 766 2527 fines
781 2466 882 2527 Nervii
896 2468 1021 2543 attinge·
1037 2473 1054 2524 3

59 2554 149 2620 bant3
168 2568 297 2629 quorum
311 2552 349 2612 de
362 2562 469 2612 natura
483 2550 676 2628 moribusque
691 2551 799 2612 Caesar
813 2569 881 2611 cum
898 2566 1020 2626 quaere·

59 2647 126 2705 ret,
147 2637 192 2697 sic
206 2634 389 2714 reperiebat:
411 2634 531 2697 Nullum
546 2634 658 2695 aditum
674 2652 738 2695 esse
753 2633 789 2694 ad
805 2652 855 2694 eos
876 2641 1022 2693 mercato·
1038 2643 1055 2688 4

60 2721 163 2786 rIbus;
188 2717 261 2778 nihiI
276 2718 410 2797 pativini
424 2717 666 2796 reliquarumque
686 2735 788 2778 rerum
802 2718 922 2786 inferri,
945 2715 1023 2792 quod
1062 2727 1064 2731 ’

61 2807 97 2864 lis
112 2802 207 2864 rebus
221 2801 448 2879 relanguescere
463 2804 577 2862 animos
600 2799 733 2880 [eorum]
755 2808 785 2860 et
805 2802 917 2861 remitti
931 2801 1023 2858 virtu·
1063 2809 1066 2815 ·

62 2899 123 2948 tem
138 2887 359 2953 existimarent;
376 2902 442 2945 esse
455 2883 591 2945 homines
605 2887 685 2944 seros
701 2900 883 2960 magnaeque
896 2883 1024 2951 vlrtutis,
1039 2890 1056 2940 o

62 2970 246 3048 increpitare
261 2977 350 3045 atque
364 2971 502 3029 lncusare
517 2968 648 3044 reliquos
664 2967 784 3044 Belgas,
801 2969 899 3044 quise
913 2966 1025 3045 populo

62 3053 199 3114 Romano
225 3050 406 3112 dedidissent
433 3054 619 3130 patriamque
646 3053 786 3112 virtutem
814 3052 1024 3130 proiecissent:

62 3138 259 3204 confirmare,
286 3152 352 3196 sese
376 3150 475 3211 neque
500 3133 613 3212 legatos
638 3136 783 3196 missuros
809 3140 907 3211 neque
936 3133 1026 3194 ullam

64 3219 273 3282 mndIcIonem
285 3220 368 3297 pacis
381 3227 565 3297 accepturos.

125 3301 205 3364 xvi.
229 3299 303 3362 Cum
322 3320 379 3381 per
399 3319 504 3363 eorum
523 3303 597 3362 fines
612 3301 745 3363 triduum
760 3303 817 3360 iter
832 3300 966 3369 lecisset,
981 3301 1027 3359 iu·
1044 3306 1057 3354 1

65 3385 205 3446 veniebat
226 3401 263 3445 ex
283 3386 420 3464 captivis,
442 3383 543 3446 Sabtm
563 3383 676 3445 flumen
701 3384 738 3446 ab
758 3385 864 3446 castris
885 3385 950 3447 suis
967 3399 1036 3443 non

66 3468 195 3549 mplius
208 3466 289 3528 milia
300 3485 443 3546 passuum
455 3488 479 3530 1
498 3467 620 3534 siesse:
643 3479 730 3536 trans
750 3469 786 3536 id
803 3468 928 3536 llumen
940 3473 1085 3532 omnen
