2356 3870
320 208 396 262 CAP.
411 160 818 264 xxxxxui-Lxxxxvrn.
1011 205 1052 269 93

10 394 11 401 ι
88 377 120 419 se
144 360 269 435 recepit.
320 355 366 416 lhi
395 355 482 416 honis
510 357 637 416 venditis
665 375 784 425 eorum,
813 359 866 436 qui
895 356 950 417 sub
978 357 1089 420 lubae

88 443 268 520 Petreioque
291 439 411 499 ordines
434 440 596 507 duxerant,
620 440 809 519 Thapsitanis
830 441 878 501 HS
894 455 957 509 xx,
982 461 1051 503 con·

87 527 190 586 ventui
214 542 318 585 eorum
340 523 387 582 HS
410 536 500 592 xxx,
524 526 654 602 itemque
677 525 881 585 Adrumetinis
903 525 951 585 Η8
968 539 1051 595 xxx,

89 610 250 670 conventui
274 627 378 667 eorum
401 607 447 666 HS
470 620 492 665 L
520 606 630 666 multae
659 611 779 668 nomine
808 611 949 707 imponit;
979 613 1051 670 civi·

89 702 165 752 tates
194 693 331 769 bonaque
355 708 459 750 eorum
489 689 526 751 ah
549 693 631 751 omni
659 693 770 752 iniuria
798 695 972 771 rapinisque
1001 694 1051 753 de·

89 776 195 836 lendit.
244 775 432 852 Leptitanos,
463 791 589 852 quorum
618 774 828 852 superioribus
855 779 940 836 annis
973 776 1088 838 honae

89 860 162 919 luha
185 859 366 936 diripuerat,
390 866 419 918 et
442 857 477 917 ad
495 866 631 918 senatum
645 861 744 936 questi
759 878 814 937 per
835 859 948 936 legatos
964 869 1051 940 atque

89 942 249 1003 arbitrisa
277 949 382 1001 senatu
412 940 490 1001 datis
519 960 572 1002 sua
600 951 792 1020 receperant,
820 956 894 1001 xxx
918 947 1052 1005 centenis

88 1025 212 1087 milibus
246 1025 344 1104 pondo
377 1025 436 1084 olei
469 1026 500 1085 io
534 1042 627 1084 annos
661 1027 795 1104 singulos
827 1026 949 1095 multat,
984 1028 1051 1088 ideo

89 1110 167 1189 quod
203 1111 290 1169 initio
326 1126 378 1187 per
412 1109 630 1169 dissensionem
667 1112 841 1188 principum
879 1113 1051 1173 societatem

90 1213 157 1254 curn
181 1192 254 1252 luha
282 1192 412 1252 inierant
440 1210 567 1270 eumque
593 1195 700 1262 armis,
731 1194 894 1264 militibus,
923 1199 1052 1273 pecunia

89 1279 236 1337 iuverant
292 1276 499 1336 Tbisdritanos
532 1284 656 1354 propter
688 1278 889 1340 humilitatem
922 1281 1088 1342 civitatis4

91 1379 141 1420 cer
144 1369 173 1420 to
195 1378 319 1421 numero
342 1362 487 1420 frumenti
508 1360 623 1420 multat.

152 1443 368 1504 LXXXXVlll.
402 1444 456 1503 llis
485 1443 624 1503 rebus⁰
605 1447 698 1521 gestis
726 1445 830 1506 Idibus
858 1447 923 1506 lun.
946 1446 1049 1508 Uticae
1073 1456 1086 1504 1

89 1527 217 1588 classem
245 1518 420 1588 conscendit
452 1534 481 1587 et
514 1535 582 1605 post
614 1528 693 1589 diem
727 1531 850 1590 tertium
878 1530 1028 1590 Caralis
1019 1549 1051 1591 rn

90 1611 258 1672 Sardiniam
290 1613 440 1691 pervenit
489 1609 537 1670 lbi
566 1610 749 1681 Sulcitanos,
783 1613 862 1691 quod
894 1613 1086 1675 Nasidium2

90 1699 213 1774 eiusque
240 1696 365 1757 classem
393 1703 569 1771 receperant
597 1697 751 1774 copiisque
779 1698 931 1765 iuverant,
959 1697 1007 1756 HS
1031 1709 1050 1756 c

89 1780 195 1839 multat
218 1787 247 1838 et
270 1797 324 1856 pro
348 1779 482 1839 decumis
505 1785 623 1838 octavas
645 1779 777 1857 pendere
799 1779 884 1839 iubet
914 1780 1050 1859 bonaque

89 1881 253 1941 paucorum
276 1863 386 1928 vendit,
409 1870 440 1922 et
461 1870 528 1922 ante
551 1862 630 1922 diem
653 1875 717 1922 1111.
733 1863 797 1923 llal
814 1863 938 1934 Quintil
962 1882 1050 1924 naves

90 1947 264 2008 conscendit
286 1954 315 2006 et
338 1966 353 2006 a
377 1945 530 2007 Caralibus
557 1946 721 2007 secundum
748 1955 859 2007 terram
891 1955 1051 2025 provectus

90 2030 341 2092 duodetricesimo
357 2031 414 2099 die,
439 2029 507 2090 ideo
523 2029 601 2108 quod
616 2022 870 2108 tempestatibus
862 2049 894 2093 ιιι
915 2031 1051 2111 portibus

88 2115 299 2184 cohibebatur,
322 2115 359 2175 ad
383 2113 488 2175 urbem
508 2113 632 2176 Romam
656 2117 746 2175 venit.
