2356 3870
96 241 140 299 llll
460 228 665 294 huldreum?

115 384 123 398 ’
157 404 235 459 Anno
251 401 403 474 insequenti
419 401 555 457 (laeserim
570 404 632 456 Asia
647 404 745 458 meruit
759 404 846 476 prima
860 404 992 477 stipendia
1008 407 1034 460 in

97 487 189 542 castris
203 485 236 540 ll.
248 481 345 540 Minuci
357 484 462 538 Thermi
476 486 675 557 propraetoris,
692 502 707 540 a
720 501 774 557 quo
786 493 930 559 postquam
944 486 1035 542 classis

95 567 266 623 arcessendae
282 582 362 622 causa
383 565 415 621 ad
430 565 598 622 Nicomedem
612 567 751 640 Bithyniae
765 584 856 641 regem
872 570 969 624 missus
985 578 1034 638 est,

96 664 124 704 re
143 647 212 704 bene
238 656 328 720 gesta,
355 664 408 704 uno
435 664 467 704 er
487 648 725 705 commilitionibus
751 667 765 705 e
790 652 859 706 vitae
885 651 1035 707 discrimine

73 802 76 807 Ι
96 740 197 803 erepto,
210 733 237 786 in
248 730 434 803 Mytilenarum
446 733 642 804 expugnatione
656 748 755 788 corona
768 728 850 790 civica
859 734 973 790 donatus
986 743 1034 789 est.

95 813 220 868 Triennio
241 820 304 885 post
320 829 380 869 eum
394 813 536 888 perbreve
554 822 658 887 tempus
673 813 702 871 in
717 815 744 871 P.
760 815 855 872 Servili
877 816 961 871 classe
977 833 1034 871 eum

95 894 188 967 piratis
201 893 329 951 Cilicibus
341 903 498 970 pugnasset,
514 896 603 952 Sullae
612 904 699 953 morte
711 899 819 971 cognita
829 898 937 956 Romam
949 914 1035 954 rever·
1081 909 1083 911 ’

95 993 140 1032 sus
152 979 179 1032 in
190 978 360 1051 popularium
372 985 462 1053 partes
475 980 589 1041 transiit,
601 979 633 1034 ll.
644 980 737 1053 lepidi
753 982 883 1037 societate
897 980 1033 1036 abstinuit.

156 1061 232 1115 Anne
248 1059 403 1132 insequenti
424 1059 456 1130 (a.
473 1060 502 1116 U.
519 1077 540 1117 e.
555 1060 723 1134 oeixxvu.)
752 1063 796 1118 (ln.
819 1063 971 1120 Cornelium
986 1064 1034 1118 lle·

94 1140 224 1204 labellum,
242 1144 287 1216 qui
302 1142 448 1215 proconsul
459 1143 628 1200 blacedoniae
642 1143 743 1207 luerat,
760 1162 829 1202 anno
842 1153 906 1218 post
921 1146 966 1198 Cn.
982 1147 1034 1198 An·

95 1224 213 1286 torrium,
230 1225 276 1298 qui
292 1226 319 1279 in
333 1225 432 1280 Achaia
447 1227 554 1295 rapinas
569 1225 683 1285 iecerat,
706 1235 849 1296 utrumque
866 1223 1034 1280 Sullanarum

94 1308 224 1378 partium,
240 1306 272 1360 de
287 1305 444 1377 repetundis
460 1306 606 1368 accusavit;
629 1321 742 1377 quorum
764 1321 923 1379 quamquam
939 1314 1033 1361 neuter

94 1395 136 1444 est
151 1387 355 1449 condemnatus,
371 1393 459 1442 mmcn
469 1386 565 1444 Caesar
575 1403 697 1460 maguam
711 1388 773 1444 inde
787 1387 892 1444 laudem
907 1404 1033 1444 consecu-

95 1479 139 1526 tus
155 1480 203 1526 est.

99 1595 104 1601 .
155 1552 255 1608 Eodem
274 1568 344 1608 anno
365 1559 477 1610 exeunte
499 1567 558 1608 oum
572 1551 692 1618 Rhodum
714 1550 798 1608 abiret
818 1553 916 1609 llolonl
931 1554 1032 1610 rhetori

94 1650 203 1708 operam
215 1635 335 1697 daturus,
352 1635 379 1689 in
396 1635 493 1689 itinere
504 1649 590 1705 prope
599 1633 716 1689 Miletum
735 1650 749 1688 a
761 1635 855 1706 piratis
871 1642 973 1708 eaptus,
987 1637 1033 1691 sed

96 1716 271 1790 quadraginta
282 1717 386 1771 dierum
393 1717 480 1787 spatio
487 1716 628 1770 interiecto
640 1715 803 1787 redemptus,
815 1718 923 1773 eosdem
932 1717 1033 1788 piratas

94 1798 204 1855 nauibus
215 1798 325 1854 llilesiis
342 1804 500 1870 persecutus
512 1805 553 1852 est
569 1804 716 1870 captosque
727 1797 848 1869 Pergami
857 1800 929 1853 eruci
942 1797 1032 1853 aiiirit.

154 1882 299 1953 Postquam
320 1896 417 1935 annum
438 1877 523 1936 lthodi
543 1885 722 1935 commoratus
737 1886 791 1941 est,
817 1896 885 1936 anno
900 1879 1033 1935 DGLXXX.

95 1979 154 2020 cum
168 1962 232 2019 inde
252 1962 281 2020 in
296 1963 385 2017 Asiam
400 1963 555 2023 transisset,
575 1961 654 2033 pulso
669 1959 710 2017 ibi
724 1961 859 2034 praelecto
874 1961 1033 2018 Mithridatis

94 2045 177 2119 regis,
193 2047 239 2118 qui
254 2046 333 2101 Asiae
347 2046 459 2100 minoris
473 2042 566 2099 littora
580 2044 670 2101 Rhode
686 2045 806 2116 proxima
820 2044 948 2107 vastabat,
964 2047 992 2099 in
1007 2045 1032 2100 C.

95 2128 186 2184 Aureli
203 2127 296 2183 Cottae
311 2126 432 2183 avunculi
447 2126 536 2183 locum
555 2125 652 2182 absens
672 2125 793 2199 pontifex
809 2135 913 2184 creatus
927 2128 1034 2184 Romam

95 2211 213 2269 revertit.
248 2210 286 2266 lbi
310 2227 369 2266 eum
390 2210 515 2266 comitate
537 2216 564 2264 et
583 2208 744 2267 liberalitate
767 2211 795 2265 in
809 2210 903 2284 populi
918 2210 1034 2266 favorem

94 2294 220 2354 venisset,
236 2294 298 2348 eius
309 2292 445 2366 suffragiis
459 2290 585 2348 tribunus
599 2291 714 2348 miiitum
729 2300 835 2349 oreatus
850 2300 973 2349 auctores
987 2294 1034 2349 tri·

96 2375 218 2432 hunieiae
232 2375 385 2447 potestatis,
400 2375 553 2431 deminutae
568 2391 582 2430 a
597 2374 678 2438 Sulla,
694 2375 875 2432 restituendae
889 2384 943 2430 tam
959 2377 1034 2431 enixe

95 2458 208 2520 adiuvit,
224 2465 255 2512 ut
269 2457 445 2530 quadriennio
459 2464 523 2530 post
536 2464 657 2531 potestas
674 2456 819 2514 tribunicia
834 2475 849 2513 a
863 2457 990 2530 Pompeio
1004 2474 1034 2514 er

95 2538 324 2614 Hispaniareduce
331 2547 357 2595 et
364 2539 459 2596 Crasso
472 2538 628 2596 consulibus
635 2541 836 2597 restitueretur,
845 2540 943 2597 llodem
955 2557 1034 2602 anno,

94 2621 282 2684 dclxxxiiii„
296 2620 351 2694 legi
367 2621 521 2679 iudiciariae
536 2638 552 2677 a
564 2622 593 2678 L.
605 2622 714 2678 Aurelio
729 2622 808 2678 Cotta
821 2622 891 2678 latae
906 2623 1033 2696 suifraga-

96 2714 139 2761 tus
154 2712 209 2766 est,
230 2706 367 2767 oratione,
390 2720 443 2776 qua
457 2703 586 2760 Plautiam
600 2705 769 2778 rogationem
784 2705 925 2767 suadebat,
947 2706 1009 2778 peri
1025 2734 1033 2744 ·

95 2785 147 2849 cit,
163 2794 193 2843 ut
206 2787 235 2843 L.
250 2784 348 2848 Cinna,
370 2786 463 2843 uxoris
483 2785 581 2848 irater,
604 2789 705 2860 quique
725 2804 785 2845 eum
800 2804 832 2844 eo
847 2787 878 2843 ll.
895 2788 1034 2843 Aemilium

94 2869 222 2941 Lepidum
243 2870 328 2924 secuti
347 2876 411 2943 post
430 2871 488 2925 elus
508 2877 621 2925 mortem
646 2871 678 2926 ad
698 2871 727 2939 Q.
744 2869 892 2928 Sertorium
908 2870 1034 2944 conluge-

94 2959 166 3014 rant,
181 2953 396 3007 restituerentur.

158 3034 290 3101 Quaestor
304 3050 374 3090 anne
390 3032 419 3090 U.
436 3051 458 3090 c.
474 3034 667 3100 dclxxxvii..
689 3054 748 3094 cum
763 3036 901 3111 provincia
916 3039 940 3094 ei
957 3038 1034 3093 obre·

95 3117 180 3171 nisset
199 3116 340 3188 Hispania,
365 3118 407 3172 cui
426 3119 559 3174 Antistius
580 3119 663 3176 Vetus
689 3137 738 3194 pro
759 3129 883 3194 praetore
904 3129 1034 3194 praeerat,

94 3214 203 3255 munere
218 3198 327 3254 iunctus
342 3215 401 3254 cum
417 3216 518 3256 summa
529 3200 684 3275 diligentia,
696 3203 880 3258 Gadibus'risa
894 3203 1034 3259 Alexandri

94 3279 180 3354 hlagni
194 3282 310 3354 imagine
330 3281 400 3339 vitae
420 3291 481 3339 ante
502 3290 576 3340 actae
599 3286 700 3358 pudore
721 3285 861 3358 perculsus
882 3294 943 3342 ante
969 3294 1034 3342 tem·

95 3378 144 3435 pus
157 3365 265 3420 Romam
280 3363 368 3441 rediit.

156 3445 256 3502 llodem
271 3463 340 3503 anne
362 3447 470 3522 publice
490 3449 606 3505 laudavit
627 3449 719 3506 lulium
741 3452 847 3507 amitam
873 3450 1028 3507 Corneliam
