2356 3870
156 197 216 262 176
452 193 492 250 bt
508 193 611 250 Brito
627 195 765 252 ontbtco

156 368 206 423 aut
220 360 383 422 comminus
403 356 646 437 opprimebantur
666 365 716 419 aut
736 359 850 420 eminus
870 357 1101 420 vulnerabantur

156 445 318 514 sedetiam,
336 445 386 520 qui
399 443 518 521 longius
536 440 693 502 subsidiari
713 451 898 513 consuerant,
921 445 1048 522 turpiter
1063 463 1109 503 re·

125 531 296 606 attigerunt
321 545 377 587 nec
401 528 484 605 prius
510 526 598 585 finem
624 527 712 602 fugae
738 527 874 587 lecerunt
894 545 982 605 saepe
998 528 1112 588 amissis

39 655 51 664 s
90 664 103 688 ,
156 610 360 691 superioribus
374 609 461 679 locis,
479 624 565 685 quam
581 625 613 669 se
635 616 686 670 aut
703 611 734 669 in
750 616 845 671 castra
860 628 982 670 suorum
997 610 1112 689 recipe-
1142 599 1150 619 '

125 703 222 757 trent
237 702 287 756 aut
301 693 436 755 nonnulli
450 693 565 771 pudore
575 691 793 770 ooactilongius
807 695 1010 772 profugerent.
1034 694 1111 764 Quo

154 797 222 840 rum
242 777 375 858 periculo
396 779 438 837 sic
460 793 562 836 omnes
578 777 678 854 copiae
699 784 768 837 sunt
787 776 993 855 perturbatae,
1014 785 1047 837 ut
1067 780 1110 837 vir

155 864 278 924 iudicari
298 869 414 941 posset,
436 867 537 920 utrum
558 858 695 919 secundis
715 861 903 936 minimisque
923 860 1013 921 rebus
1032 862 1111 921 inso-

155 947 296 1008 lentiores
312 963 348 1006 an
363 944 485 1005 adverso
500 943 642 1004 mediocri
657 960 725 1004 casu
741 943 903 1005 timidiores
919 951 1026 1005 essent

126 1037 136 1089 1
217 1029 306 1090 llllll.
332 1025 529 1107 Conpluribus
540 1025 643 1087 diebus
654 1026 748 1087 isdem
762 1030 793 1090 t'n
806 1029 909 1088 castris
922 1029 1113 1107 consumptis,

156 1132 222 1174 cum
238 1114 362 1192 propius
384 1112 543 1171 accessisse
562 1109 694 1187 legiones
710 1117 740 1171 et
755 1111 859 1172 Gaium
874 1111 1054 1172 Trebonium
1071 1111 1111 1171 le·

157 1205 256 1275 gatum
278 1196 497 1273 cognovissent,
525 1193 615 1254 duces
636 1193 858 1255 Bellovacorum
877 1197 963 1256 veriti
989 1194 1113 1255 similem

157 1281 360 1341 obsessionem
374 1277 488 1340 Alesiae
502 1284 591 1338 noctu
607 1276 758 1338 dimittunt
778 1296 844 1348 eos,
866 1295 940 1356 quos
955 1285 1006 1339 aut
1020 1285 1114 1339 aetate

157 1370 207 1425 aut
221 1362 333 1423 viribus
347 1363 504 1422 inferiores
518 1369 569 1422 aut
583 1363 712 1421 inermes
732 1361 894 1432 habebant,
912 1379 1030 1439 unaque
1044 1361 1113 1423 reli·

125 1457 142 1505 2
157 1464 214 1524 qua
228 1447 446 1525 impedimenta.
469 1444 601 1515 Quorum
615 1444 822 1522 perturbatum
830 1454 859 1506 et
874 1446 1030 1507 contusum
1045 1444 1114 1505 dum

70 1558 73 1563 >
158 1531 414 1609 explicantagmen
430 1561 466 1572 -
484 1545 588 1605 magna
604 1529 681 1588 enim
696 1528 852 1590 multitudo
859 1547 1012 1590 carrorum
1028 1531 1115 1589 etiam

159 1614 309 1693 expeditos
325 1614 410 1690 sequi
425 1610 522 1672 Gallos
545 1613 697 1672 consuevit
713 1645 762 1681 ·-,
781 1615 916 1692 oppressi
935 1611 1000 1673 luce
1016 1614 1115 1691 copias

158 1704 339 1758 armatorum
358 1715 413 1776 pro
435 1697 497 1757 suis
517 1697 668 1756 instruunt
689 1698 808 1764 cestrie,
830 1697 970 1775 ueprius
991 1695 1114 1756 Romani

157 1784 298 1861 persequi
310 1799 342 1842 se
361 1781 541 1859 inciperent,
563 1795 651 1856 quam
671 1777 787 1856 longius
803 1797 907 1857 amnon
921 1779 1114 1858 impedimen·

127 1872 143 1924 t
158 1872 256 1926 torum
271 1883 394 1925 suorum
412 1864 615 1942 processisset.
651 1863 688 1924 tt
703 1862 809 1923 Caesar
828 1880 924 1940 neque
944 1864 1116 1923 resistentes

146 1948 374 2027 'adgrediundos
395 1954 476 2007 tanto
498 1945 580 2007 collis
601 1964 726 2007 ascensu
746 1945 907 2017 iudicabat,
933 1963 1031 2023 neque
1056 1964 1115 2006 non

160 2048 253 2108 usque
278 2049 312 2091 eo
332 2031 463 2108 legiones
484 2029 694 2099 admovendas,
716 2036 749 2090 ut
770 2030 923 2091 discedere
943 2048 977 2090 er
1000 2047 1035 2089 eo
1050 2029 1116 2089 loco

159 2116 222 2175 sine
241 2112 375 2192 periculo
396 2112 514 2173 barbari
533 2112 676 2174 militibus
701 2112 890 2175 instantibus
902 2131 962 2174 non
983 2122 1114 2193 possent

126 2198 207 2266 otta,
226 2215 292 2258 cum
307 2196 414 2276 palude
425 2196 554 2275 inpedita
566 2215 580 2256 a
590 2198 692 2258 castris
707 2203 803 2279 castra
810 2197 897 2258 dividi
904 2197 1024 2267 videret,
1042 2214 1116 2273 quae

159 2281 333 2341 transeundi
347 2279 503 2340 difficultas
523 2279 705 2341 celeritatem
724 2282 900 2358 insequendi
915 2281 1033 2343 tardare
1047 2299 1115 2359 pos·

159 2371 213 2433 set,
230 2370 318 2440 atque
327 2363 356 2423 id
372 2366 483 2440 iugum,
500 2364 578 2440 quod
588 2372 671 2425 trans
682 2364 821 2443 paludem
836 2383 930 2444 paene
941 2365 976 2426 ad
988 2364 1116 2425 hostium

160 2453 254 2507 casua
268 2448 448 2526 pertineret,
470 2447 611 2510 mediocri
631 2447 737 2508 vallea
753 2450 857 2508 castris
879 2466 981 2509 corum
996 2450 1116 2512 interci-

159 2549 224 2591 sum
240 2533 370 2591 animum
384 2529 562 2600 adverteret,
581 2530 721 2610 pontibus
741 2530 848 2610 palude
863 2538 1010 2593 constrata
1024 2531 1115 2608 legio·

158 2632 211 2673 nes
227 2612 354 2674 traducit
368 2612 564 2690 celeriterque
583 2615 614 2673 in
636 2632 780 2674 summam
795 2614 953 2694 planiciem
973 2616 1034 2692 iugi
1049 2633 1116 2693 per·

158 2698 247 2766 venit,
265 2696 451 2773 quaedeclivi
465 2698 581 2775 fastigio
589 2697 705 2759 duobus
711 2696 747 2758 ab
761 2697 904 2760 lateribus
918 2698 1113 2762 muniebatur.

128 2779 201 2841 tlbi
212 2779 378 2858 legionibus
389 2781 539 2841 instructis
555 2781 590 2842 ad
605 2781 741 2842 ultimum
752 2783 854 2860 iugum
868 2784 1004 2862 pervenit
1010 2783 1115 2843 aciemn
1127 2810 1129 2813 ·

159 2882 267 2941 que’eo
282 2864 347 2925 loco
369 2866 534 2934 constituit,
557 2865 636 2926 undo
657 2872 805 2926 tormento
825 2867 914 2927 missa
936 2865 993 2927 tela
1013 2867 1043 2926 in
1064 2865 1117 2925 ho·

159 2950 246 3008 stium
262 2967 372 3009 cuneos
388 2950 483 3009 conici
497 2956 628 3027 possent.

126 3040 138 3093 1
220 3031 280 3091 XV.
324 3031 447 3092 Barbari
469 3033 571 3094 confisi
592 3032 650 3094 loci
669 3040 790 3103 natura,
814 3053 881 3095 cum
902 3033 1042 3095 dimicare
1057 3050 1117 3092 non

158 3121 346 3184 recusarent,
375 3118 400 3176 si
425 3117 502 3177 forte
521 3116 646 3178 Romani
676 3117 778 3180 subire
800 3117 905 3179 collem
927 3122 1117 3185 conarentur,

158 3198 298 3279 paulatim
313 3200 411 3276 copias
427 3200 598 3262 distributas
614 3201 761 3263 dimittere
781 3220 841 3263 non
855 3207 987 3281 possent,
1002 3217 1041 3260 ne
1057 3199 1117 3259 dis-

126 3284 236 3363 apersi
261 3281 525 3361 perturbarentur,
557 3286 587 3344 in
615 3287 676 3346 acie
700 3291 937 3365 permanserunt
984 3283 1116 3355 Quorum

159 3367 319 3446 pertinacia
335 3368 451 3446 cognita
464 3367 570 3429 Caesar
585 3389 626 3428 xx
642 3368 813 3431 cohortibus
828 3369 982 3431 instructis
998 3368 1116 3428 eastris·

159 3468 215 3527 que
231 3469 266 3511 eo
281 3450 345 3512 loco
361 3453 478 3513 metatis
492 3454 602 3514 muniri
616 3452 698 3515 iubet
719 3461 824 3515 castra.
854 3452 1004 3516 Absolutis
1019 3453 1116 3533 operi·
