2356 3870
466 181 673 239 EPISTULAE.
994 181 1051 246 141

355 340 405 365 κ-
421 325 463 394 [A.
481 324 515 379 u
534 302 724 396 cocunt]

160 416 217 477 Cic.
232 417 289 492 ap.
304 418 344 477 cd
355 415 415 476 Aa.
436 417 510 485 VII,
527 422 554 492 1,
570 421 598 478 3.
625 420 674 479 Me
696 422 797 479 autem
814 422 941 497 uterque
954 440 1054 482 nume-

92 509 140 564 rat
163 524 262 579 suum,
284 506 343 565 nisi
364 506 441 565 forte
464 507 585 565 simulat
606 508 690 566 alter.
725 507 803 566 Nam
817 508 973 584 Pompeius
995 529 1055 569 non

92 595 222 652 dubitet:
245 613 314 653 vere
338 595 416 653 enim
438 594 562 667 iudicat,
585 613 632 668 ea,
656 615 732 671 quae
754 596 791 654 de
813 598 964 672 republica
977 617 1055 656 nunc

93 683 215 755 sentiat,
243 683 317 740 mihi
343 683 429 740 valde
455 683 582 757 probari.
632 680 794 759 Utriusque
825 688 926 744 autem
956 686 1055 761 accepi

94 770 237 829 eiusmodi
258 771 375 828 litteras
399 771 501 829 eodem
523 774 669 846 tempore,
697 789 755 848 quo
782 775 862 846 tuas,
890 777 924 831 ut
950 777 1055 833 neuter

94 875 273 933 quemquam
300 858 431 916 omnium
457 859 550 933 pluris
576 860 673 918 facere
705 877 794 935 quam
822 879 870 918 me
897 858 1054 920 rideretur.

94 977 136 986 -
160 949 197 1004 lb.
213 948 242 1004 7.
257 951 326 1004 extr.
359 977 400 985 -
415 947 569 1020 gratulans
583 947 656 1005 mihi
671 945 779 1006 Caesar
793 948 829 1006 de
844 948 1056 1023 supplicatione

92 1033 321 1108 triumphat-de
348 1035 495 1092 sententia
523 1033 656 1106 Catonis,
683 1053 737 1094 nec
765 1035 879 1109 scribit,
906 1036 978 1112 quid
1005 1037 1056 1094 ille

94 1121 259 1181 sententiae
272 1122 391 1194 dixerit,
415 1122 466 1181 sed
488 1124 618 1197 tantum,
640 1123 883 1198 supplicationem
897 1142 965 1181 eum
982 1124 1056 1182 mihi

93 1228 154 1269 non
176 1211 348 1269 decrevisse.
364 1242 405 1249 ψ
422 1213 450 1283 2,
466 1212 494 1268 7.
531 1208 640 1270 Caesar
658 1212 694 1269 iis
716 1211 839 1284 litteris,
863 1212 970 1287 quibus
983 1212 1056 1271 mihi

94 1299 264 1373 gratulatur
278 1301 308 1357 et
331 1298 429 1357 omnia
442 1298 610 1373 pollicetur,
634 1306 691 1374 quo
705 1299 792 1357 modo
807 1300 921 1358 exultat
935 1297 1056 1359 Catonis

94 1387 126 1444 in
139 1406 186 1444 me
209 1386 403 1461 ingratissimi
425 1387 604 1445 iniuriat-
620 1389 649 1459 3,
666 1389 770 1447 lam.
805 1386 860 1446 Ille
883 1387 957 1445 mihi
977 1387 1056 1447 litte·

92 1492 144 1532 ras
166 1475 290 1533 blandas
312 1475 406 1532 mittit
429 1505 479 1532 --.

439 1569 480 1637 [A.
498 1568 533 1623 U.
553 1569 582 1624 C.
600 1568 714 1637 DCOV.]

162 1647 210 1713 lu,
235 1649 289 1717 21,
319 1647 347 1704 3.
396 1644 464 1720 Ipse
490 1664 538 1703 me
571 1643 680 1704 Caesar
711 1645 748 1702 ad
780 1663 882 1720 pacem
912 1645 1057 1704 hortatur.

97 1732 155 1791 Sed
177 1735 358 1808 antiquiores
381 1733 508 1804 litterae,
531 1749 621 1808 quam
642 1752 728 1791 ruere
752 1734 856 1808 coepit.
882 1763 923 1773 --
953 1734 1005 1804 23,
1028 1733 1057 1791 3.

97 1820 231 1880 Caesaris
258 1822 426 1880 litterarum
454 1820 619 1894 exemplum
645 1820 701 1880 tibi
727 1821 802 1878 misi.
830 1851 872 1860 —
906 1818 999 1886 VIII,
1029 1822 1057 1893 2,

100 1911 127 1967 1.
177 1910 241 1984 Ego
268 1909 307 1966 ad
330 1907 486 1967 Caesarem
518 1925 592 1966 unas
616 1906 718 1982 Capua
744 1909 860 1966 litteras
887 1906 967 1978 dedi,
996 1907 1059 1982 qui·-

96 1998 153 2056 bus
184 1997 223 2054 ad
255 2015 289 2055 ea
311 1997 461 2070 rescripsi,
494 2014 569 2071 quae
601 2015 716 2056 mecum
747 1997 798 2054 ille
826 1996 862 2054 de
889 1995 1058 2070 gladiatori·

98 2087 153 2144 bus
178 2085 238 2142 suis
263 2088 372 2159 egerat.
418 2085 538 2144 Alteras
561 2085 663 2143 eodem
687 2084 734 2143 dic
757 2083 838 2157 dedi,
863 2101 921 2159 quo
943 2083 998 2140 has
1020 2082 1060 2140 ad

97 2176 136 2230 te.
182 2172 249 2230 Non
272 2173 356 2247 potui
377 2191 436 2231 non
459 2173 543 2246 dare,
570 2190 636 2231 cum
660 2177 690 2232 et
712 2173 775 2248 ipse
797 2172 835 2229 ad
858 2190 905 2230 mc
929 2170 1060 2245 scripsis-

98 2263 145 2318 set
167 2264 198 2319 et
219 2261 339 2319 Balbus
364 2291 406 2301 —·
441 2263 491 2334 11,
516 2263 544 2320 5.
590 2260 674 2329 Quod
697 2260 828 2336 quaeris,
857 2259 928 2335 quid
952 2256 1061 2317 Caesar

98 2348 137 2406 ad
163 2368 211 2407 me
240 2349 402 2423 scripserit,
430 2350 508 2424 quod
537 2367 637 2423 saepe,
669 2349 873 2424 gratissimum
900 2346 957 2406 sibi
985 2364 1060 2419 csse,

99 2436 178 2511 quod
201 2437 339 2511 quierim,
368 2441 505 2511 oratque,
532 2437 564 2494 in
591 2454 625 2494 eo
648 2440 683 2493 ut
708 2453 902 2510 perseverem.
947 2433 1060 2492 Balbus

98 2525 194 2582 minor
217 2525 289 2582 hacc
303 2525 406 2581 eadem
428 2524 576 2582 mandata.
591 2553 633 2563 -
648 2523 763 2582 Balbus
777 2523 816 2581 aet
830 2521 888 2580 Cic.
902 2523 939 2580 lo.
957 2522 996 2580 15
1010 2517 1059 2587 A..

100 2615 129 2670 3.
153 2616 222 2668 ectr.
259 2611 345 2669 Balbi
368 2611 428 2669 mei
450 2612 553 2685 tuique
576 2611 706 2670 adventu
728 2610 907 2669 delectatum
929 2612 960 2667 te
974 2608 1060 2667 valde

99 2698 223 2773 gaudeo.
259 2699 289 2756 Is
313 2717 514 2774 quaecumque
536 2699 592 2758 tibi
615 2700 651 2756 de
668 2696 793 2757 Caesare
817 2696 903 2769 dixit,
927 2714 1061 2772 quaeque

101 2785 210 2843 Caesar
234 2787 363 2860 scripsit,
387 2787 459 2859 scio,
483 2806 514 2845 rc
537 2787 593 2845 tibi
615 2787 765 2862 probabit,
789 2803 989 2860 quaecumque
1004 2783 1061 2841 for·

98 2876 173 2931 trina
196 2873 259 2931 eius
282 2874 386 2947 fucrit,
408 2874 571 2933 verissume
595 2874 754 2950 scripsisse.
770 2903 810 2912 -
840 2871 953 2936 VIIII,
976 2872 1004 2929 6.
1022 2867 1060 2928 Α.

105 2961 246 3017 Caesar
263 2964 357 3027 imp·
376 2975 406 3016 s.
425 2963 462 3015 d.
483 2960 656 3016 Ciceroni
674 2962 768 3026 imp·
816 2958 889 3017 Cam
915 2958 1063 3017 Ibrmium

104 3053 234 3107 nostram
257 3052 369 3106 toaleam
391 3049 538 3113 uidissem,
561 3065 650 3120 aeque
672 3049 749 3120 loque
769 3064 858 3120 meque
876 3047 979 3105 audire
1000 3063 1062 3104 meo

99 3138 243 3196 cemmoclo
264 3139 437 3210 potuissem,
463 3153 653 3209 properarem
679 3140 762 3208 utque
789 3141 878 3195 essem
903 3137 936 3193 im
961 3135 1062 3193 itinere

77 3227 267 3297 ‚praemissis
294 3225 355 3283 ium
386 3226 555 3299 lepiombus,
578 3225 739 3297 praeterire
766 3228 862 3282 lumem
887 3239 947 3281 mom
967 3224 1060 3296 potui,

100 3316 170 3385 qma
184 3318 210 3372 ct
231 3314 383 3372 scriberem
406 3314 445 3372 oet
468 3318 493 3371 le
511 3317 537 3371 et
558 3313 640 3372 illum
658 3314 797 3370 mitterem
816 3312 983 3385 gratiusque
997 3328 1060 3385 ope-

98 3417 177 3469 rem,·
204 3404 257 3461 etsi
278 3402 329 3460 boc
348 3407 374 3460 et
395 3403 450 3475 feei
472 3417 557 3475 saepe
579 3405 606 3459 et
622 3402 739 3473 saepius
765 3399 836 3458 mila·
862 3399 994 3473 lactarus
1020 3400 1061 3456 ot

100 3489 183 3548 deor:
205 3489 247 3548 etc
270 3491 304 3548 cte
325 3508 370 3548 me
391 3492 518 3549 mereris.
569 3489 722 3564 Imprimis
741 3506 762 3549 u
781 3492 811 3548 tc
831 3491 915 3563 pcto,
936 3487 1082 3557 cucusum
