<?xml version="1.0" encoding="UTF-8"?>
<!DOCTYPE html PUBLIC "-//W3C//DTD XHTML 1.0 Transitional//EN"
    "http://www.w3.org/TR/xhtml1/DTD/xhtml1-transitional.dtd">
<html xmlns="http://www.w3.org/1999/xhtml" xml:lang="en" lang="en">
 <head>
  <title>
</title>
<meta http-equiv="Content-Type" content="text/html;charset=utf-8" />
  <meta name='ocr-system' content='tesseract 3.04.00' />
  <meta name='ocr-capabilities' content='ocr_page ocr_carea ocr_par ocr_line ocrx_word'/>
</head>
<body>
  <div class='ocr_page' id='page_1' title='image "./commentariicuma00caesgoog_0464.png"; bbox 0 0 2356 3870; ppageno 0'>
   <div class='ocr_carea' id='block_1_1' title="bbox 327 188 1025 280">
    <p class='ocr_par' dir='ltr' id='par_1_1' title="bbox 327 188 1025 280">
     <span class='ocr_line' id='line_1_1' title="bbox 327 188 1025 280; baseline 0.006 -31"><span class='ocrx_word' id='word_1_1' title='bbox 327 268 333 280; x_wconf 29' lang='lat'><strong><em>⁵</em></strong></span> <span class='ocrx_word' id='word_1_2' title='bbox 354 193 404 250; x_wconf 83' lang='lat' dir='ltr'><strong>DE</strong></span> <span class='ocrx_word' id='word_1_3' title='bbox 419 191 607 249; x_wconf 79' lang='lat' dir='ltr'>ANALOGIA</span> <span class='ocrx_word' id='word_1_4' title='bbox 621 192 688 248; x_wconf 90' lang='lat' dir='ltr'><strong>LlB.</strong></span> <span class='ocrx_word' id='word_1_5' title='bbox 703 193 738 247; x_wconf 92' lang='lat' dir='ltr'><strong>II.</strong></span> <span class='ocrx_word' id='word_1_6' title='bbox 964 188 1025 253; x_wconf 72' lang='lat'><strong>129</strong></span> 
     </span>
    </p>
   </div>
   <div class='ocr_carea' id='block_1_2' title="bbox 14 346 1087 3497">
    <p class='ocr_par' dir='ltr' id='par_1_2' title="bbox 61 346 1024 509">
     <span class='ocr_line' id='line_1_2' title="bbox 61 346 1024 421; baseline -0.001 -14"><span class='ocrx_word' id='word_1_7' title='bbox 61 347 137 407; x_wconf 89' lang='lat' dir='ltr'><strong>libro</strong></span> <span class='ocrx_word' id='word_1_8' title='bbox 164 346 202 405; x_wconf 92' lang='lat' dir='ltr'><strong>H.</strong></span> <span class='ocrx_word' id='word_1_9' title='bbox 235 346 425 421; x_wconf 78' lang='lat' dir='ltr'><strong>singulariter</strong></span> <span class='ocrx_word' id='word_1_10' title='bbox 452 346 541 411; x_wconf 76' lang='lat' dir='ltr'><strong>idem,</strong></span> <span class='ocrx_word' id='word_1_11' title='bbox 568 346 724 420; x_wconf 77' lang='lat' dir='ltr'>pluraliter</span> <span class='ocrx_word' id='word_1_12' title='bbox 750 346 842 406; x_wconf 79' lang='lat' dir='ltr'><strong>isdem</strong></span> <span class='ocrx_word' id='word_1_13' title='bbox 868 347 1024 406; x_wconf 77' lang='lat' dir='ltr'><strong>dicendum</strong></span> 
     </span>
     <span class='ocr_line' id='line_1_3' title="bbox 61 433 796 509; baseline -0.004 -14"><span class='ocrx_word' id='word_1_14' title='bbox 61 434 230 509; x_wconf 57' lang='lat' dir='ltr'><strong>confirmem</strong></span> <span class='ocrx_word' id='word_1_15' title='bbox 254 434 306 492; x_wconf 90' lang='lat' dir='ltr'><strong>sed</strong></span> <span class='ocrx_word' id='word_1_16' title='bbox 329 433 508 492; x_wconf 89' lang='lat' dir='ltr'><strong>consuetudo</strong></span> <span class='ocrx_word' id='word_1_17' title='bbox 531 433 586 492; x_wconf 86' lang='lat' dir='ltr'><strong>hoe</strong></span> <span class='ocrx_word' id='word_1_18' title='bbox 607 451 667 492; x_wconf 93' lang='lat' dir='ltr'><strong>non</strong></span> <span class='ocrx_word' id='word_1_19' title='bbox 690 437 796 493; x_wconf 83' lang='lat' dir='ltr'><strong>servet.</strong></span> 
     </span>
    </p>

    <p class='ocr_par' dir='ltr' id='par_1_3' title="bbox 61 521 1087 858">
     <span class='ocr_line' id='line_1_4' title="bbox 128 521 1025 597; baseline -0.001 -16"><span class='ocrx_word' id='word_1_20' title='bbox 128 522 165 581; x_wconf 79' lang='lat' dir='ltr'><strong>Se</strong></span> <span class='ocrx_word' id='word_1_21' title='bbox 188 524 219 580; x_wconf 91' lang='lat' dir='ltr'><strong>et</strong></span> <span class='ocrx_word' id='word_1_22' title='bbox 240 539 300 582; x_wconf 83' lang='lat' dir='ltr'><strong>sese</strong></span> <span class='ocrx_word' id='word_1_23' title='bbox 319 522 494 596; x_wconf 78' lang='lat' dir='ltr'><strong>pronomina</strong></span> <span class='ocrx_word' id='word_1_24' title='bbox 515 521 559 580; x_wconf 82' lang='lat' dir='ltr'><strong>ito</strong></span> <span class='ocrx_word' id='word_1_25' title='bbox 581 521 752 597; x_wconf 78' lang='lat' dir='ltr'><strong>distinguit,</strong></span> <span class='ocrx_word' id='word_1_26' title='bbox 775 525 810 580; x_wconf 91' lang='lat' dir='ltr'><strong>ut</strong></span> <span class='ocrx_word' id='word_1_27' title='bbox 831 539 861 582; x_wconf 84' lang='lat' dir='ltr'><strong>se</strong></span> <span class='ocrx_word' id='word_1_28' title='bbox 883 521 1025 597; x_wconf 82' lang='lat' dir='ltr'><strong>dieamus,</strong></span> 
     </span>
     <span class='ocr_line' id='line_1_5' title="bbox 62 608 1021 686; baseline -0.001 -17"><span class='ocrx_word' id='word_1_29' title='bbox 62 629 129 669; x_wconf 89' lang='lat' dir='ltr'><strong>oum</strong></span> <span class='ocrx_word' id='word_1_30' title='bbox 152 611 281 685; x_wconf 84' lang='lat' dir='ltr'><strong>aliquem</strong></span> <span class='ocrx_word' id='word_1_31' title='bbox 296 611 367 684; x_wconf 90' lang='lat' dir='ltr'><strong>quid</strong></span> <span class='ocrx_word' id='word_1_32' title='bbox 388 610 421 668; x_wconf 90' lang='lat' dir='ltr'><strong>in</strong></span> <span class='ocrx_word' id='word_1_33' title='bbox 433 610 525 667; x_wconf 83' lang='lat' dir='ltr'><strong>alium</strong></span> <span class='ocrx_word' id='word_1_34' title='bbox 547 608 650 668; x_wconf 84' lang='lat' dir='ltr'><strong>fecisse</strong></span> <span class='ocrx_word' id='word_1_35' title='bbox 664 610 858 684; x_wconf 78' lang='lat' dir='ltr'><strong>ostendimm,</strong></span> <span class='ocrx_word' id='word_1_36' title='bbox 881 614 916 669; x_wconf 91' lang='lat' dir='ltr'><strong>ut</strong></span> <span class='ocrx_word' id='word_1_37' title='bbox 935 613 1021 686; x_wconf 81' lang='lat' dir='ltr'><strong>pute:</strong></span> 
     </span>
     <span class='ocr_line' id='line_1_6' title="bbox 61 697 1087 773; baseline 0.001 -17"><span class='ocrx_word' id='word_1_38' title='bbox 61 698 224 770; x_wconf 84' lang='lat' dir='ltr'><strong>illedixit,</strong></span> <span class='ocrx_word' id='word_1_39' title='bbox 250 715 280 756; x_wconf 83' lang='lat' dir='ltr'><strong>se</strong></span> <span class='ocrx_word' id='word_1_40' title='bbox 301 698 356 756; x_wconf 90' lang='lat' dir='ltr'><strong>hoo</strong></span> <span class='ocrx_word' id='word_1_41' title='bbox 378 698 423 755; x_wconf 91' lang='lat' dir='ltr'><strong>illi</strong></span> <span class='ocrx_word' id='word_1_42' title='bbox 445 697 562 770; x_wconf 69' lang='lat' dir='ltr'><strong>fecisse,</strong></span> <span class='ocrx_word' id='word_1_43' title='bbox 590 715 657 756; x_wconf 89' lang='lat' dir='ltr'><strong>omn</strong></span> <span class='ocrx_word' id='word_1_44' title='bbox 683 699 784 755; x_wconf 82' lang='lat' dir='ltr'><strong>eutem</strong></span> <span class='ocrx_word' id='word_1_45' title='bbox 810 699 841 755; x_wconf 89' lang='lat' dir='ltr'><strong>in</strong></span> <span class='ocrx_word' id='word_1_46' title='bbox 865 699 1024 773; x_wconf 81' lang='lat' dir='ltr'><strong>seipsum,</strong></span> <span class='ocrx_word' id='word_1_47' title='bbox 1084 752 1087 757; x_wconf 91' lang='lat'><strong>.</strong></span> 
     </span>
     <span class='ocr_line' id='line_1_7' title="bbox 62 785 983 858; baseline 0.001 -14"><span class='ocrx_word' id='word_1_48' title='bbox 62 789 134 845; x_wconf 86' lang='lat' dir='ltr'><strong>tuno</strong></span> <span class='ocrx_word' id='word_1_49' title='bbox 156 787 288 844; x_wconf 83' lang='lat' dir='ltr'><strong>dieamus</strong></span> <span class='ocrx_word' id='word_1_50' title='bbox 311 803 380 852; x_wconf 82' lang='lat' dir='ltr'><strong>sese,</strong></span> <span class='ocrx_word' id='word_1_51' title='bbox 402 786 497 843; x_wconf 87' lang='lat' dir='ltr'><strong>velut:</strong></span> <span class='ocrx_word' id='word_1_52' title='bbox 521 785 609 858; x_wconf 83' lang='lat' dir='ltr'><strong>dixit,</strong></span> <span class='ocrx_word' id='word_1_53' title='bbox 632 801 691 844; x_wconf 82' lang='lat' dir='ltr'><strong>sese</strong></span> <span class='ocrx_word' id='word_1_54' title='bbox 712 785 768 843; x_wconf 87' lang='lat' dir='ltr'><strong>hoe</strong></span> <span class='ocrx_word' id='word_1_55' title='bbox 791 786 848 844; x_wconf 90' lang='lat' dir='ltr'><strong>sibi</strong></span> <span class='ocrx_word' id='word_1_56' title='bbox 869 785 983 845; x_wconf 86' lang='lat' dir='ltr'><strong>feoisse.</strong></span> 
     </span>
    </p>

    <p class='ocr_par' dir='ltr' id='par_1_4' title="bbox 14 872 1030 2443">
     <span class='ocr_line' id='line_1_8' title="bbox 129 872 1024 946; baseline -0.001 -13"><span class='ocrx_word' id='word_1_57' title='bbox 129 874 272 933; x_wconf 67' lang='lat' dir='ltr'><strong>Priscum.</strong></span> <span class='ocrx_word' id='word_1_58' title='bbox 295 874 369 932; x_wconf 74' lang='lat' dir='ltr'><strong>Inst.</strong></span> <span class='ocrx_word' id='word_1_59' title='bbox 398 873 452 940; x_wconf 81' lang='lat' dir='ltr'><strong>VI,</strong></span> <span class='ocrx_word' id='word_1_60' title='bbox 477 875 528 931; x_wconf 84' lang='lat'><strong>64.</strong></span> <span class='ocrx_word' id='word_1_61' title='bbox 549 876 588 931; x_wconf 78' lang='lat' dir='ltr'><strong>io.</strong></span> <span class='ocrx_word' id='word_1_62' title='bbox 611 890 644 946; x_wconf 74' lang='lat' dir='ltr'><strong>p.</strong></span> <span class='ocrx_word' id='word_1_63' title='bbox 669 875 741 932; x_wconf 76' lang='lat'><strong>707.</strong></span> <span class='ocrx_word' id='word_1_64' title='bbox 763 872 797 931; x_wconf 89' lang='grc' dir='ltr'><strong>Ρ.</strong></span> <span class='ocrx_word' id='word_1_65' title='bbox 819 891 852 946; x_wconf 74' lang='lat' dir='ltr'><strong>p.</strong></span> <span class='ocrx_word' id='word_1_66' title='bbox 874 875 946 933; x_wconf 77' lang='grc'><strong>260.</strong></span> <span class='ocrx_word' id='word_1_67' title='bbox 970 874 1024 932; x_wconf 86' lang='lat' dir='ltr'><strong>Kr.</strong></span> 
     </span>
     <span class='ocr_line' id='line_1_9' title="bbox 64 959 1026 1034; baseline 0 -14"><span class='ocrx_word' id='word_1_68' title='bbox 64 959 210 1033; x_wconf 70' lang='lat' dir='ltr'><strong>(eramo.</strong></span> <span class='ocrx_word' id='word_1_69' title='bbox 238 962 305 1021; x_wconf 76' lang='lat' dir='ltr'><strong>Lot.</strong></span> <span class='ocrx_word' id='word_1_70' title='bbox 333 962 375 1020; x_wconf 80' lang='lat' dir='ltr'><strong>ed.</strong></span> <span class='ocrx_word' id='word_1_71' title='bbox 402 960 476 1020; x_wconf 80' lang='lat' dir='ltr'><strong>Keil.</strong></span> <span class='ocrx_word' id='word_1_72' title='bbox 504 961 552 1021; x_wconf 93' lang='grc'><strong>11.</strong></span> <span class='ocrx_word' id='word_1_73' title='bbox 574 979 607 1034; x_wconf 72' lang='lat' dir='ltr'><strong>p.</strong></span> <span class='ocrx_word' id='word_1_74' title='bbox 632 963 704 1020; x_wconf 82' lang='lat'><strong>248.</strong></span> <span class='ocrx_word' id='word_1_75' title='bbox 731 961 786 1033; x_wconf 85' lang='lat' dir='ltr'><strong>sq.)</strong></span> <span class='ocrx_word' id='word_1_76' title='bbox 835 961 871 1018; x_wconf 91' lang='lat' dir='ltr'><strong>In</strong></span> <span class='ocrx_word' id='word_1_77' title='bbox 897 963 924 1020; x_wconf 83' lang='lat' dir='ltr'><strong>is</strong></span> <span class='ocrx_word' id='word_1_78' title='bbox 950 961 1026 1020; x_wconf 88' lang='lat' dir='ltr'><strong>desi·</strong></span> 
     </span>
     <span class='ocr_line' id='line_1_10' title="bbox 63 1049 1026 1124; baseline 0 -16"><span class='ocrx_word' id='word_1_79' title='bbox 63 1051 165 1108; x_wconf 76' lang='lat' dir='ltr'><strong>nentia</strong></span> <span class='ocrx_word' id='word_1_80' title='bbox 187 1050 320 1124; x_wconf 74' lang='lat' dir='ltr'><strong>longum,</strong></span> <span class='ocrx_word' id='word_1_81' title='bbox 343 1050 550 1124; x_wconf 85' lang='lat' dir='ltr'><strong>ouiusomnquo</strong></span> <span class='ocrx_word' id='word_1_82' title='bbox 570 1050 630 1107; x_wconf 86' lang='lat' dir='ltr'><strong>sint</strong></span> <span class='ocrx_word' id='word_1_83' title='bbox 651 1049 781 1124; x_wconf 82' lang='lat' dir='ltr'><strong>generis,</strong></span> <span class='ocrx_word' id='word_1_84' title='bbox 804 1049 912 1108; x_wconf 80' lang='lat' dir='ltr'><strong>Latino</strong></span> <span class='ocrx_word' id='word_1_85' title='bbox 926 1050 1026 1108; x_wconf 79' lang='lat' dir='ltr'><strong>ablate</strong></span> 
     </span>
     <span class='ocr_line' id='line_1_11' title="bbox 63 1137 1025 1212; baseline -0.001 -14"><span class='ocrx_word' id='word_1_86' title='bbox 63 1155 88 1204; x_wconf 82' lang='lat' dir='ltr'><strong>s,</strong></span> <span class='ocrx_word' id='word_1_87' title='bbox 116 1137 218 1196; x_wconf 80' lang='lat' dir='ltr'><strong>addito</strong></span> <span class='ocrx_word' id='word_1_88' title='bbox 245 1139 282 1196; x_wconf 80' lang='lat' dir='ltr'><strong>tis</strong></span> <span class='ocrx_word' id='word_1_89' title='bbox 308 1137 421 1197; x_wconf 78' lang='lat' dir='ltr'><strong>fuciunt</strong></span> <span class='ocrx_word' id='word_1_90' title='bbox 448 1137 631 1212; x_wconf 82' lang='lat' dir='ltr'><strong>genetivum,</strong></span> <span class='ocrx_word' id='word_1_91' title='bbox 658 1140 694 1195; x_wconf 92' lang='lat' dir='ltr'><strong>ut</strong></span> <span class='ocrx_word' id='word_1_92' title='bbox 719 1137 789 1196; x_wconf 84' lang='lat' dir='ltr'><strong>hoec</strong></span> <span class='ocrx_word' id='word_1_93' title='bbox 814 1138 864 1204; x_wconf 72' lang='lat' dir='ltr'><strong>ts,</strong></span> <span class='ocrx_word' id='word_1_94' title='bbox 892 1139 951 1197; x_wconf 80' lang='lat' dir='ltr'><strong>litis</strong></span> <span class='ocrx_word' id='word_1_95' title='bbox 974 1168 1025 1205; x_wconf 87' lang='lat'><strong>-,</strong></span> 
     </span>
     <span class='ocr_line' id='line_1_12' title="bbox 63 1223 1026 1291; baseline 0.001 -8"><span class='ocrx_word' id='word_1_96' title='bbox 63 1225 110 1283; x_wconf 77' lang='lat' dir='ltr'><strong>tio</strong></span> <span class='ocrx_word' id='word_1_97' title='bbox 133 1228 163 1283; x_wconf 86' lang='lat' dir='ltr'><strong>et</strong></span> <span class='ocrx_word' id='word_1_98' title='bbox 184 1225 254 1284; x_wconf 77' lang='lat' dir='ltr'><strong>hoec</strong></span> <span class='ocrx_word' id='word_1_99' title='bbox 266 1224 392 1291; x_wconf 78' lang='lat' dir='ltr'><strong>Samnis,</strong></span> <span class='ocrx_word' id='word_1_100' title='bbox 414 1226 501 1284; x_wconf 80' lang='lat' dir='ltr'><strong>huius</strong></span> <span class='ocrx_word' id='word_1_101' title='bbox 522 1223 669 1285; x_wconf 78' lang='lat' dir='ltr'><strong>Samnitis.</strong></span> <span class='ocrx_word' id='word_1_102' title='bbox 707 1223 755 1283; x_wconf 83' lang='lat' dir='ltr'><strong>Sio</strong></span> <span class='ocrx_word' id='word_1_103' title='bbox 768 1223 877 1284; x_wconf 77' lang='lat' dir='ltr'><strong>Caesar</strong></span> <span class='ocrx_word' id='word_1_104' title='bbox 899 1226 936 1284; x_wconf 86' lang='lat' dir='ltr'><strong>de</strong></span> <span class='ocrx_word' id='word_1_105' title='bbox 958 1243 1026 1284; x_wconf 81' lang='grc'><strong>666</strong></span> 
     </span>
     <span class='ocr_line' id='line_1_13' title="bbox 64 1312 1026 1390; baseline 0.001 -18"><span class='ocrx_word' id='word_1_106' title='bbox 64 1314 153 1388; x_wconf 77' lang='lat' dir='ltr'><strong>logie.</strong></span> <span class='ocrx_word' id='word_1_107' title='bbox 178 1342 219 1353; x_wconf 93' lang='lat'><strong>—-</strong></span> <span class='ocrx_word' id='word_1_108' title='bbox 242 1314 280 1372; x_wconf 74' lang='lat' dir='ltr'><strong>lo.</strong></span> <span class='ocrx_word' id='word_1_109' title='bbox 296 1315 400 1372; x_wconf 72' lang='grc'><strong>6661.</strong></span> <span class='ocrx_word' id='word_1_110' title='bbox 419 1331 450 1386; x_wconf 78' lang='lat' dir='ltr'><strong>p.</strong></span> <span class='ocrx_word' id='word_1_111' title='bbox 467 1315 539 1372; x_wconf 81' lang='lat'><strong>261.</strong></span> <span class='ocrx_word' id='word_1_112' title='bbox 553 1313 608 1370; x_wconf 85' lang='lat' dir='ltr'><strong>Kr.</strong></span> <span class='ocrx_word' id='word_1_113' title='bbox 626 1330 658 1386; x_wconf 76' lang='lat' dir='ltr'><strong>p.</strong></span> <span class='ocrx_word' id='word_1_114' title='bbox 675 1312 836 1372; x_wconf 68' lang='grc'><strong>2461116.</strong></span> <span class='ocrx_word' id='word_1_115' title='bbox 881 1313 938 1372; x_wconf 80' lang='lat' dir='ltr'><strong>Ille</strong></span> <span class='ocrx_word' id='word_1_116' title='bbox 956 1332 1026 1390; x_wconf 90' lang='lat' dir='ltr'><strong>quo·</strong></span> 
     </span>
     <span class='ocr_line' id='line_1_14' title="bbox 14 1399 1027 1477; baseline 0 -18"><span class='ocrx_word' id='word_1_117' title='bbox 14 1400 16 1410; x_wconf 91' lang='lat'>&#39;</span> <span class='ocrx_word' id='word_1_118' title='bbox 64 1419 123 1476; x_wconf 91' lang='lat' dir='ltr'><strong>que</strong></span> <span class='ocrx_word' id='word_1_119' title='bbox 146 1404 209 1459; x_wconf 81' lang='lat' dir='ltr'><strong>tam</strong></span> <span class='ocrx_word' id='word_1_120' title='bbox 230 1401 262 1458; x_wconf 94' lang='lat' dir='ltr'><strong>in</strong></span> <span class='ocrx_word' id='word_1_121' title='bbox 283 1403 423 1476; x_wconf 75' lang='lat' dir='ltr'><strong>isquam</strong></span> <span class='ocrx_word' id='word_1_122' title='bbox 449 1402 481 1461; x_wconf 92' lang='lat' dir='ltr'><strong>in</strong></span> <span class='ocrx_word' id='word_1_123' title='bbox 503 1416 535 1460; x_wconf 76' lang='lat' dir='ltr'><strong>er</strong></span> <span class='ocrx_word' id='word_1_124' title='bbox 556 1399 641 1458; x_wconf 79' lang='lat' dir='ltr'><strong>finite</strong></span> <span class='ocrx_word' id='word_1_125' title='bbox 668 1401 788 1458; x_wconf 84' lang='lat' dir='ltr'><strong>nomine</strong></span> <span class='ocrx_word' id='word_1_126' title='bbox 809 1403 945 1477; x_wconf 80' lang='lat' dir='ltr'><strong>regulam</strong></span> <span class='ocrx_word' id='word_1_127' title='bbox 969 1420 1027 1461; x_wconf 88' lang='lat' dir='ltr'><strong>ser-</strong></span> 
     </span>
     <span class='ocr_line' id='line_1_15' title="bbox 65 1488 1026 1565; baseline 0.001 -17"><span class='ocrx_word' id='word_1_128' title='bbox 65 1492 138 1548; x_wconf 80' lang='lat' dir='ltr'><strong>vant</strong></span> <span class='ocrx_word' id='word_1_129' title='bbox 159 1489 191 1545; x_wconf 91' lang='lat' dir='ltr'><strong>in</strong></span> <span class='ocrx_word' id='word_1_130' title='bbox 214 1505 246 1547; x_wconf 86' lang='lat' dir='ltr'><strong>er</strong></span> <span class='ocrx_word' id='word_1_131' title='bbox 267 1490 504 1563; x_wconf 88' lang='lat' dir='ltr'><strong>terminatorum,</strong></span> <span class='ocrx_word' id='word_1_132' title='bbox 526 1488 557 1546; x_wconf 93' lang='lat' dir='ltr'><strong>id</strong></span> <span class='ocrx_word' id='word_1_133' title='bbox 580 1492 627 1546; x_wconf 84' lang='lat' dir='ltr'><strong>est</strong></span> <span class='ocrx_word' id='word_1_134' title='bbox 649 1492 769 1562; x_wconf 80' lang='lat' dir='ltr'><strong>uooopto</strong></span> <span class='ocrx_word' id='word_1_135' title='bbox 794 1491 822 1549; x_wconf 81' lang='lat' dir='ltr'><strong>is</strong></span> <span class='ocrx_word' id='word_1_136' title='bbox 843 1489 956 1548; x_wconf 81' lang='lat' dir='ltr'><strong>faciunt</strong></span> <span class='ocrx_word' id='word_1_137' title='bbox 978 1509 1026 1565; x_wconf 86' lang='lat' dir='ltr'><strong>ge-</strong></span> 
     </span>
     <span class='ocr_line' id='line_1_16' title="bbox 65 1577 1027 1650; baseline 0.002 -15"><span class='ocrx_word' id='word_1_138' title='bbox 65 1577 211 1649; x_wconf 83' lang='lat' dir='ltr'><strong>netivum,</strong></span> <span class='ocrx_word' id='word_1_139' title='bbox 240 1580 275 1635; x_wconf 90' lang='lat' dir='ltr'><strong>ut</strong></span> <span class='ocrx_word' id='word_1_140' title='bbox 297 1577 459 1650; x_wconf 70' lang='lat' dir='ltr'><strong>diupoleos</strong></span> <span class='ocrx_word' id='word_1_141' title='bbox 481 1579 512 1635; x_wconf 84' lang='lat' dir='ltr'><strong>et</strong></span> <span class='ocrx_word' id='word_1_142' title='bbox 533 1578 640 1650; x_wconf 74' lang='lat' dir='ltr'><strong>pulver</strong></span> <span class='ocrx_word' id='word_1_143' title='bbox 656 1578 803 1650; x_wconf 66' lang='grc'><strong>61116666,</strong></span> <span class='ocrx_word' id='word_1_144' title='bbox 829 1577 876 1637; x_wconf 76' lang='lat' dir='ltr'><strong>luc</strong></span> <span class='ocrx_word' id='word_1_145' title='bbox 902 1581 1027 1638; x_wconf 72' lang='lat' dir='ltr'><strong>coeuntis</strong></span> 
     </span>
     <span class='ocr_line' id='line_1_17' title="bbox 66 1665 1028 1731; baseline 0.001 -8"><span class='ocrx_word' id='word_1_146' title='bbox 66 1667 98 1723; x_wconf 89' lang='lat' dir='ltr'><strong>et</strong></span> <span class='ocrx_word' id='word_1_147' title='bbox 120 1681 252 1723; x_wconf 75' lang='grc'><strong>66111661</strong></span> <span class='ocrx_word' id='word_1_148' title='bbox 273 1667 444 1730; x_wconf 72' lang='lat' dir='ltr'><strong>cucumeris,</strong></span> <span class='ocrx_word' id='word_1_149' title='bbox 467 1665 513 1723; x_wconf 79' lang='lat' dir='ltr'><strong>tio</strong></span> <span class='ocrx_word' id='word_1_150' title='bbox 526 1665 599 1723; x_wconf 77' lang='lat' dir='ltr'><strong>einis</strong></span> <span class='ocrx_word' id='word_1_151' title='bbox 621 1667 653 1722; x_wconf 86' lang='lat' dir='ltr'><strong>et</strong></span> <span class='ocrx_word' id='word_1_152' title='bbox 674 1667 752 1724; x_wconf 73' lang='grc'><strong>6116</strong></span> <span class='ocrx_word' id='word_1_153' title='bbox 774 1666 891 1731; x_wconf 65' lang='lat' dir='ltr'><strong>duom,</strong></span> <span class='ocrx_word' id='word_1_154' title='bbox 914 1666 960 1724; x_wconf 79' lang='lat' dir='ltr'><strong>tio</strong></span> <span class='ocrx_word' id='word_1_155' title='bbox 981 1683 1028 1724; x_wconf 83' lang='lat' dir='ltr'><strong>oo·</strong></span> 
     </span>
     <span class='ocr_line' id='line_1_18' title="bbox 66 1750 1028 1825; baseline 0 -15"><span class='ocrx_word' id='word_1_156' title='bbox 66 1755 124 1810; x_wconf 76' lang='lat' dir='ltr'><strong>mis</strong></span> <span class='ocrx_word' id='word_1_157' title='bbox 150 1754 181 1810; x_wconf 91' lang='lat' dir='ltr'><strong>et</strong></span> <span class='ocrx_word' id='word_1_158' title='bbox 206 1769 303 1812; x_wconf 80' lang='lat' dir='ltr'><strong>vomer</strong></span> <span class='ocrx_word' id='word_1_159' title='bbox 328 1755 458 1811; x_wconf 78' lang='lat' dir='ltr'><strong>vomeris.</strong></span> <span class='ocrx_word' id='word_1_160' title='bbox 502 1751 662 1810; x_wconf 79' lang='lat' dir='ltr'><strong>Praeterea</strong></span> <span class='ocrx_word' id='word_1_161' title='bbox 690 1750 799 1811; x_wconf 80' lang='lat' dir='ltr'><strong>Caesar</strong></span> <span class='ocrx_word' id='word_1_162' title='bbox 826 1753 966 1825; x_wconf 80' lang='lat' dir='ltr'><strong>declinat,</strong></span> <span class='ocrx_word' id='word_1_163' title='bbox 993 1756 1028 1810; x_wconf 90' lang='lat' dir='ltr'><strong>ut</strong></span> 
     </span>
     <span class='ocr_line' id='line_1_19' title="bbox 67 1839 1027 1915; baseline 0.001 -18"><span class='ocrx_word' id='word_1_164' title='bbox 67 1840 194 1913; x_wconf 88' lang='lat' dir='ltr'><strong>Probus,</strong></span> <span class='ocrx_word' id='word_1_165' title='bbox 211 1842 305 1914; x_wconf 73' lang='lat' dir='ltr'><strong>pubes</strong></span> <span class='ocrx_word' id='word_1_166' title='bbox 321 1842 455 1913; x_wconf 74' lang='lat' dir='ltr'><strong>puberis,</strong></span> <span class='ocrx_word' id='word_1_167' title='bbox 479 1839 600 1915; x_wconf 81' lang='lat' dir='ltr'><strong>quidam</strong></span> <span class='ocrx_word' id='word_1_168' title='bbox 616 1841 904 1915; x_wconf 66' lang='grc'><strong>6666666616-</strong></span> <span class='ocrx_word' id='word_1_169' title='bbox 924 1841 961 1899; x_wconf 77' lang='lat' dir='ltr'><strong>o.</strong></span> <span class='ocrx_word' id='word_1_170' title='bbox 978 1842 1027 1899; x_wconf 91' lang='grc'><strong>66.</strong></span> 
     </span>
     <span class='ocr_line' id='line_1_20' title="bbox 66 1925 1028 2003; baseline 0.002 -18"><span class='ocrx_word' id='word_1_171' title='bbox 66 1946 95 2000; x_wconf 77' lang='lat' dir='ltr'><strong>p.</strong></span> <span class='ocrx_word' id='word_1_172' title='bbox 111 1930 183 1986; x_wconf 79' lang='lat'><strong>272.</strong></span> <span class='ocrx_word' id='word_1_173' title='bbox 197 1929 251 1986; x_wconf 82' lang='lat' dir='ltr'><strong>Kr.</strong></span> <span class='ocrx_word' id='word_1_174' title='bbox 269 1946 302 2001; x_wconf 77' lang='lat' dir='ltr'><strong>p.</strong></span> <span class='ocrx_word' id='word_1_175' title='bbox 319 1930 391 1988; x_wconf 83' lang='lat'><strong>250.</strong></span> <span class='ocrx_word' id='word_1_176' title='bbox 405 1928 480 1988; x_wconf 76' lang='lat' dir='ltr'><strong>Keil.</strong></span> <span class='ocrx_word' id='word_1_177' title='bbox 526 1928 608 1986; x_wconf 84' lang='lat' dir='ltr'><strong>Haeo</strong></span> <span class='ocrx_word' id='word_1_178' title='bbox 624 1929 715 2001; x_wconf 74' lang='lat' dir='ltr'><strong>pollis</strong></span> <span class='ocrx_word' id='word_1_179' title='bbox 731 1928 861 2003; x_wconf 73' lang='lat' dir='ltr'><strong>pollinis,</strong></span> <span class='ocrx_word' id='word_1_180' title='bbox 890 1928 931 1986; x_wconf 90' lang='lat' dir='ltr'><strong>sio</strong></span> <span class='ocrx_word' id='word_1_181' title='bbox 955 1925 1028 1987; x_wconf 82' lang='lat' dir='ltr'>Cha-</span> 
     </span>
     <span class='ocr_line' id='line_1_21' title="bbox 67 2014 1028 2090; baseline 0.001 -17"><span class='ocrx_word' id='word_1_182' title='bbox 67 2016 169 2090; x_wconf 82' lang='lat' dir='ltr'><strong>risius3</strong></span> <span class='ocrx_word' id='word_1_183' title='bbox 192 2015 305 2075; x_wconf 87' lang='lat' dir='ltr'><strong>Probus</strong></span> <span class='ocrx_word' id='word_1_184' title='bbox 329 2019 429 2075; x_wconf 84' lang='lat' dir='ltr'><strong>autem</strong></span> <span class='ocrx_word' id='word_1_185' title='bbox 443 2019 474 2074; x_wconf 86' lang='lat' dir='ltr'><strong>et</strong></span> <span class='ocrx_word' id='word_1_186' title='bbox 488 2014 596 2075; x_wconf 79' lang='lat' dir='ltr'><strong>Caesen</strong></span> <span class='ocrx_word' id='word_1_187' title='bbox 618 2016 785 2089; x_wconf 69' lang='lat' dir='ltr'><strong>neopolim</strong></span> <span class='ocrx_word' id='word_1_188' title='bbox 802 2016 924 2089; x_wconf 75' lang='lat' dir='ltr'><strong>politoris</strong></span> <span class='ocrx_word' id='word_1_189' title='bbox 942 2016 1028 2074; x_wconf 84' lang='lat' dir='ltr'><strong>deeli-</strong></span> 
     </span>
     <span class='ocr_line' id='line_1_22' title="bbox 67 2103 1028 2178; baseline 0 -17"><span class='ocrx_word' id='word_1_190' title='bbox 67 2108 221 2162; x_wconf 81' lang='lat' dir='ltr'><strong>neverunt.</strong></span> <span class='ocrx_word' id='word_1_191' title='bbox 250 2135 292 2145; x_wconf 89' lang='lat'>-</span> <span class='ocrx_word' id='word_1_192' title='bbox 321 2104 451 2171; x_wconf 86' lang='lat' dir='ltr'><strong><em>XVIII,</em></strong></span> <span class='ocrx_word' id='word_1_193' title='bbox 471 2105 500 2178; x_wconf 82' lang='lat'><strong>8,</strong></span> <span class='ocrx_word' id='word_1_194' title='bbox 520 2106 570 2163; x_wconf 81' lang='lat'><strong>75.</strong></span> <span class='ocrx_word' id='word_1_195' title='bbox 591 2108 659 2163; x_wconf 80' lang='lat' dir='ltr'><strong>extr.</strong></span> <span class='ocrx_word' id='word_1_196' title='bbox 681 2103 881 2178; x_wconf 64' lang='grc'><strong>1111461).</strong></span> <span class='ocrx_word' id='word_1_197' title='bbox 903 2122 935 2177; x_wconf 74' lang='lat' dir='ltr'><strong>p.</strong></span> <span class='ocrx_word' id='word_1_198' title='bbox 957 2105 1028 2166; x_wconf 86' lang='lat'><strong>136.</strong></span> 
     </span>
     <span class='ocr_line' id='line_1_23' title="bbox 67 2190 1029 2267; baseline 0 -18"><span class='ocrx_word' id='word_1_199' title='bbox 67 2192 122 2249; x_wconf 86' lang='lat' dir='ltr'><strong>Kr.</strong></span> <span class='ocrx_word' id='word_1_200' title='bbox 136 2191 203 2250; x_wconf 89' lang='grc'><strong>111.</strong></span> <span class='ocrx_word' id='word_1_201' title='bbox 222 2209 255 2265; x_wconf 75' lang='lat' dir='ltr'><strong>p.</strong></span> <span class='ocrx_word' id='word_1_202' title='bbox 271 2194 342 2252; x_wconf 82' lang='lat'><strong>239.</strong></span> <span class='ocrx_word' id='word_1_203' title='bbox 356 2192 431 2252; x_wconf 71' lang='lat' dir='ltr'><strong>Keil.</strong></span> <span class='ocrx_word' id='word_1_204' title='bbox 447 2223 487 2232; x_wconf 93' lang='lat'>—</span> <span class='ocrx_word' id='word_1_205' title='bbox 509 2190 618 2252; x_wconf 80' lang='lat' dir='ltr'><strong>Caesar</strong></span> <span class='ocrx_word' id='word_1_206' title='bbox 640 2211 699 2252; x_wconf 89' lang='lat' dir='ltr'><strong>non</strong></span> <span class='ocrx_word' id='word_1_207' title='bbox 722 2192 883 2267; x_wconf 80' lang='lat' dir='ltr'><strong>incongrue</strong></span> <span class='ocrx_word' id='word_1_208' title='bbox 905 2193 1029 2266; x_wconf 88' lang='lat' dir='ltr'><strong>protulit</strong></span> 
     </span>
     <span class='ocr_line' id='line_1_24' title="bbox 68 2280 1030 2357; baseline 0.001 -20"><span class='ocrx_word' id='word_1_209' title='bbox 68 2296 118 2338; x_wconf 79' lang='lat' dir='ltr'><strong>eos</strong></span> <span class='ocrx_word' id='word_1_210' title='bbox 145 2297 163 2337; x_wconf 98' lang='grc'><strong>6</strong></span> <span class='ocrx_word' id='word_1_211' title='bbox 190 2281 279 2339; x_wconf 83' lang='lat' dir='ltr'><strong>verbo</strong></span> <span class='ocrx_word' id='word_1_212' title='bbox 305 2297 370 2339; x_wconf 80' lang='lat' dir='ltr'><strong>sum</strong></span> <span class='ocrx_word' id='word_1_213' title='bbox 397 2297 439 2347; x_wconf 85' lang='lat' dir='ltr'><strong>es,</strong></span> <span class='ocrx_word' id='word_1_214' title='bbox 467 2280 613 2357; x_wconf 90' lang='lat' dir='ltr'><strong>quomodo</strong></span> <span class='ocrx_word' id='word_1_215' title='bbox 640 2298 659 2338; x_wconf 97' lang='grc'><strong>6</strong></span> <span class='ocrx_word' id='word_1_216' title='bbox 680 2281 770 2340; x_wconf 86' lang='lat' dir='ltr'><strong>verbo</strong></span> <span class='ocrx_word' id='word_1_217' title='bbox 791 2296 913 2353; x_wconf 68' lang='lat' dir='ltr'><strong>possum</strong></span> <span class='ocrx_word' id='word_1_218' title='bbox 933 2284 1030 2354; x_wconf 74' lang='lat' dir='ltr'><strong>potes:</strong></span> 
     </span>
     <span class='ocr_line' id='line_1_25' title="bbox 64 2372 174 2443; baseline -0.018 -17"><span class='ocrx_word' id='word_1_219' title='bbox 64 2372 174 2443; x_wconf 77' lang='lat' dir='ltr'><strong>poleos.</strong></span> 
     </span>
    </p>

    <p class='ocr_par' dir='ltr' id='par_1_5' title="bbox 68 2453 1032 2794">
     <span class='ocr_line' id='line_1_26' title="bbox 136 2453 1029 2529; baseline -0.002 -15"><span class='ocrx_word' id='word_1_220' title='bbox 136 2455 232 2529; x_wconf 79' lang='lat' dir='ltr'><strong>Quint.</strong></span> <span class='ocrx_word' id='word_1_221' title='bbox 254 2456 328 2514; x_wconf 77' lang='lat' dir='ltr'><strong>Inot.</strong></span> <span class='ocrx_word' id='word_1_222' title='bbox 347 2455 395 2515; x_wconf 85' lang='lat' dir='ltr'><strong>Or.</strong></span> <span class='ocrx_word' id='word_1_223' title='bbox 409 2456 438 2521; x_wconf 91' lang='lat' dir='ltr'><strong>I,</strong></span> <span class='ocrx_word' id='word_1_224' title='bbox 463 2457 491 2527; x_wconf 84' lang='lat'><strong>5,</strong></span> <span class='ocrx_word' id='word_1_225' title='bbox 516 2457 567 2514; x_wconf 85' lang='grc'><strong>63.</strong></span> <span class='ocrx_word' id='word_1_226' title='bbox 612 2453 686 2512; x_wconf 88' lang='lat' dir='ltr'><strong>Mihi</strong></span> <span class='ocrx_word' id='word_1_227' title='bbox 709 2485 751 2494; x_wconf 95' lang='lat'>—</span> <span class='ocrx_word' id='word_1_228' title='bbox 774 2454 872 2528; x_wconf 77' lang='lat' dir='ltr'><strong>placet</strong></span> <span class='ocrx_word' id='word_1_229' title='bbox 893 2453 1029 2513; x_wconf 81' lang='lat' dir='ltr'><strong>Latinam</strong></span> 
     </span>
     <span class='ocr_line' id='line_1_27' title="bbox 68 2541 1032 2618; baseline -0.001 -17"><span class='ocrx_word' id='word_1_230' title='bbox 68 2544 215 2601; x_wconf 77' lang='lat' dir='ltr'><strong>rationem</strong></span> <span class='ocrx_word' id='word_1_231' title='bbox 238 2543 334 2617; x_wconf 87' lang='lat' dir='ltr'><strong>sequi,</strong></span> <span class='ocrx_word' id='word_1_232' title='bbox 362 2560 515 2618; x_wconf 85' lang='lat' dir='ltr'><strong>quousque</strong></span> <span class='ocrx_word' id='word_1_233' title='bbox 541 2543 655 2617; x_wconf 83' lang='lat' dir='ltr'><strong>patitur</strong></span> <span class='ocrx_word' id='word_1_234' title='bbox 681 2542 776 2601; x_wconf 88' lang='lat' dir='ltr'><strong>deoor.</strong></span> <span class='ocrx_word' id='word_1_235' title='bbox 820 2541 927 2616; x_wconf 87' lang='lat' dir='ltr'><strong>Neque</strong></span> <span class='ocrx_word' id='word_1_236' title='bbox 953 2543 1032 2601; x_wconf 85' lang='lat' dir='ltr'><strong>enim</strong></span> 
     </span>
     <span class='ocr_line' id='line_1_28' title="bbox 68 2624 1031 2705; baseline 0 -17"><span class='ocrx_word' id='word_1_237' title='bbox 68 2631 129 2690; x_wconf 82' lang='lat' dir='ltr'><strong>iem</strong></span> <span class='ocrx_word' id='word_1_238' title='bbox 153 2630 341 2704; x_wconf 67' lang='lat' dir='ltr'><strong>Calypsonem</strong></span> <span class='ocrx_word' id='word_1_239' title='bbox 363 2624 487 2689; x_wconf 82' lang='lat' dir='ltr'><strong>dixerim</strong></span> <span class='ocrx_word' id='word_1_240' title='bbox 508 2633 544 2689; x_wconf 89' lang='lat' dir='ltr'><strong>ut</strong></span> <span class='ocrx_word' id='word_1_241' title='bbox 564 2631 721 2698; x_wconf 76' lang='lat' dir='ltr'><strong>Iunonem,</strong></span> <span class='ocrx_word' id='word_1_242' title='bbox 749 2647 929 2705; x_wconf 78' lang='lat' dir='ltr'><strong>quemquam</strong></span> <span class='ocrx_word' id='word_1_243' title='bbox 952 2649 1031 2690; x_wconf 87' lang='lat' dir='ltr'><strong>seeu-</strong></span> 
     </span>
     <span class='ocr_line' id='line_1_29' title="bbox 69 2717 995 2794; baseline -0.001 -18"><span class='ocrx_word' id='word_1_244' title='bbox 69 2722 119 2777; x_wconf 88' lang='lat' dir='ltr'><strong>tus</strong></span> <span class='ocrx_word' id='word_1_245' title='bbox 142 2719 281 2794; x_wconf 85' lang='lat' dir='ltr'><strong>antiquos</strong></span> <span class='ocrx_word' id='word_1_246' title='bbox 305 2717 336 2775; x_wconf 79' lang='lat' dir='ltr'><strong>O.</strong></span> <span class='ocrx_word' id='word_1_247' title='bbox 360 2717 469 2777; x_wconf 82' lang='lat' dir='ltr'><strong>Caesar</strong></span> <span class='ocrx_word' id='word_1_248' title='bbox 482 2719 586 2777; x_wconf 88' lang='lat' dir='ltr'><strong>utitur</strong></span> <span class='ocrx_word' id='word_1_249' title='bbox 608 2718 663 2777; x_wconf 85' lang='lat' dir='ltr'><strong>huo</strong></span> <span class='ocrx_word' id='word_1_250' title='bbox 683 2719 799 2779; x_wconf 82' lang='lat' dir='ltr'><strong>ratione</strong></span> <span class='ocrx_word' id='word_1_251' title='bbox 821 2718 995 2776; x_wconf 84' lang='lat' dir='ltr'><strong>deelinendi.</strong></span> 
     </span>
    </p>

    <p class='ocr_par' dir='ltr' id='par_1_6' title="bbox 69 2804 1033 3231">
     <span class='ocr_line' id='line_1_30' title="bbox 138 2804 1032 2872; baseline -0.002 -8"><span class='ocrx_word' id='word_1_252' title='bbox 138 2805 210 2864; x_wconf 78' lang='lat' dir='ltr'><strong>Geli.</strong></span> <span class='ocrx_word' id='word_1_253' title='bbox 233 2806 314 2865; x_wconf 73' lang='lat' dir='ltr'><strong>Nost.</strong></span> <span class='ocrx_word' id='word_1_254' title='bbox 333 2804 495 2872; x_wconf 70' lang='grc'><strong>11111111,</strong></span> <span class='ocrx_word' id='word_1_255' title='bbox 521 2809 570 2865; x_wconf 92' lang='grc'><strong>16.</strong></span> <span class='ocrx_word' id='word_1_256' title='bbox 615 2804 648 2864; x_wconf 79' lang='grc'><strong>6.</strong></span> <span class='ocrx_word' id='word_1_257' title='bbox 672 2805 780 2867; x_wconf 80' lang='lat' dir='ltr'><strong>Oneser</strong></span> <span class='ocrx_word' id='word_1_258' title='bbox 801 2805 939 2865; x_wconf 87' lang='lat' dir='ltr'><strong>inlibris</strong></span> <span class='ocrx_word' id='word_1_259' title='bbox 962 2822 1032 2862; x_wconf 84' lang='lat' dir='ltr'><strong>ane-</strong></span> 
     </span>
     <span class='ocr_line' id='line_1_31' title="bbox 70 2889 1030 2968; baseline -0.002 -16"><span class='ocrx_word' id='word_1_260' title='bbox 70 2894 174 2968; x_wconf 87' lang='lat' dir='ltr'><strong>logiois</strong></span> <span class='ocrx_word' id='word_1_261' title='bbox 198 2894 295 2951; x_wconf 79' lang='lat' dir='ltr'><strong>omnio</strong></span> <span class='ocrx_word' id='word_1_262' title='bbox 318 2893 485 2953; x_wconf 89' lang='lat' dir='ltr'><strong>istiusmodi</strong></span> <span class='ocrx_word' id='word_1_263' title='bbox 509 2889 541 2968; x_wconf 91' lang='lat' dir='ltr'><strong>[i.</strong></span> <span class='ocrx_word' id='word_1_264' title='bbox 555 2913 580 2952; x_wconf 87' lang='lat' dir='ltr'><strong>e.</strong></span> <span class='ocrx_word' id='word_1_265' title='bbox 603 2894 661 2952; x_wconf 79' lang='lat' dir='ltr'><strong>det.</strong></span> <span class='ocrx_word' id='word_1_266' title='bbox 675 2895 748 2966; x_wconf 61' lang='lat' dir='ltr'><strong>sina.</strong></span> <span class='ocrx_word' id='word_1_267' title='bbox 762 2892 933 2951; x_wconf 72' lang='grc'><strong>66161111.</strong></span> <span class='ocrx_word' id='word_1_268' title='bbox 948 2889 1030 2968; x_wconf 81' lang='lat' dir='ltr'><strong>dect]</strong></span> 
     </span>
     <span class='ocr_line' id='line_1_32' title="bbox 70 2977 1033 3056; baseline -0.002 -16"><span class='ocrx_word' id='word_1_269' title='bbox 70 2983 133 3040; x_wconf 92' lang='lat' dir='ltr'><strong>sine</strong></span> <span class='ocrx_word' id='word_1_270' title='bbox 156 2984 168 3040; x_wconf 80' lang='lat' dir='ltr'><strong>t</strong></span> <span class='ocrx_word' id='word_1_271' title='bbox 189 2981 291 3040; x_wconf 83' lang='lat' dir='ltr'><strong>littero.</strong></span> <span class='ocrx_word' id='word_1_272' title='bbox 313 2981 436 3040; x_wconf 81' lang='lat' dir='ltr'><strong>dicendo.</strong></span> <span class='ocrx_word' id='word_1_273' title='bbox 458 2985 566 3040; x_wconf 89' lang='lat' dir='ltr'><strong>oenset.</strong></span> <span class='ocrx_word' id='word_1_274' title='bbox 582 3011 622 3021; x_wconf 93' lang='lat'>—</span> <span class='ocrx_word' id='word_1_275' title='bbox 644 2981 757 3048; x_wconf 87' lang='lat' dir='ltr'><strong><em>VIIII,</em></strong></span> <span class='ocrx_word' id='word_1_276' title='bbox 774 2982 823 3039; x_wconf 86' lang='lat'><strong>14.</strong></span> <span class='ocrx_word' id='word_1_277' title='bbox 862 2977 911 3055; x_wconf 85' lang='lat' dir='ltr'><strong>[de</strong></span> <span class='ocrx_word' id='word_1_278' title='bbox 927 2998 1033 3056; x_wconf 88' lang='lat' dir='ltr'><strong>prono·</strong></span> 
     </span>
     <span class='ocr_line' id='line_1_33' title="bbox 69 3067 1033 3144; baseline 0.001 -16"><span class='ocrx_word' id='word_1_279' title='bbox 69 3067 170 3144; x_wconf 80' lang='lat' dir='ltr'><strong>mine]</strong></span> <span class='ocrx_word' id='word_1_280' title='bbox 219 3067 249 3128; x_wconf 83' lang='lat' dir='ltr'><strong>C.</strong></span> <span class='ocrx_word' id='word_1_281' title='bbox 274 3067 382 3128; x_wconf 79' lang='lat' dir='ltr'><strong>Caesar</strong></span> <span class='ocrx_word' id='word_1_282' title='bbox 408 3070 439 3128; x_wconf 91' lang='lat' dir='ltr'><strong>in</strong></span> <span class='ocrx_word' id='word_1_283' title='bbox 466 3069 543 3129; x_wconf 88' lang='lat' dir='ltr'><strong>libro</strong></span> <span class='ocrx_word' id='word_1_284' title='bbox 570 3069 606 3128; x_wconf 86' lang='lat' dir='ltr'><strong>de</strong></span> <span class='ocrx_word' id='word_1_285' title='bbox 629 3070 767 3144; x_wconf 74' lang='lat' dir='ltr'><strong>anologio</strong></span> <span class='ocrx_word' id='word_1_286' title='bbox 792 3068 919 3129; x_wconf 84' lang='lat' dir='ltr'><strong>seeundo</strong></span> <span class='ocrx_word' id='word_1_287' title='bbox 946 3068 1033 3129; x_wconf 73' lang='grc'><strong>161166</strong></span> 
     </span>
     <span class='ocr_line' id='line_1_34' title="bbox 71 3158 691 3231; baseline -0.002 -14"><span class='ocrx_word' id='word_1_288' title='bbox 71 3160 117 3217; x_wconf 76' lang='lat' dir='ltr'><strong>die</strong></span> <span class='ocrx_word' id='word_1_289' title='bbox 145 3161 175 3216; x_wconf 90' lang='lat' dir='ltr'><strong>et</strong></span> <span class='ocrx_word' id='word_1_290' title='bbox 196 3158 283 3216; x_wconf 79' lang='lat' dir='ltr'><strong>totos</strong></span> <span class='ocrx_word' id='word_1_291' title='bbox 305 3160 396 3231; x_wconf 78' lang='lat' dir='ltr'><strong>speeie</strong></span> <span class='ocrx_word' id='word_1_292' title='bbox 418 3159 575 3216; x_wconf 84' lang='lat' dir='ltr'><strong>dicendum</strong></span> <span class='ocrx_word' id='word_1_293' title='bbox 596 3161 691 3231; x_wconf 79' lang='lat' dir='ltr'><strong>putat.</strong></span> 
     </span>
    </p>

    <p class='ocr_par' dir='ltr' id='par_1_7' title="bbox 69 3246 1032 3497">
     <span class='ocr_line' id='line_1_35' title="bbox 136 3246 1031 3320; baseline 0 -16"><span class='ocrx_word' id='word_1_294' title='bbox 136 3246 405 3320; x_wconf 63' lang='grc'><strong>1616660116111,</strong></span> <span class='ocrx_word' id='word_1_295' title='bbox 430 3250 458 3319; x_wconf 81' lang='lat'><strong>2,</strong></span> <span class='ocrx_word' id='word_1_296' title='bbox 483 3248 533 3305; x_wconf 88' lang='lat'><strong>33.</strong></span> <span class='ocrx_word' id='word_1_297' title='bbox 578 3246 716 3304; x_wconf 77' lang='lat' dir='ltr'><strong>Mortmes</strong></span> <span class='ocrx_word' id='word_1_298' title='bbox 738 3264 774 3304; x_wconf 86' lang='lat' dir='ltr'><strong>ex</strong></span> <span class='ocrx_word' id='word_1_299' title='bbox 787 3263 846 3320; x_wconf 81' lang='lat' dir='ltr'><strong>que</strong></span> <span class='ocrx_word' id='word_1_300' title='bbox 868 3247 952 3319; x_wconf 83' lang='lat' dir='ltr'><strong>perte</strong></span> <span class='ocrx_word' id='word_1_301' title='bbox 969 3263 1031 3304; x_wconf 81' lang='lat' dir='ltr'><strong>ore-</strong></span> 
     </span>
     <span class='ocr_line' id='line_1_36' title="bbox 70 3331 1031 3408; baseline -0.002 -16"><span class='ocrx_word' id='word_1_302' title='bbox 70 3334 160 3392; x_wconf 90' lang='lat' dir='ltr'><strong>tionis</strong></span> <span class='ocrx_word' id='word_1_303' title='bbox 182 3335 359 3408; x_wconf 79' lang='lat' dir='ltr'><strong>declinetur,</strong></span> <span class='ocrx_word' id='word_1_304' title='bbox 381 3336 527 3394; x_wconf 80' lang='lat' dir='ltr'><strong>incertum</strong></span> <span class='ocrx_word' id='word_1_305' title='bbox 550 3337 604 3392; x_wconf 89' lang='lat' dir='ltr'><strong>est.</strong></span> <span class='ocrx_word' id='word_1_306' title='bbox 649 3333 739 3406; x_wconf 83' lang='lat' dir='ltr'><strong>Nam,</strong></span> <span class='ocrx_word' id='word_1_307' title='bbox 763 3332 839 3391; x_wconf 88' lang='lat' dir='ltr'><strong>siout</strong></span> <span class='ocrx_word' id='word_1_308' title='bbox 857 3333 900 3391; x_wconf 81' lang='lat' dir='ltr'><strong>uit</strong></span> <span class='ocrx_word' id='word_1_309' title='bbox 915 3331 1031 3405; x_wconf 82' lang='lat' dir='ltr'><strong>Caesar,</strong></span> 
     </span>
     <span class='ocr_line' id='line_1_37' title="bbox 69 3420 1032 3497; baseline -0.001 -18"><span class='ocrx_word' id='word_1_310' title='bbox 69 3423 107 3480; x_wconf 84' lang='lat' dir='ltr'><strong>eb</strong></span> <span class='ocrx_word' id='word_1_311' title='bbox 132 3440 174 3495; x_wconf 91' lang='lat' dir='ltr'><strong>eo,</strong></span> <span class='ocrx_word' id='word_1_312' title='bbox 198 3423 276 3497; x_wconf 91' lang='lat' dir='ltr'><strong>quod</strong></span> <span class='ocrx_word' id='word_1_313' title='bbox 299 3426 345 3482; x_wconf 91' lang='lat' dir='ltr'><strong>est</strong></span> <span class='ocrx_word' id='word_1_314' title='bbox 366 3426 483 3489; x_wconf 67' lang='lat' dir='ltr'><strong>morior,</strong></span> <span class='ocrx_word' id='word_1_315' title='bbox 505 3424 537 3480; x_wconf 93' lang='lat' dir='ltr'><strong>in</strong></span> <span class='ocrx_word' id='word_1_316' title='bbox 559 3421 714 3497; x_wconf 80' lang='lat' dir='ltr'><strong>participio</strong></span> <span class='ocrx_word' id='word_1_317' title='bbox 740 3420 893 3496; x_wconf 79' lang='lat' dir='ltr'><strong>praeteriti</strong></span> <span class='ocrx_word' id='word_1_318' title='bbox 920 3423 1032 3493; x_wconf 75' lang='lat' dir='ltr'><strong>temno-</strong></span> 
     </span>
    </p>
   </div>
   <div class='ocr_carea' id='block_1_3' title="bbox 68 3509 1157 3587">
    <p class='ocr_par' dir='ltr' id='par_1_8' title="bbox 68 3509 1157 3587">
     <span class='ocr_line' id='line_1_38' title="bbox 68 3509 1157 3587; baseline 0.006 -19"><span class='ocrx_word' id='word_1_319' title='bbox 68 3509 110 3568; x_wconf 88' lang='lat' dir='ltr'><strong>ris</strong></span> <span class='ocrx_word' id='word_1_320' title='bbox 133 3510 165 3567; x_wconf 91' lang='lat' dir='ltr'><strong>in</strong></span> <span class='ocrx_word' id='word_1_321' title='bbox 186 3514 233 3581; x_wconf 76' lang='lat' dir='ltr'><strong>tus</strong></span> <span class='ocrx_word' id='word_1_322' title='bbox 256 3511 334 3570; x_wconf 84' lang='lat' dir='ltr'><strong>exiro</strong></span> <span class='ocrx_word' id='word_1_323' title='bbox 357 3511 472 3585; x_wconf 87' lang='lat' dir='ltr'><strong>debuit,</strong></span> <span class='ocrx_word' id='word_1_324' title='bbox 499 3529 552 3587; x_wconf 86' lang='lat' dir='ltr'><strong>per</strong></span> <span class='ocrx_word' id='word_1_325' title='bbox 578 3529 676 3569; x_wconf 88' lang='lat' dir='ltr'><strong>unum</strong></span> <span class='ocrx_word' id='word_1_326' title='bbox 702 3509 823 3570; x_wconf 78' lang='lat' dir='ltr'><strong>soilioet</strong></span> <span class='ocrx_word' id='word_1_327' title='bbox 845 3527 888 3574; x_wconf 80' lang='grc'><strong>6.</strong></span> <span class='ocrx_word' id='word_1_328' title='bbox 910 3523 982 3562; x_wconf 57' lang='lat' dir='ltr'><strong>um</strong></span> <span class='ocrx_word' id='word_1_329' title='bbox 994 3519 1059 3573; x_wconf 55' lang='lat' dir='ltr'>W</span> <span class='ocrx_word' id='word_1_330' title='bbox 1155 3582 1157 3586; x_wconf 54' lang='grc'><strong>,</strong></span> 
     </span>
    </p>
   </div>
   <div class='ocr_carea' id='block_1_4' title="bbox 0 0 1192 3870">
    <p class='ocr_par' dir='ltr' id='par_1_9' title="bbox 0 0 1192 3870">
     <span class='ocr_line' id='line_1_39' title="bbox 0 0 1192 3870; baseline 0 0"><span class='ocrx_word' id='word_1_331' title='bbox 0 0 1192 3870; x_wconf 95' lang='lat' dir='ltr'><strong> </strong></span> 
     </span>
    </p>
   </div>
  </div>
 </body>
</html>
