2356 3870
174 215 233 276 190
470 214 471 219 ’
490 211 529 268 oi
544 212 647 268 BELLO
664 211 801 268 cancico

172 377 346 444 memoravi,
371 393 489 454 semper
511 374 545 434 ad
567 393 669 435 omnes
689 384 786 435 motus
802 383 920 453 paratus
942 375 1002 435 suis
1018 374 1134 435 civibus

172 476 236 518 esse
252 466 440 528 consuesset,
456 476 494 518 ne
506 458 627 519 consilia
642 458 713 519 belii
734 457 943 535 quaerentibus
964 465 1066 518 auctor
1082 477 1128 518 ar·

171 559 288 602 morum
304 541 422 618 duxque
433 541 557 612 deesset,
573 548 696 621 parente
707 542 846 602 Romanis
857 543 971 601 civitate
987 559 1053 602 cnm
1070 543 1132 602 suis

172 624 320 702 equitibus
335 625 497 685 latrociniis
512 644 544 685 se
560 642 689 702 suosque
711 624 807 686 aleb'at
825 625 1001 701 infestisque
1015 626 1130 684 itineri·

170 707 227 769 bus
243 716 422 770 commeatus
438 709 615 787 complures,
633 711 683 786 qui
696 707 946 788 conportabantur
961 709 991 768 in
1006 707 1132 769 hiberna

171 790 381 860 Romanorum,
397 792 613 871 intercipiebat.

140 879 153 930 t
234 875 413 936 xxxxviii.
450 875 521 936 Erat
542 876 700 936 attributus
720 875 845 936 Antonio
861 877 1030 953 praoioctus
1046 877 1130 951 equi·

171 965 233 1017 tum
250 957 282 1018 C,
290 956 455 1019 Volusenus
463 959 638 1028 Quadratus,
656 961 784 1036 quicum
797 976 831 1018 eo
843 958 1022 1020 hibernaret.
1044 958 1131 1019 Hunc

139 1047 155 1096 2
169 1043 312 1102 Antonius
327 1041 363 1102 ad
374 1042 614 1120 persequendum
629 1045 792 1118 equitatum
806 1041 935 1102 hostium
951 1043 1049 1102 mittit
1072 1044 1129 1103 Vo-

170 1123 292 1184 lusenus
307 1124 342 1184 ad
359 1142 423 1185 eam
437 1126 589 1195 virtutem,
612 1143 687 1202 qnae
707 1124 863 1202 singularis
878 1133 942 1186 erat
955 1127 986 1186 in
1002 1143 1051 1194 eo,
1067 1143 1130 1185 ma·

170 1225 260 1284 gnum
276 1208 376 1267 odium
392 1207 515 1282 Commii
530 1208 716 1286 adiungebat,
733 1225 790 1286 quo
806 1209 946 1270 libentius
962 1208 991 1269 id
1002 1210 1129 1277 iaceret,

171 1291 249 1368 quod
263 1291 472 1370 imperabatur.
503 1291 605 1368 ltaque
620 1293 771 1370 dispositis
784 1291 898 1353 insidiis
914 1292 1030 1370 saepius
1046 1294 1129 1367 equi·

139 1379 214 1434 ates
235 1376 298 1434 eius
318 1374 475 1451 adgressus
496 1375 624 1436 secunda
645 1375 756 1454 proelia
783 1376 917 1436 iaciebat.
954 1375 1128 1442 Novissime,

170 1475 237 1519 cum
251 1457 455 1518 vehementius
466 1459 696 1519 contenderetur
708 1477 742 1519 ac
748 1458 914 1520 Volusenus
928 1460 1021 1536 ipsius
1035 1459 1128 1517 inter·

170 1540 296 1619 cipiendi
316 1541 438 1602 Commii
460 1542 618 1621 cupiditate
637 1543 817 1621 pertinacius
839 1561 905 1602 eum
933 1559 1000 1602 oum
1027 1543 1129 1619 paucis

169 1625 320 1685 insecutus
335 1632 421 1694 esset,
437 1624 487 1702 ille
502 1633 599 1687 autem
614 1628 683 1704 iuga
691 1625 855 1687 vehementi
862 1625 1043 1687 Volusenum
1057 1643 1127 1703 pro·

170 1706 302 1768 duxisset
321 1707 452 1785 longius,
476 1709 613 1770 inimicus
633 1709 745 1770 homini
767 1728 889 1770 suorum
909 1711 1027 1769 invocat
1040 1707 1128 1771 iidem

169 1797 257 1868 atque
267 1791 415 1861 auxilium,
432 1810 469 1852 ne
481 1810 533 1853 soa
547 1793 668 1854 vulnera
680 1811 734 1872 per
746 1793 832 1854 tidem
848 1793 975 1871 inposita
989 1799 1128 1870 pateren-

168 1881 216 1936 tur
231 1875 374 1952 inpunita,
391 1892 593 1952 conversoque
608 1893 685 1954 equo
700 1895 733 1938 se
748 1896 763 1936 a
779 1877 886 1936 ceteris
897 1877 1043 1936 incautius
1058 1893 1126 1953 per·

136 1965 154 2015 4
168 1959 257 2018 mittit
269 1960 301 2018 in
315 1959 507 2036 praesectum.
539 1959 661 2020 Faciunt
676 1959 731 2020 hoc
752 1960 830 2020 idem
846 1977 949 2019 omnes
965 1959 1027 2019 eius
1044 1959 1127 2035 equi·

136 2044 1010 2120 otespaucosquenostrosconvertuntatqueinsequuntur.
1040 2041 1126 2101 Com-

168 2125 245 2183 mius
260 2125 415 2184 incensum
426 2123 589 2185 calcaribus
605 2143 713 2202 equum
727 2128 878 2202 coniungit
893 2142 969 2201 equo
985 2124 1126 2195 Quadrati

168 2205 328 2283 lanceaque
352 2209 458 2267 infesta
486 2210 599 2285 magnis
624 2209 735 2270 tumus
762 2209 891 2269 medium
912 2209 1008 2268 femur
1029 2208 1128 2267 traIcit

136 2288 314 2350 dVoluseni.
350 2291 502 2351 Praefecto
523 2291 689 2362 vulnerato,
716 2311 776 2354 non
791 2292 925 2352 dubitant
945 2291 1040 2351 nostri
1051 2292 1126 2351 resi·

135 2380 150 2426 a
166 2380 245 2433 stere
261 2380 291 2433 ct
306 2376 455 2434 conversis
471 2376 554 2450 equis
568 2374 684 2436 hostem
695 2374 817 2454 pellere.
845 2374 929 2446 Quod
944 2373 995 2434 ubi
1010 2372 1125 2442 accidit.

168 2456 325 2535 conplures
340 2455 469 2518 hostium
484 2476 590 2535 magno
605 2466 776 2520 nostrorum
790 2461 903 2537 impetu
917 2456 1047 2536 perculsi
1062 2457 1126 2517 vul·

167 2542 464 2618 neranturacpartim
478 2542 509 2601 in
524 2543 592 2620 suga
607 2551 812 2620 proteruntur,
820 2541 926 2620 partim
932 2541 1126 2619 intercipiun-

167 2630 224 2682 tur.
254 2621 337 2692 Quod
352 2623 461 2684 malum
476 2624 535 2684 dux
548 2628 616 2703 equi
628 2625 782 2687 velocitate
790 2626 914 2692 evitavit,
932 2641 966 2684 ac
980 2625 1023 2683 sic
1037 2641 1126 2703 proe-

166 2705 205 2764 lio
220 2705 350 2766 secundo
365 2708 493 2783 graviter
507 2708 544 2768 ab
560 2728 595 2769 eo
616 2709 787 2771 vulneratus
801 2708 984 2788 praefectus,
1002 2713 1035 2766 ut
1049 2707 1128 2767 vitae

135 2788 636 2867 opericulumaditurusrideretur,
653 2794 782 2854 refertur
796 2794 827 2853 in
843 2797 946 2852 castra.
976 2788 1128 2851 Commius

166 2879 263 2932 autem
284 2874 346 2932 sire
368 2874 484 2952 expiato
507 2893 560 2935 suo
582 2875 684 2937 dolore
706 2878 767 2936 sive
788 2892 892 2952 magna
912 2880 998 2952 parte
1020 2875 1128 2934 amissa

166 2973 287 3015 suorum
302 2955 415 3033 legatos
430 2958 466 3017 ad
480 2960 640 3019 Antonium
660 2961 749 3020 mittit
769 2976 860 3036 seque
882 2964 912 3018 et
924 2956 966 3016 ibi
980 2957 1127 3026 futurum,

167 3037 215 3101 ubi
230 3041 463 3118 praescripserit,
482 3048 511 3101 et
526 3060 558 3103 ea
574 3043 730 3111 iacturum,
747 3059 822 3119 quac
836 3041 999 3120 imperarit,
1016 3039 1126 3102 obsidi-

134 3125 150 3175 t
165 3119 221 3181 bus
235 3122 346 3189 firmam
363 3141 454 3183 unum
469 3124 540 3185 illud
557 3134 631 3194 orat,
646 3134 679 3186 ut
693 3128 794 3187 timori
806 3144 860 3186 suo
876 3123 1070 3193 concedatur,
1088 3141 1127 3185 ne

165 3206 196 3264 in
212 3213 402 3282 conspectum
417 3209 514 3267 veniat
529 3210 702 3286 cuiusquam
717 3209 850 3271 Romani.
888 3207 978 3268 Cuius
993 3205 1126 3285 postula·

165 3289 275 3348 tionem
290 3290 435 3351 Antonius
451 3309 518 3351 cum
532 3292 676 3353 iudicaret
696 3293 732 3353 ab
753 3294 831 3354 iusto
845 3293 926 3352 nasci
942 3291 1058 3361 timore,
1076 3308 1125 3350 ve·

166 3373 242 3431 niam
258 3375 370 3450 petenti
386 3373 473 3442 dedit,
491 3374 608 3438 obsides
624 3378 744 3457 accepit.

536 3528 734 3538 Ἣ
