2356 3870
144 156 192 247 en'
436 181 582 238 sunnon
596 179 818 237 tamennon.

148 338 231 397 enirn
253 335 383 394 bostium
405 333 480 394 levis
502 339 651 393 armatura
666 332 1114 392 anninmexerciturnnostrnm

146 416 237 499 atque
260 417 424 479 sollicitum
452 415 597 494 habebat,
629 417 698 494 quia
740 422 771 474 et
802 417 917 493 equites
939 414 1115 476 deterrebat

146 503 298 585 proelium
321 504 400 563 inire
429 509 552 579 propter
579 518 726 578 equorum
753 501 925 568 interitum,
954 498 1034 577 quod
1061 517 1114 559 eos

149 587 256 649 iaculis
280 585 491 654 interficiebat,
515 592 545 644 et
567 584 767 660 legionarium
782 583 910 644 militem
932 581 1115 661 defatigabat

147 679 273 752 propter
294 670 499 731 velocitatem:
528 670 627 746 gravis
656 670 737 729 enirn
760 676 928 728 armaturae
955 666 1044 726 miles
1071 669 1114 727 si·

149 755 302 833 mulatqne
315 753 353 815 ab
366 756 404 817 iis
415 756 580 815 insectatus
594 754 773 812 constiterat
788 754 820 811 in
836 769 947 830 eosque
967 752 1114 830 impetum

149 842 280 908 fecerat,
304 839 350 900 illi
372 838 471 899 veloci
493 855 586 898 cursu
608 835 776 914 pericnlum
798 835 887 896 laeile
910 834 1054 896 vitabant.

113 928 127 975 t
214 922 329 984 LXXll.
375 922 492 994 Quibus
513 939 550 982 ex
571 920 664 981 rebus
686 920 794 980 Caesar
815 919 1008 980 vehementer
1030 937 1114 979 com·

149 1006 342 1076 movebatur,
371 1008 451 1085 quia,
474 1005 682 1083 quodcumque
705 1004 855 1081 proelium
883 1005 1021 1082 quotiens
1049 1010 1116 1062 erat

150 1093 358 1159 cornmisenm,
382 1092 516 1169 equitatu
532 1106 586 1149 sno
602 1091 667 1149 sine
683 1086 851 1164 legionario
867 1087 964 1148 milite
980 1087 1114 1148 bostium

149 1177 297 1255 equitatui
320 1173 437 1252 levique
461 1182 629 1233 armaturae
653 1190 758 1232 eorum
773 1171 961 1232 nullomodo
976 1189 1031 1251 par
1047 1189 1114 1232 esse

109 1264 277 1340 apotecae.
322 1255 549 1318 Sollicitahatur
573 1264 671 1317 antem
694 1256 741 1316 his
763 1256 864 1324 rebus,
887 1255 966 1334 qnod
979 1254 1113 1317 nondum

149 1344 285 1421 legiones
307 1342 439 1402 bostium
458 1349 646 1418 cognoverat,
671 1347 845 1419 etquenam
860 1338 947 1399 modo
962 1342 1114 1400 sustinere

149 1447 182 1489 se
204 1433 306 1505 posset
327 1423 364 1483 ab
388 1442 493 1484 eorum
524 1426 660 1501 equitatu
688 1423 805 1502 levique
834 1433 1001 1494 armatura,
1036 1441 1114 1502 quae

111 1514 214 1571 terat
235 1508 378 1577 mirifica,
407 1510 434 1567 si
456 1508 591 1584 legiones
613 1525 733 1586 qnoque
761 1510 969 1569 accessissent.
1019 1508 1114 1569 Acce·

150 1593 240 1655 debat
261 1595 352 1653 etiarn
373 1592 447 1653 baec
471 1610 570 1660 causa,
583 1591 672 1670 qnod
694 1592 921 1671 elephantorum
936 1592 1115 1670 magnitudo

87 1737 92 1749 ,
110 1682 129 1730 4
149 1677 369 1756 multitudoque
386 1677 500 1737 animos
514 1676 644 1736 militum
661 1676 817 1737 detinebat
832 1679 863 1736 in
885 1684 1012 1737 terrore.
1058 1676 1114 1738 Cui

149 1765 202 1822 uni
217 1763 264 1822 rei
278 1768 379 1822 tamen
394 1762 549 1821 invenerat
564 1761 748 1821 remedium:
793 1778 921 1838 namque
937 1760 1114 1839 elephantos

149 1864 186 1908 ex
208 1845 293 1906 ltalia
322 1847 521 1923 transportari
550 1847 694 1914 iusserat,
730 1863 791 1924 quo
827 1852 856 1904 et
889 1845 976 1907 miles
1011 1853 1115 1906 noster

149 1932 341 2008 speciemque
370 1938 400 1988 et
428 1931 571 1988 virtutem
604 1928 717 1989 bestiae
751 1937 965 2006 cognosceret,
1000 1937 1030 1989 et
1062 1931 1114 1989 cui

148 2015 229 2093 parti
252 2015 388 2090 corporis
410 2014 476 2073 eius
497 2013 591 2073 telum
614 2013 704 2074 facile
728 2013 806 2089 adigi
829 2022 944 2091 posset,
974 2021 1114 2073 ornatus·

148 2115 207 2175 que
230 2114 265 2156 ac
287 2097 431 2156 loricatus
455 2115 522 2157 cum
545 2105 623 2156 esset
639 2096 831 2174 elephantuS,
855 2116 931 2175 qnae
953 2114 1024 2175 pars
1045 2116 1114 2157 cor·

147 2181 231 2258 poris
254 2181 319 2239 sine
342 2182 473 2256 tegmine
495 2179 574 2241 nuda
596 2181 830 2260 relinqueretur,
854 2189 886 2241 ut
901 2199 938 2242 eo
951 2181 1012 2241 tela
1027 2184 1113 2241 coni·

148 2270 304 2332 cerentur;
337 2271 512 2342 praeterea,
551 2271 586 2324 ut
617 2267 751 2324 iumenta
789 2263 953 2326 bestiarum
991 2265 1113 2325 odorem

148 2347 370 2425 stridoremque
393 2355 423 2407 et
445 2350 577 2425 speciem
599 2347 817 2408 consuetudine
834 2358 995 2427 captanon
1014 2352 1113 2410 reior-

108 2431 308 2493 omidarent.
359 2432 476 2503 Quibus
505 2451 540 2492 ex
567 2431 659 2492 rebus
689 2433 813 2509 largiter
835 2441 900 2492 erat
922 2443 1112 2494 consecutus:

147 2535 217 2577 narn
245 2524 275 2574 et
296 2516 408 2577 milites
431 2515 542 2577 bestias
557 2515 696 2576 manibus
711 2517 937 2594 pertractabant
951 2535 1115 2596 earumque

147 2600 320 2660 tarditatem
342 2599 574 2676 cognoscebant,
598 2602 773 2678 equitesque
789 2603 821 2660 in
836 2619 888 2661 eos
908 2601 970 2679 pila
992 2604 1114 2681 praepi-

146 2681 206 2743 lata
218 2682 421 2752 coniciebant,
438 2691 526 2761 atque
537 2685 570 2744 in
585 2684 839 2745 consuetudinem
863 2703 955 2764 equos
968 2688 1115 2764 patientia

147 2766 313 2827 bestiarum
335 2767 509 2828 adduxerat.

110 2851 126 2899 1
209 2851 339 2912 Llllllll.
385 2851 430 2913 Ob
453 2851 507 2914 bas
529 2871 643 2922 causas,
666 2871 740 2932 quas
761 2871 854 2932 snpra
870 2856 1113 2924 commemoravi,

149 2935 370 2996 sollicitabatur
391 2936 505 2997 -Caesar
532 2937 706 3015 tardiorque
743 2945 773 2997 et
801 2938 1022 2998 consideratior
1049 2945 1115 2998 erat

147 3020 246 3080 lactus
261 3027 291 3079 et
306 3038 341 3079 ex
356 3022 484 3098 pristina
507 3020 643 3081 bellandi
661 3021 879 3083 consuetudine
897 3021 1115 3102 celeritateque

106 3104 332 3164 2excesserat.
387 3103 447 3164 Nec
483 3107 609 3165 mirum:
656 3107 758 3183 copias
797 3108 880 3167 enim
917 3104 1050 3167 babebat
1083 3108 1116 3166 in

149 3186 247 3247 Gallia
270 3186 383 3248 bellare
412 3195 569 3249 consuetas
598 3187 673 3249 locis
701 3189 922 3268 campestribus
952 3197 982 3251 et
1010 3197 1115 3251 contra

146 3269 256 3339 Gallos,
279 3270 415 3334 homines
438 3281 555 3350 apertos
577 3275 761 3350 minimeque
784 3274 955 3342 insidiosos,
984 3276 1036 3351 qui
1059 3291 1118 3353 per

144 3355 301 3426 uirtutem,
336 3374 397 3416 non
424 3374 479 3434 per
505 3356 607 3417 dolum
638 3357 787 3418 dimicare
816 3365 1019 3427 consuerunt;
1050 3365 1117 3420 tnrn

141 3446 244 3500 autem
272 3447 337 3501 erat
365 3442 395 3500 ei
422 3439 639 3510 laborandum,
672 3448 708 3502 nt
739 3443 970 3504 consuefaceret
999 3442 1120 3504 milites
