2356 3870
160 225 202 290 78
447 228 595 284 BELLUM
609 227 832 285 ermentrudi.

159 396 302 462 passuum
325 391 362 439 vr
385 377 473 456 longe
496 378 586 438 trinis
608 379 715 439 eastris
737 377 906 456 dispertitis
928 379 1025 456 co'piis
1053 397 1127 441 con·

160 464 247 525 sedit.

124 561 140 608 1
223 545 350 606 LXVlll.
394 545 544 625 Oppidum
572 553 637 606 erat
658 545 744 616 Zeta,
773 546 853 625 quod
881 545 987 606 aberat
1014 564 1032 607 a
1059 546 1126 610 Sci·

160 633 251 710 pione
273 631 357 691 milia
378 648 520 708 passuum
541 641 581 700 X,
612 629 649 690 ad
678 632 743 690 eius
771 632 928 707 regionem
955 638 986 692 et
1008 640 1126 709 partem

160 723 327 776 castrorum
355 713 549 784 collocatum,
579 732 596 788 a
623 714 749 774 Caesare
780 720 878 774 autem
908 714 1061 776 diversum
1089 735 1124 779 ae

159 807 325 880 remotum,
368 798 550 878 quoderat
591 797 628 858 ab
661 816 697 859 eo
736 797 825 875 longe
861 798 944 859 milia
982 817 1126 878 passuum

159 896 250 943 x1111.
303 883 368 944 Huc
395 883 497 961 Scipio
525 882 660 959 legiones
686 880 760 942 duas
790 884 996 944 frumentandi
1026 887 1125 960 gratia

123 970 251 1029 emisit.
308 966 393 1039 Quod
425 974 582 1044 postquam
614 965 722 1027 Caesar
749 983 786 1024 ex
814 967 942 1045 perfuga
971 970 1123 1044 cognovit,

161 1053 269 1112 castris
292 1069 328 1110 ex
351 1069 455 1129 campo
479 1053 510 1111 in
532 1049 640 1110 collem
668 1069 702 1110 ac
730 1053 845 1112 tutiora
868 1052 933 1113 loca
954 1050 1127 1132 collloclatis

160 1142 248 1214 atque
269 1133 315 1194 ibi
337 1135 488 1213 praesidio
510 1133 618 1195 relicto
641 1136 706 1212 ipse
728 1141 835 1213 quarta
857 1135 961 1212 vigilia
983 1152 1126 1213 egressus

159 1225 280 1297 praeter
302 1218 434 1279 hostium
457 1225 554 1278 castra
575 1218 779 1296 proficiscitur
795 1236 864 1280 cum
878 1221 976 1296 copiis
991 1227 1021 1280 et
1037 1223 1124 1298 oppi-

124 1311 140 1360 3
161 1303 231 1365 dum
254 1305 377 1382 potitur.
427 1302 575 1379 Legiones
596 1302 749 1381 Scipionis
776 1303 1068 1382 comperitlongius
1090 1307 1123 1365 in

159 1389 240 1465 agris
267 1387 448 1447 frumentari
482 1393 526 1454 et,
561 1404 630 1446 cum
663 1405 699 1446 eo
732 1386 915 1447 contendere
948 1395 1124 1458 conaretur,

159 1469 384 1539 animadvertit,
413 1472 514 1549 copias
537 1469 669 1530 hostium
690 1470 739 1532 bis
760 1470 931 1548 legionibus
958 1490 1124 1533 occurrere

122 1557 321 1633 tsuppetias.
366 1555 518 1626 Quaeres
541 1557 606 1615 eius
629 1557 773 1633 impeturn
795 1554 967 1616 retardavit.
1018 1554 1124 1636 ltaque

159 1646 247 1718 capto
276 1639 307 1700 C.
335 1639 468 1700 Minucio
497 1639 629 1717 Regino,
659 1641 759 1718 equite
787 1638 935 1708 Romano,
968 1639 1124 1718 Scipionis

157 1724 414 1795 familiarissimo,
443 1726 496 1803 qui
524 1726 554 1783 ei
582 1723 693 1802 oppido
722 1732 875 1801 praeerat,
904 1731 936 1784 et
962 1723 995 1782 P.
1023 1726 1122 1793 Atrio,

158 1810 258 1888 equite
281 1808 414 1868 Romano
438 1807 475 1867 de
498 1816 646 1867 conventu
668 1807 821 1875 Uticensi,
845 1815 874 1867 et
897 1807 1021 1868 camelis
1043 1821 1121 1868 xxlr

158 1894 239 1969 regis
261 1892 416 1959 abductis,
438 1892 589 1970 praesidio
613 1891 657 1951 ibi
680 1909 748 1951 cum
770 1890 867 1969 Oppio
889 1890 988 1968 legato
1010 1892 1124 1953 relicto

159 1977 223 2053 ipse
246 1993 278 2034 se
301 1979 438 2053 recipere
462 1978 561 2053 coepit
585 1974 622 2035 ad
643 1984 751 2058 castra.
1117 2010 1119 2014 ,

121 2069 137 2118 1
222 2058 361 2119 LXVllll.
407 2058 480 2118 Cum
508 2061 569 2120 iam
598 2076 659 2119 non
686 2059 775 2135 longe
797 2076 814 2118 a
837 2061 944 2120 eastris
966 2059 1122 2139 Scipionis

160 2140 288 2209 abesset,
312 2160 388 2220 quae
412 2159 479 2202 eum
502 2160 625 2205 neccsse
648 2151 713 2203 erat
727 2145 945 2221 praetergredi,
967 2144 1122 2206 Labienus

156 2227 355 2304 Afraniusque
386 2231 454 2286 eum
481 2229 563 2287 omni
593 2229 727 2305 equitatu
756 2227 872 2306 levique
900 2237 1052 2289 armatura
1081 2247 1121 2289 ex

156 2308 275 2369 insidiis
298 2310 395 2370 adorti
417 2313 529 2388 agmini
558 2313 624 2370 eius
652 2320 786 2371 extremo
809 2330 841 2370 se
870 2310 1000 2372 offerunt
1029 2321 1121 2392 atque

119 2403 191 2453 rex
221 2393 348 2454 collibus
378 2396 486 2472 primis
513 2397 655 2456 entstunt.
710 2396 795 2469 Quod
823 2403 980 2475 postquam
1010 2396 1122 2458 Caesar

156 2479 381 2548 animadvertit,
405 2479 642 2557 equitibussuis
663 2480 795 2540 bostium
824 2481 853 2540 vi
879 2481 1025 2558 oppositis
1053 2499 1118 2542 sar·

156 2563 239 2621 einas
267 2562 448 2640 legionarios
477 2565 509 2623 in
537 2574 676 2625 acervum
702 2563 788 2624 lubet
816 2572 994 2642 conportare
1027 2573 1119 2643 atque

117 2644 298 2706 sceleriter
320 2649 404 2722 signa
427 2645 564 2707 hostibus
580 2649 704 2708 interro.
749 2647 835 2719 Quod
857 2657 1015 2727 postquam
1046 2667 1119 2709 coe-

155 2736 240 2808 ptum
253 2738 298 2791 est
310 2730 387 2799 lieri,
409 2732 507 2808 primo
530 2733 645 2810 impetu
666 2732 817 2810 legionum
834 2735 983 2811 equitatus
998 2739 1029 2793 et
1043 2733 1121 2795 levis

156 2822 305 2876 armatura
328 2815 458 2875 hostium
472 2815 564 2876 nullo
587 2818 707 2894 negotio
729 2816 796 2877 loco
825 2816 910 2894 pulsa
938 2825 968 2876 et
996 2817 1119 2878 deiecta

117 2906 199 2958 4cst
232 2899 269 2958 de
304 2899 392 2960 colle.
447 2899 519 2960 Cum
553 2902 612 2961 iam
634 2901 741 2962 Caesar
770 2903 984 2970 existimasset,
1013 2901 1119 2963 hostes

156 2982 259 3061 pulsos
282 2982 502 3063 deterritosquc
525 2984 614 3046 linem
636 2984 802 3047 lacessendi
825 2987 974 3053 facturos,
1003 2992 1034 3045 et
1057 2987 1120 3046 iter

157 3075 297 3145 coeptum
319 3083 446 3144 pergere
469 3071 634 3147 coepisset,
658 3071 768 3130 iterum
791 3069 932 3129 celeriter
954 3086 991 3128 ex
1012 3072 1116 3147 proxi·

154 3151 211 3209 mis
233 3149 362 3211 collibus
384 3159 555 3231 erumpunt,
579 3161 666 3233 atque
689 3152 791 3213 eadem
814 3155 942 3222 ratione,
965 3170 1023 3231 qua
1046 3161 1117 3215 ente

156 3232 227 3303 dixi,
251 3236 283 3294 in
305 3235 441 3296 Caesaris
463 3236 645 3314 legionarios
666 3239 812 3315 impetum
833 3238 956 3298 iaciunt
970 3235 1120 3300 Numidae

154 3316 286 3396 levisque
319 3328 489 3381 armaturae
523 3320 659 3382 mirabili
692 3320 851 3381 velocitate
883 3319 1029 3401 praediti,
1064 3324 1117 3401 qui

110 3457 112 3462 Α
153 3403 233 3464 inter
255 3405 371 3481 equites
391 3403 566 3483 pugnabant
587 3413 616 3465 et
638 3423 696 3466 una
718 3407 892 3485 pariterque
914 3423 982 3466 cum
1005 3407 1120 3484 equiti·

107 3484 208 3548 obus
234 3504 398 3552 accurrere
432 3497 463 3551 et
494 3489 635 3570 refugere
668 3495 895 3553 consueuerant.
950 3489 1025 3551 Cum
1057 3489 1120 3552 boe
