2356 3870
144 184 189 249 48
441 186 588 242 BELLUM
601 185 785 243 ansoldum]
786 185 824 242 M.

149 358 237 420 posse
259 356 357 416 neque
378 337 478 398 locum
502 336 655 398 excusatio
671 335 766 397 ullum
782 334 908 398 baberet
922 353 979 397 neo
994 354 1115 398 moram

110 420 367 502 ⁵tergiversatio.
416 420 483 500 lpse
497 422 615 482 interea
637 438 673 482 ex
695 421 832 500 perfugis
865 427 897 481 et
928 420 1037 481 ineolis
1060 439 1113 482 co·
1170 468 1173 472 .

147 511 245 587 gnitis
268 503 499 567 condicionibus
522 504 688 583 Scipionis,
712 507 815 583 etqui
844 522 911 566 cunr
939 522 976 565 eo
999 503 1114 566 bellum

151 600 257 654 contra
279 609 310 651 se
333 588 494 668 gerebant,
524 590 662 649 miserari
683 611 727 632 --
748 592 865 666 regium
895 590 975 650 enim
997 592 1114 668 equita·

150 683 214 737 tum
238 675 340 753 Scipio
362 691 399 734 ex
420 674 574 752 provincia
596 673 696 734 lllriea
718 672 816 733 alebat
837 705 888 743 -,
911 679 993 733 tanta
1015 673 1115 735 bomi-

151 778 204 820 nes
228 759 298 821 esse‘
315 758 473 825 dementia,
496 763 531 818 ut
552 757 659 817 malint
673 759 753 834 regis
768 775 834 818 esse
848 756 1009 835 vectigales
1025 775 1115 837 quam

152 862 220 905 eum
242 841 359 904 civibus
381 844 414 902 in
436 841 532 918 patria
555 842 587 901 in
609 842 672 901 suis
694 842 824 902 fortunis
848 859 913 902 esse
935 841 1114 904 incolumes.

113 932 130 981 1
213 927 302 988 vl111.
348 926 456 988 Caesar
484 944 510 986 a.
540 923 568 983 d.
597 936 647 985 111.
666 924 741 986 Non.
771 925 834 985 lan.
867 931 965 986 castra
997 934 1113 995 movet;

150 1011 238 1091 Lepti
259 1029 311 1073 sex
333 1010 502 1070 cohortium
523 1007 675 1087 praesidio
697 1027 765 1069 cum
780 1009 908 1070 Saserna
922 1008 1030 1070 relicto
1046 1012 1113 1090 ipse

151 1113 271 1164 rursus,
300 1094 379 1153 unde
407 1093 504 1171 pridie
532 1098 670 1161 venerat,
699 1092 864 1172 Ruspinam
893 1111 961 1155 curn
983 1094 1113 1174 reliquis

151 1182 248 1258 copiis
270 1178 421 1238 convertit
441 1177 545 1256 ibique
567 1178 695 1236 sarcinis
724 1180 875 1238 exercitus
902 1176 1020 1238 relictis
1048 1180 1115 1256 ipse

152 1281 221 1325 cum
244 1260 381 1340 expedita
401 1278 493 1321 manu
514 1261 717 1338 proficiscitur
739 1262 857 1322 circum
879 1262 964 1322 villas
979 1262 1115 1323 trumen-

150 1356 246 1409 tatum
279 1345 496 1425 oppidanisque
525 1345 668 1423 imperat,
705 1350 739 1403 ut
776 1345 888 1422 plostra
921 1347 1116 1425 iumentaque

110 1440 131 1487 a
153 1433 253 1493 omnia
275 1436 449 1508 sequantur.
492 1428 596 1505 ltaque
618 1443 726 1504 magno
749 1445 876 1490 numero
898 1430 1043 1491 frumenti
1067 1433 1115 1492 in·

151 1522 240 1576 rento
262 1514 428 1592 Ruspinam
450 1511 538 1573 redit.
582 1510 663 1573 Haec
685 1528 753 1572 eum
775 1514 889 1574 idcireo
911 1515 1050 1574 existimo
1067 1533 1116 1576 re·

152 1602 283 1679 cepisse,
312 1604 346 1658 ut
373 1599 533 1658 marituma
560 1595 669 1675 oppida
696 1603 764 1675 post
793 1615 825 1656 se
847 1614 885 1657 ne
907 1615 998 1659 vacua
1020 1599 1115 1660 relin-

152 1692 258 1765 queret
294 1681 504 1761 praesidioque
542 1680 658 1740 firmata
696 1679 733 1739 ad
769 1681 890 1742 classim
923 1684 1115 1762 receptacula

152 1770 295 1829 muniret.

114 1853 132 1901 1
216 1850 253 1911 X.
298 1850 400 1930 ltaque
422 1849 467 1910 ibi
482 1846 634 1913 relictoP.
648 1847 785 1919 Saserna,
810 1851 904 1911 fratre
927 1853 1002 1922 eius,
1026 1870 1115 1931 quem

152 1938 240 2015 Lepti
262 1937 399 2014 proximo
427 1935 535 2012 oppido
567 1933 745 2012 reliquerat,
779 1951 848 1994 cum
880 1935 1008 2013 legione,
1031 1936 1117 1999 iubet

152 2020 336 2098 comportari
359 2017 440 2094 ligna
463 2019 494 2078 in
516 2017 659 2095 oppidum
682 2036 769 2095 quarn
791 2019 934 2096 plurima;
958 2022 1023 2099 ipse
1049 2039 1116 2081 cum

155 2102 332 2166 cohortibus
354 2113 421 2169 vn,
444 2119 519 2179 quae
542 2119 578 2160 ex
600 2103 750 2162 veteranis
772 2101 943 2180 legionibus
965 2106 997 2164 in
1020 2105 1117 2166 classe

139 2205 225 2256 ,cum
256 2185 391 2264 Sulpicio
424 2190 453 2244 et
486 2184 602 2245 Vatinio
635 2203 699 2245 rem
733 2195 910 2263 gesserant,
936 2206 973 2248 ex
1006 2189 1117 2268 oppido

154 2271 288 2348 Ruspina
312 2285 450 2347 egressus
471 2269 674 2346 proficiscitur
696 2269 732 2330 ad
754 2278 884 2348 portum,
906 2275 958 2352 qui
980 2272 1066 2334 abest
1080 2273 1117 2334 ab

157 2354 267 2435 oppido
289 2353 372 2414 milia
395 2370 536 2431 passuum
558 2352 632 2421 duo,
660 2352 765 2431 ibique
787 2354 912 2416 classem
934 2355 990 2416 sub
1012 2376 1118 2437 vespe·

119 2446 224 2501 urum
247 2457 315 2500 cum
338 2455 372 2499 ea
400 2437 487 2516 copia
515 2436 698 2499 conscendit.
748 2437 895 2500 Omnibus
922 2442 954 2500 in
982 2445 1118 2504 exercitu

157 2525 266 2584 insciis
288 2529 318 2582 et
339 2520 566 2600 requirentibus
588 2522 779 2600 imperatoris
805 2524 980 2594 eonsilium,
1009 2544 1119 2606 magno

118 2615 137 2663 3
158 2614 240 2668 metu
263 2625 298 2667 ao
319 2607 503 2666 tristimonia
525 2603 775 2667 sollicitabantur.
816 2607 918 2668 -Parva
946 2611 1027 2670 enim
1050 2629 1120 2672 oum

158 2692 244 2770 copia
267 2696 297 2751 et
318 2707 353 2750 ea
375 2691 522 2757 tironum,
552 2707 650 2768 neque
677 2693 759 2751 omni
786 2694 935 2769 exposita,
964 2695 996 2753 in
1018 2694 1120 2756 dlrica

118 2822 128 2842 .
158 2781 264 2837 contra
285 2791 408 2852 magnas
431 2775 532 2852 copias
554 2780 585 2833 et
607 2774 769 2835 insidiosae
791 2778 922 2837 nationis
937 2780 1119 2856 equitatum·

159 2878 216 2939 que
238 2856 491 2921 innumerabilem
512 2875 545 2918 se
568 2861 718 2936 expositos
740 2858 891 2932 videbant,
908 2879 1007 2940 neque
1034 2865 1120 2942 quic·

158 2962 248 3023 quarn
271 2941 371 3004 solatii
398 2943 430 3003 in
452 2944 740 3021 praesentiamque
762 2944 908 3005 auxilium
936 2944 968 3005 in
996 2964 1121 3008 suorum

158 3025 287 3089 consilio
310 3028 443 3086 animum
466 3024 677 3094 advertebant,
704 3029 767 3092 ⁴nisi
788 3030 820 3088 in
842 3029 936 3107 ipsius
959 3031 1121 3108 imperato·

44 3180 46 3185 ¹
160 3113 204 3171 ris
225 3110 326 3180 vultu,
348 3110 452 3187 rigore
473 3108 666 3188 mirabilique
689 3110 854 3173 hilaritate:
885 3115 1017 3177 animum
1040 3117 1122 3177 enim

120 3194 255 3256 saltum
279 3202 310 3255 et
330 3200 465 3255 erectum
487 3211 560 3272 prae
588 3212 620 3255 se
648 3194 782 3272 gerebat.
836 3197 914 3258 Huic
946 3197 1122 3276 adquiesce-

161 3278 234 3342 bant
256 3277 395 3339 homines
418 3285 448 3338 et
469 3279 500 3339 in
524 3280 590 3339 eius
612 3280 738 3340 seientia
754 3290 784 3341 et
800 3281 926 3344 consilio
943 3285 1044 3343 omnia
1063 3283 1124 3345 sibi

160 3362 308 3443 proclivia
331 3379 435 3422 omnes
457 3363 522 3423 lore
545 3361 716 3442 sperabant.

122 3461 137 3508 1
224 3445 275 3507 xl.
321 3445 431 3508 Caesar
458 3464 517 3508 una
547 3457 634 3508 noete
661 3449 693 3508 in
716 3448 842 3512 navibus
863 3458 1041 3531 consumpta
1063 3453 1125 3513 iarn
