2356 3870
164 203 207 268 34
409 207 556 264 BELLUM
578 207 882 263 ALEXANDRINUM.

166 360 252 420 statis
275 366 362 426 esset,
386 356 521 434 legiones
542 358 656 419 Baetim
672 356 804 419 traducit
820 356 976 435 aciemque
990 357 1131 419 instrult.

127 447 145 496 3
166 441 239 503 Cum
262 442 396 502 Cassium
420 449 524 502 contra
546 440 602 520 pro
625 443 687 502 suis
709 443 816 502 castris
839 442 934 501 aciem
950 443 1134 502 instruxisse

165 526 233 587 loco
256 529 411 604 superiore
434 527 561 599 videret,
593 544 682 586 causa
711 527 903 603 interposita,
934 524 1012 602 quod
1042 527 1071 586 is
1098 527 1132 584 in

166 627 294 689 aequum
316 629 377 671 non
400 610 612 678 descenderet,
640 609 800 670 Marcellus
828 607 976 669 militibus
1004 626 1131 688 persua·

166 693 224 762 det,
250 701 282 754 ut
305 713 336 756 se
360 697 532 772 reciperent
546 696 577 754 in
594 702 702 754 eastra.
746 692 849 771 ltaque
865 694 967 772 copias
981 693 1132 754 reducere

127 779 293 863 4coepit„
328 778 461 847 Cassius,
491 797 550 858 quo
578 777 657 838 bono
685 776 802 840 valebat
823 777 1060 856 Marcellumque
1083 779 1131 839 iu·

164 863 283 923 firmum
307 881 372 924 esse
397 861 526 931 sciebat,
550 861 709 939 adgressus
732 863 866 940 equitatu
890 862 1076 939 legionarios
1097 880 1130 923 se

164 948 349 1026 recipientes
371 947 543 1025 complures
565 947 744 1007 novissimos
767 949 798 1007 in
820 946 954 1006 fluminis
976 947 1054 1023 ripis
1082 947 1129 1006 in·

126 1033 295 1092 otersecit.
341 1031 414 1092 Cum
437 1031 494 1090 boc
517 1029 707 1099 detrimento,
731 1030 804 1109 quid
826 1032 972 1090 transitus
994 1029 1132 1091 llumiuis

164 1117 219 1175 viti
242 1114 487 1193 difficultatisque
510 1114 652 1185 haberet,
676 1115 830 1191 cognitum
854 1122 942 1185 esset,
965 1114 1130 1175 Marcellus

164 1206 262 1260 castra
288 1198 406 1259 Baetim
434 1199 593 1268 transfert,
631 1198 801 1277 crebroque
835 1206 963 1278 uterque
990 1199 1131 1277 legIones

164 1286 196 1343 in
218 1285 315 1342 aciem
337 1282 452 1350 educit;
476 1300 572 1362 neque
594 1291 696 1344 tamen
718 1282 890 1360 confligitur
904 1290 1030 1362 propter
1046 1282 1130 1344 loco·

163 1385 232 1427 rum
254 1363 456 1427 difficultates.

129 1448 144 1495 1
227 1449 300 1510 LXI.
344 1450 417 1510 Erat
445 1450 542 1527 copiis
569 1449 761 1529 pedestribus
788 1450 885 1511 multo
912 1450 1028 1511 tirmior
1050 1451 1129 1512 Mar·

166 1533 275 1595 celius:
300 1531 431 1594 habebat
452 1536 533 1594 enim
557 1541 711 1595 veteranas
733 1535 896 1614 multisque
925 1534 1054 1614 proellis
1076 1554 1129 1596 ex·

164 1626 265 1697 pertas
286 1616 432 1695 legiones.
483 1617 603 1679 Cassius
631 1618 702 1679 lidei
728 1620 825 1696 magis
847 1636 935 1697 quam
957 1619 1063 1680 virtuti
1086 1620 1129 1680 le·

127 1705 288 1781 ugionum
311 1701 492 1763 confidebat.
541 1702 644 1781 ltaque
672 1720 740 1763 cum
770 1710 866 1763 castra
889 1705 996 1764 eastris
1020 1703 1129 1764 collata

166 1797 266 1848 essent
294 1792 325 1846 et
347 1786 507 1848 Marcellus
533 1786 633 1848 locum
662 1786 802 1847 idoneum
834 1785 958 1848 castello
985 1790 1128 1866 cepisset,

163 1889 224 1950 quo
246 1870 411 1949 prohibere
435 1889 510 1951 aqua
527 1871 684 1931 Cassianos
698 1877 809 1948 posset,
832 1870 986 1949 Longinus
1001 1875 1128 1941 veritus,

164 1973 202 2015 ne
225 1973 335 2033 genere
352 1956 481 2034 quodam
497 1954 664 2015 obsidionis
680 1953 871 2017 clauderetur
893 1958 925 2015 in
948 1956 1129 2033 regionibus

165 2039 272 2100 alienis
295 2037 412 2116 sibique
436 2039 571 2107 infestis,
600 2047 691 2099 noctu
721 2038 843 2101 silentio
866 2057 903 2099 ex
925 2042 1034 2100 cestris
1055 2058 1129 2120 pro·

165 2124 313 2182 ficiscitur
334 2122 485 2200 celerique
508 2124 618 2182 itinere
640 2121 735 2182 Uliam
758 2122 927 2192 contendit,
957 2125 1037 2203 quod
1066 2121 1127 2185 sibi

128 2205 252 2267 ofidele
275 2223 340 2267 esse
363 2206 505 2285 oppidum
528 2204 679 2267 credebat.
724 2207 769 2293 lbi
783 2207 856 2269 adeo
869 2209 1130 2288 coniunctaponit

165 2287 325 2352 moenibus
346 2298 468 2366 castra,
483 2297 516 2350 ut
539 2295 569 2350 et
590 2291 650 2350 loci
672 2298 777 2352 natura
798 2325 842 2336 -—
863 2309 990 2372 namque
1005 2291 1072 2354 Ulia
1095 2295 1128 2354 in

165 2374 246 2436 edito
267 2381 369 2436 monte
392 2376 489 2454 posita
509 2381 554 2436 est
576 2407 617 2419 -
639 2382 669 2434 et
691 2377 756 2454 ipsa
776 2376 1128 2439 munitione-urbisnn·

125 2459 254 2539 4dique
284 2458 322 2519 ab
351 2461 574 2538 oppugnatione
601 2467 684 2520 tutus
712 2467 802 2521 esset.
851 2460 938 2521 Hunc
965 2460 1130 2522 Marcellus

164 2545 336 2623 insequitur
358 2550 403 2613 et,
427 2561 515 2622 quam
537 2545 674 2623 proxime
696 2551 796 2622 potest
816 2543 929 2613 Uliam,
954 2552 1053 2605 castra
1077 2563 1129 2607 ca·

164 2629 236 2687 stris
259 2627 377 2687 conlert
399 2627 594 2706 locorumque
618 2630 736 2705 cognita
758 2635 881 2697 natura,
909 2644 968 2707 quo
996 2630 1129 2691 manime

164 2729 229 2773 rem
252 2709 401 2772 deducere
425 2710 553 2780 volebat,
576 2714 754 2772 necessitate
778 2720 824 2772 est
846 2710 1002 2782 deductus,
1025 2722 1059 2774 ut
1074 2730 1128 2774 ne·

147 2815 222 2878 ,que
247 2795 425 2873 confligeret
440 2829 479 2839 -
495 2797 583 2856 cuius
605 2798 629 2855 si
652 2797 698 2856 rei
720 2796 848 2858 facultas
870 2804 959 2867 esset,
982 2799 1130 2859 resistere

164 2881 298 2941 incitatis
313 2878 462 2942 militibus
476 2897 537 2940 non
559 2886 677 2957 poterat
697 2913 741 2923 —-
762 2898 860 2960 neque
878 2883 979 2958 vagari
990 2882 1129 2943 Cassium

166 2964 256 3025 latius
286 2971 457 3042 pateretur,
495 2981 533 3025 ne
567 2964 669 3042 plures
703 2966 839 3025 civitates
871 2983 906 3026 ea
937 2967 1128 3044 paterentur,

127 3062 241 3128 oquae
264 3049 343 3126 passi
366 3055 453 3107 erant
475 3047 695 3109 Cordubenses,
745 3048 883 3110 Castellis
911 3049 1030 3112 idoneis
1051 3051 1131 3111 locis

167 3131 321 3192 collocatis
349 3130 552 3212 operibusque
579 3135 612 3192 in
640 3134 768 3192 circuitu
803 3133 906 3212 oppidi
943 3136 1131 3197 continuatis

127 3215 261 3278 oUliam
284 3214 476 3294 Cassiumque
498 3215 719 3277 munitionibus
747 3217 865 3277 clausit.
915 3217 998 3289 Quae
1026 3221 1128 3298 prius·

165 3316 253 3378 quam
275 3301 509 3379 perficerentur,
537 3300 690 3378 Longinus
712 3318 831 3360 omnem
854 3319 940 3361 suum
963 3304 1130 3381 equitatum

165 3385 280 3450 emisit:
304 3401 393 3463 quem
415 3383 473 3443 sibi
496 3387 564 3445 usui
586 3385 652 3445 lore
676 3383 831 3454 credebat,
855 3387 879 3444 si
902 3384 1042 3462 pabulari
1063 3389 1130 3448 iru-

159 3470 353 3551 mentarique
380 3466 555 3530 Marcellum
583 3486 644 3529 non
672 3476 844 3548 pateretur,
880 3485 989 3546 magno
1027 3479 1130 3534 autem
