2356 3870
134 209 194 269 154
457 201 496 256 DE
512 201 617 257 BELLO
634 201 773 258 critico

131 386 188 446 gna
203 366 301 428 subito
318 373 381 426 erat
393 373 494 425 coorta
509 372 679 444 tempestas,
696 366 854 427 abnostris
866 367 1093 446 opprimuntur;

98 462 115 510 u
131 454 278 512 exercitus
286 451 494 526 equitatusque
507 450 656 525 equitibus
662 451 803 510 Romanis
809 449 1094 520 administrantibus,

98 543 115 594 3
131 554 205 613 quos
221 537 249 596 ei
263 536 382 611 negotio
397 535 596 612 praefecerat,
619 534 757 595 celeriter
771 537 991 596 transmittitur.
1029 535 1095 597 Uno

130 622 195 681 lere
210 627 345 698 tempore
360 617 416 679 sub
431 617 528 678 lucem
540 617 676 679 hostibus
691 620 855 687 nuntiatur,
871 621 903 679 in
918 621 1023 680 castris
1035 619 1093 679 Ro·

132 721 288 764 manorum
303 711 422 781 praeter
437 702 684 762 consuetudinem
698 701 888 773 tumultuari,
911 712 940 763 et
954 720 1096 780 magnum

129 790 175 848 ire
190 805 296 865 agmen
302 786 425 847 adverso
438 785 560 846 llumine
575 789 765 863 sonitumque
777 805 931 847 remorum
944 788 976 847 in
992 787 1096 848 eadem

130 879 216 950 parte
231 872 372 940 exaudiri,
388 879 418 930 et
432 870 520 948 paulo
534 872 612 931 inira
626 870 733 931 milites
749 870 872 931 navibus
887 873 1093 949 transportari.

98 963 112 1012 1
130 955 243 1027 Quibus
257 955 349 1016 rebus
357 954 473 1024 auditis,
490 954 567 1031 quod
581 954 796 1023 existimabant,
809 954 905 1015 tribus
917 954 989 1016 locis
997 963 1094 1016 trans·

129 1041 175 1100 ire
194 1040 326 1118 legiones
346 1048 434 1116 atque
459 1057 562 1098 omnes
582 1039 773 1118 perturbatos
792 1039 958 1100 defectione
977 1037 1094 1100 Aeduo-

130 1142 199 1183 rum
213 1125 313 1200 iugam
328 1140 444 1201 parare,
461 1141 529 1183 suas
545 1140 665 1200 quoque
680 1125 781 1202 copias
795 1126 826 1183 in
842 1133 905 1184 tres
919 1130 1020 1202 partes
1035 1121 1095 1183 dis·

97 1214 114 1265 1
129 1207 309 1267 tribuerunt.
341 1206 414 1267 Nam
429 1207 578 1285 praesidio
594 1225 611 1267 1
625 1209 748 1286 regione
763 1208 930 1268 castrorum
945 1206 1051 1268 relicto
1066 1216 1096 1266 et

130 1308 219 1369 parva
234 1309 323 1351 manu
338 1290 532 1352 Metiosedum
555 1309 658 1352 versus
669 1293 774 1359 missa,
797 1308 872 1368 quae
886 1299 1001 1352 tantum
1023 1309 1093 1370 pro·

130 1375 297 1452 grediatur,
317 1382 464 1450 quantum
483 1393 572 1436 naves
592 1377 822 1455 processissent,
843 1374 974 1452 reliquas
993 1377 1095 1454 copias

131 1467 235 1518 contra
256 1457 417 1518 Labienum
438 1458 597 1520 duxerunt.

100 1550 114 1600 1
192 1541 279 1603 LXII.
311 1543 409 1602 Prima
424 1541 491 1602 luce
512 1550 541 1602 et
561 1545 657 1604 nostri
676 1562 779 1605 omnes
801 1552 886 1605 erant
901 1545 1096 1622 transportati

99 1634 116 1683 2
131 1635 161 1687 11
176 1625 304 1687 hostiurn
320 1630 397 1687 acies
413 1626 599 1688 cernebatur.
630 1627 778 1689 Labienus
791 1627 899 1689 milites
911 1627 1094 1697 cohortatus,

131 1719 164 1772 ut
178 1729 250 1772 suae
264 1713 407 1789 pristinae
421 1712 540 1771 virtutis
555 1723 585 1773 et
604 1712 888 1773 secundissimorum
909 1711 1095 1790 proeliorum

131 1798 296 1856 retinerent
310 1797 482 1855 memoriam
499 1797 611 1873 atque
602 1813 701 1874 ipsum
720 1796 885 1865 Caesarem,
902 1797 988 1856 cuius
1003 1795 1094 1856 ductu
1118 1792 1120 1795 ’

130 1897 346 1958 saepenumero
362 1878 462 1940 hostes
477 1888 683 1959 superassent,
700 1887 890 1959 praesentem
905 1880 1010 1941 adesse
1032 1882 1093 1940 exi·

101 1965 302 2030 estimarent,
318 1962 368 2023 dat
387 1965 503 2040 signum
515 1962 630 2042 proelii
661 1965 760 2024 Primo
776 1982 924 2025 concursu
936 1944 984 2024 ab
988 1963 1094 2024 dextro

130 2066 234 2114 cornu,
251 2046 434 2124 ubiseptima
449 2047 526 2124 legio
534 2050 715 2118 constiterat
731 2046 833 2109 hostes
844 2047 1095 2127 pellunturatque

98 2133 136 2188 4
128 2148 159 2191 ιιι
174 2132 274 2207 lugam
290 2132 492 2198 coniciuntur;
509 2132 546 2191 ab
561 2133 696 2204 sinistro,
714 2149 803 2208 quem
814 2131 1093 2192 locumduodeoima

131 2214 208 2291 legio
224 2213 358 2282 tenebat,
381 2217 557 2292 comprimi
578 2215 699 2276 ordines
724 2215 853 2276 hostium
878 2217 1012 2290 transfixi
1027 2215 1095 2276 telis
1146 2275 1149 2280 ,

129 2297 339 2366 concidissent,
356 2307 454 2358 tamen
470 2301 615 2360 acerrime
630 2300 740 2376 reliqui
755 2299 948 2368 resistebant,
970 2319 1027 2360 nec
1042 2300 1092 2360 da·

99 2383 181 2443 ibat
195 2383 394 2460 suspicionem
409 2384 496 2459 fugae
522 2385 687 2460 quisquam.
729 2384 797 2463 lpse
812 2383 872 2444 dux
893 2384 1023 2444 hostium
1039 2383 1093 2445 Ca·

98 2466 307 2544 umulogenus
322 2467 383 2525 suis
403 2465 506 2527 aderat
524 2476 614 2543 atque
639 2486 691 2529 eos
711 2467 931 2528 cohortabatur.
975 2468 1093 2529 incerto

131 2569 211 2612 nunc
227 2552 315 2610 etiam
331 2551 411 2621 exitu
418 2552 567 2621 victoriae,
586 2570 652 2612 cum
666 2554 810 2630 septimae
823 2553 949 2628 legionis
965 2551 1095 2612 tribunis

132 2645 211 2696 esset
225 2636 408 2702 nuntiatum,
425 2637 545 2712 quaein
561 2637 681 2696 sirnstro
697 2654 791 2696 cornu
811 2644 1003 2714 gererentur,
1026 2645 1094 2714 post

131 2730 248 2796 tergum
261 2719 390 2778 bostium
402 2717 549 2796 legionem
558 2719 753 2780 ostenderunt
763 2722 906 2798 signaque
916 2719 1092 2780 intulerunt.

101 2813 117 2861 1
132 2804 176 2866 Ne
191 2823 226 2865 eo
242 2801 361 2880 quidem
376 2805 681 2881 ternporequisquam
695 2803 762 2864 loco
777 2806 876 2871 cessit,
898 2803 950 2864 sed
965 2807 1093 2864 circum·

132 2891 212 2949 venti
232 2906 335 2948 omnes
353 2888 562 2964 interfectique
582 2897 660 2950 sunt.
702 2888 833 2949 Eandem
854 2889 1005 2948 fortunam
1027 2886 1095 2948 tulit

101 2978 118 3030 8
133 2972 359 3049 Camulogenus.
396 2975 434 3033 At
453 2974 488 3042 ii,
510 2975 561 3050 qni
575 2972 725 3053 praesidio
742 2982 846 3034 contra
861 2981 957 3033 castra
973 2970 1094 3032 Labieni

133 3057 334 3126 erantrehcti,
351 3074 419 3117 cum
431 3057 578 3135 proelium
590 3056 947 3127 commissumaudisscnt
961 3055 1093 3118 subsidio

132 3142 194 3201 suis
208 3141 254 3199 ier
255 3148 308 3201 unt
320 3139 485 3218 collemque
500 3151 652 3221 ceperunt,
669 3159 767 3220 neque
778 3151 951 3204 nostrorum
967 3139 1094 3202 militum

100 3231 117 3282 9
132 3226 277 3285 111111ιιιιι
297 3226 442 3303 impetum
457 3229 604 3289 sustinere
619 3235 801 3308 potuerunt.
823 3227 872 3288 Sic
887 3246 954 3288 cum
970 3229 1033 3288 suis
1047 3227 1094 3286 lu·

132 3307 282 3386 gientibus
296 3311 445 3386 permixti,
463 3327 537 3387 quos
552 3331 612 3373 non
634 3311 723 3373 silvae
744 3319 922 3389 montesque
942 3318 1094 3379 texerunt,

91 3398 124 3450 10
134 3393 171 3453 ab
187 3394 319 3469 equitatu
334 3403 404 3452 sunt
418 3397 575 3457 interiecti.
614 3396 677 3457 Hoc
696 3399 816 3475 negotio
836 3398 973 3457 conlecto
988 3393 1094 3456 Labie·

127 3495 188 3537 nus
202 3479 363 3538 revertitur
377 3478 568 3558 Agedincum,
586 3482 636 3542 ubi
650 3481 851 3561 inpedimenta
870 3482 963 3542 totius
979 3481 1093 3540 exerci-
