2356 3870
320 241 418 297 conii.
434 241 462 298 V.
479 241 549 298 CAP.
565 241 713 298 vill-xli.
974 243 1016 309 83

56 408 200 466 sisterent
213 418 317 479 neque
338 413 443 464 nautae
464 403 738 481 gubernatoresque
753 406 811 465 vim
826 407 887 484 pati
901 414 1013 484 tempe·

56 488 141 550 statis
160 495 300 564 possent:
326 488 427 562 itaque
448 504 484 547 ex
507 505 541 547 co
569 505 716 548 concursu
740 490 858 550 navium
878 488 1046 566 magnoni

57 588 125 633 esse
138 569 359 630 incommodum
375 576 536 649 acceptum.

119 651 169 713 XI.
193 652 246 712 His
265 652 357 713 rebus
377 655 502 730 cognitis
518 653 623 714 Caesar
643 653 776 728 legiones
796 655 1047 732 equitatumque!

58 737 194 799 revocari
214 743 302 812 atque
322 737 353 796 in
373 737 480 796 itinere
500 737 640 796 resistere
664 736 761 807 iubet,
788 739 852 816 ipse
873 739 909 799 ad
930 756 1018 799 nasos

58 819 235 886 revertitur3
253 818 355 878 eadem
370 820 448 887 iere,
466 836 540 895 quae
552 836 588 878 ex
600 821 711 880 nuntiis
725 819 893 897 litterisque
908 839 1017 898 cogno·
1032 825 1050 877 2

58 911 157 972 verat,
179 919 279 963 coram
294 904 450 980 perspicit,
474 903 516 962 sic
531 909 564 961 ut
579 904 694 962 amissis
708 905 827 963 circiter
842 926 881 964 xc
896 904 1019 964 navibus

59 986 193 1062 reliquae
212 992 312 1045 tamen
338 986 419 1045 refici
446 1003 533 1063 posse
558 1002 666 1062 magno
690 989 810 1064 negotio
835 987 1016 1048 viderentur.

59 1069 164 1145 ltaque
184 1085 220 1127 ex
240 1066 406 1145 legionibus
426 1069 527 1129 labrds
548 1068 649 1145 deligit
671 1077 700 1128 et
721 1088 756 1129 ex
772 1071 933 1131 continenti
948 1071 1051 1131 aliosi

60 1152 175 1213 accersi
193 1150 292 1218 iubet;
321 1150 450 1211 Labieno
472 1150 589 1220 scribit,
611 1161 657 1220 ut,
683 1169 769 1228 quam
789 1153 931 1232 plurimas
951 1159 1050 1232 pos-⁴

61 1243 120 1304 set,
143 1236 180 1294 iis
195 1233 375 1311 legionibus,
399 1252 474 1311 quae
489 1244 559 1295 sunt
574 1235 651 1312 apud
668 1253 750 1304 eum,
773 1254 861 1296 naves
875 1238 1018 1296 instituat.

61 1319 143 1398 lpse,
167 1319 223 1378 etsi
236 1335 286 1380 res
302 1327 365 1378 erat
379 1318 489 1378 multae
504 1335 614 1397 operae
630 1337 663 1378 ac
677 1318 801 1388 laboris,
824 1329 922 1380 tamen
939 1326 1047 1380 com-5

62 1401 266 1463 modissimum
292 1419 357 1462 esse
382 1403 499 1470 statuit,
525 1419 628 1461 omnes
649 1419 738 1464 naves
758 1402 883 1464 subduci
904 1413 1021 1464 etcum

64 1487 167 1546 castris
192 1501 251 1545 una
276 1485 441 1546 munitione
465 1486 612 1561 coniungi.
655 1485 689 1546 ln
714 1485 760 1546 his
787 1486 890 1548 rebus·
903 1490 1051 1547 circiterss

64 1568 125 1628 dies
149 1588 171 1628 x
197 1570 357 1637 consumit,
383 1587 422 1631 ne
438 1577 603 1636 ¹noctumrs
629 1569 959 1648 quidem'temporibus
985 1569 1022 1628 ad

62 1650 196 1712 laborem
215 1650 341 1712 militum
360 1653 545 1711 intermissis.
584 1650 743 1712 Subductis
764 1652 887 1713 naribus
903 1654 1048 1713 castris-t

64 1751 121 1812 que
136 1735 257 1812 egregie
270 1736 393 1795 munitis
409 1734 526 1795 easdem
543 1736 656 1814 copias,
680 1751 753 1811 quas
768 1745 850 1804 ante,
873 1735 1021 1814 praesidio

63 1817 187 1879 navibus
206 1816 341 1900 reliquit,
363 1819 427 1896 ipse
449 1817 569 1886 eodem,
596 1818 676 1877 unde
695 1817 839 1886 redierat,
860 1820 1021 1896 proficisci·

64 1911 121 1962 tur.
146 1901 189 1961 llo
201 1918 269 1961 cum
280 1902 425 1969 venisset,
442 1903 569 1961 maiores
583 1903 641 1961 iam
658 1901 787 1977 undique
801 1904 832 1960 in
845 1920 913 1961 eum
923 1901 1022 1962 locum
1039 1903 1054 1955 8

65 1985 167 2062 copiae
181 1984 391 2044 Britannorum
413 1994 613 2045 convenerant
633 2002 747 2044 summa
760 1987 879 2064 imperii
893 1984 1023 2062 bellique

64 2067 290 2129 administrandi
311 2068 459 2128 communi
480 2066 603 2127 consilio
624 2069 768 2145 permissa
789 2069 1020 2135 Cassiuellauno:

65 2152 150 2212 cuius
170 2151 245 2211 fines
264 2169 280 2210 a
301 2152 456 2211 maritimis
477 2149 644 2211 civitatibus
663 2151 775 2212 flumen
803 2152 916 2222 dividit,
944 2151 1023 2229 quod

64 2233 233 2312 appellatur
246 2233 394 2302 Tamesis,
416 2235 522 2294 amari
542 2235 661 2296 circiter
681 2235 760 2295 milia
774 2253 916 2313 passuum
930 2255 1021 2295 cxxx.

65 2318 141 2378 Huic
156 2318 311 2395 superiore
325 2326 461 2395 tempore
476 2336 544 2377 cum
558 2316 680 2393 reliquis
692 2317 857 2379 civitatibus
869 2321 1009 2378 contincn
1040 2317 1056 2370 i

65 2404 105 2462 tia
120 2399 199 2461 bella
212 2401 457 2468 intercesserant;
479 2401 531 2460 sed
551 2410 655 2460 nostro
676 2400 801 2461 adventu
817 2403 943 2479 permoti
959 2402 1022 2461 Bri·

65 2485 148 2546 tanni
162 2483 243 2544 hunc
257 2486 313 2543 toti
326 2482 404 2543 bello
419 2485 605 2562 imperioque
619 2485 833 2562 praefecerant,

128 2565 192 2628 XII.
216 2567 385 2628 Britanniae
410 2585 479 2645 pars
504 2569 628 2626 interior
649 2567 742 2628 abiis
768 2567 923 2635 incolitur,
950 2575 1050 2645 quosl

65 2659 153 2714 natos
167 2651 198 2711 in
212 2651 309 2712 insula
322 2651 379 2729 ipsi
398 2652 540 2711 memoria
559 2651 709 2729 proditum
730 2650 846 2720 dicunt,
869 2653 1052 2711 maritumas

65 2754 136 2816 pars
151 2733 253 2804 abile,
270 2735 321 2811 qui
334 2733 462 2812 praedae
478 2732 527 2814 [ac
541 2733 612 2794 belli
624 2733 788 2813 inferendi]
805 2753 892 2795 causa
909 2752 945 2793 ex
955 2735 1022 2794 Bel·

66 2821 115 2897 gio
129 2819 310 2879 transierant
326 2849 360 2860 -
380 2820 431 2894 qui
445 2836 548 2878 omnes
563 2819 626 2878 iere
640 2818 676 2877 iis
691 2817 860 2877 nominibus
876 2819 1024 2876 civitatum

65 2901 270 2981 appellantur,
292 2899 400 2978 quibus
415 2903 473 2961 orti
488 2919 524 2960 ex
539 2900 703 2961 civitatibus
718 2919 753 2960 eo
768 2910 970 2980 pervenerunt
986 2933 1021 2944 -

66 2993 97 3047 et
111 2984 192 3046 bello
206 2984 297 3045 inlato
310 2983 353 3044 ibi
365 2994 595 3063 permanserunt
606 2993 694 3060 atque
705 3001 791 3061 agros
804 2984 902 3044 colere
917 3002 1028 3063 coepe·-

65 3078 149 3131 runt.
173 3067 332 3128 Hominum
345 3078 389 3129 est
399 3069 511 3128 infinita
523 3067 680 3128 multitudo
693 3068 933 3144 creberrimaque
945 3069 1024 3128 aedi·
1037 3075 1053 3123 ³

65 3153 133 3215 licia
148 3153 213 3212 iero
227 3151 344 3213 Gallicis
364 3151 543 3220 consimilia,
563 3169 706 3230 pecorum
726 3169 850 3229 magnus
870 3169 1022 3212 numerus.

65 3237 200 3300 Utuntur
207 3245 334 3297 autaere
341 3234 533 3316 [autuummo
544 3233 650 3314 aureo]
659 3244 709 3296 aut
715 3235 799 3296 taleis
805 3237 911 3313 ferreis
918 3234 954 3296 ad
962 3253 1025 3295 cer·
1037 3243 1052 3289 a

65 3332 134 3380 tum
144 3319 263 3398 pondus
275 3321 445 3380 examinatis
457 3337 513 3398 pro
525 3337 655 3378 nummo.
673 3318 809 3380 Nascitur
819 3318 861 3378 lbi
871 3317 1024 3396 plumbum
1037 3326 1052 3373 5

66 3403 170 3465 album
184 3405 215 3463 in
229 3403 452 3464 mediterraneis
467 3401 651 3480 regionibus,
672 3404 703 3462 in
722 3403 885 3463 maritumis
900 3403 1022 3468 ferrum,

66 3487 122 3550 sed
133 3489 200 3548 eius
212 3489 314 3566 exigua
324 3495 373 3549 est
386 3488 484 3555 conia:
501 3504 570 3547 aere
578 3496 703 3547 utuntur
714 3487 882 3564 importato.
904 3485 1024 3545 Materia

813 3569 858 3629 ps
