2356 3870
329 187 429 246 toltit
446 189 499 245 1111.
515 190 586 246 CAP.
602 189 742 246 lll-Vlll.
980 193 1021 256 63

55 358 131 416 tiare
153 358 270 429 cogant
314 351 367 413 His
386 353 477 415 rebus
499 361 587 430 atque
613 352 812 415 auditionibus
836 358 965 433 permoti
985 356 1053 417 det

54 437 182 500 summis
197 453 287 514 saepe
301 435 392 497 rebus
409 437 530 498 consilia
544 439 657 507 ineunt,
676 454 804 515 quorum
820 456 872 500 eos
884 441 915 500 in
925 443 1019 518 ‘vesti-

55 526 103 599 gio
124 521 281 599 paenitere
300 537 423 581 necesse
445 529 505 591 est,
532 538 600 581 cum
621 523 744 582 incertis
763 522 936 584 rumoribus
956 542 1019 584 ser·

55 608 136 666 uiant
158 609 191 665 et
204 603 342 682 plerique
357 604 393 665 ad
409 604 588 666 voluntatem
609 623 713 666 eorum
727 607 794 666 licta
808 607 1019 685 respondeant.

119 686 168 748 v1.
185 687 251 758 Qua
263 689 478 750 consuetudine
493 690 610 766 cognita
621 688 738 759 Caesar,
754 707 793 768 ne
805 692 932 768 graviori
943 689 1021 751 bello
1037 698 1051 748 1

56 778 242 841 occurreret,
258 773 413 842 maturius,
430 789 519 849 quam
534 780 702 842 consuerat,
718 773 755 834 ad
770 775 934 836 exercitum
949 792 1020 854 pro·

55 857 210 916 licisdtur.
237 854 281 916 Eo
296 872 365 917 cum
379 858 517 926 venisset,
535 873 578 925 ea,
595 873 670 933 quae
684 858 750 918 iore
765 858 932 936 suspicatus
947 865 1019 927 erat,
1035 867 1052 917 2

55 941 134 1000 iacta
149 940 301 1016 cognovit:
326 942 431 1000 missas
451 940 613 1019 legationes
634 940 670 1000 ab
691 940 841 1002 nonnullis
856 940 1054 1001 civitatibus3

56 1023 92 1084 ad
108 1022 275 1083 Germanos
289 1023 487 1100 invitatusque
503 1042 571 1092 eos,
592 1025 636 1083 uti
651 1023 687 1084 ab
701 1023 807 1085 Rheno
823 1024 1019 1094 discederent,

55 1108 226 1182 omniaque,
243 1122 319 1182 quae
333 1106 543 1184 postulassent,
560 1105 596 1167 ab
612 1125 644 1166 se
659 1109 724 1169 iore
738 1116 849 1186 parata.
888 1108 952 1180 Qua
967 1126 1021 1186 spe
1035 1117 1052 1165 4

56 1189 178 1251 adducti
193 1189 333 1249 Germani
349 1187 437 1270 [iam]
458 1190 545 1251 latius
559 1189 741 1268 vagabantur
762 1199 792 1251 et
805 1194 836 1252 in
851 1192 925 1252 lines
940 1191 1019 1253 Ebu-

56 1291 167 1335 ronum
187 1279 217 1333 et
237 1271 475 1344 Condrusorum,
503 1276 553 1350 qui
574 1281 643 1335 sunt
662 1274 861 1337 Treverorum
886 1274 1018 1342 clientes,

57 1364 266 1436 pervenerant
289 1357 477 1435 Principibus
492 1356 603 1418 Galliae
620 1360 746 1418 evocatis
762 1358 870 1420 Caesar
886 1376 928 1429 ea,
946 1374 1021 1434 quae
1036 1363 1053 1414 d

58 1445 251 1518 cognoverat,
274 1439 484 1502 dissimulanda
498 1440 557 1501 sibi
578 1443 753 1502 existimavit
774 1459 936 1518 eorumque
957 1443 1019 1501 ani·

58 1526 114 1587 mis
133 1522 294 1603 permulsis
315 1530 345 1584 et
371 1525 551 1585 confirmatis
578 1527 771 1603 equitatuque
789 1527 935 1604 imperato
957 1524 1020 1585 bel·

58 1609 120 1668 lum
135 1625 204 1668 cum
220 1605 375 1668 Germanis
389 1625 496 1686 gerere
511 1610 671 1669 constituit.

121 1691 182 1752 Vll.
205 1690 249 1751 lie
270 1692 464 1752 frumentaria
486 1700 655 1771 comparata
675 1691 885 1769 equitibusque
901 1689 1023 1752 delectis
1040 1697 1051 1747 1

58 1778 116 1836 iter
131 1776 163 1836 in
180 1793 214 1834 ea
228 1773 292 1835 loca
306 1775 405 1835 iacere
421 1777 532 1854 coepit,
556 1775 663 1852 quibus
677 1777 708 1835 in
728 1774 802 1835 locis
817 1792 883 1835 esse
898 1773 1019 1835 Germa·

57 1878 113 1919 nos
129 1855 277 1919 audiebat
310 1858 457 1934 dquibus
473 1877 540 1920 cum
555 1876 719 1937 paucorum
734 1857 850 1918 dierum
863 1859 921 1918 iter
936 1856 1021 1919 ahes-
1037 1866 1054 1914 2

57 1950 113 2011 set,
129 1941 220 2018 legati
235 1940 271 2002 ab
286 1939 332 2002 his
347 1950 501 2012 venerunt,
516 1959 644 2020 quorum
658 1941 731 2002 haec
745 1943 802 2002 init
816 1943 925 2001 oratio:
948 1940 1021 2001 Ger·
1037 1947 1054 1998 3

57 2043 163 2087 manos
188 2041 287 2101 neque
315 2026 432 2103 priores
460 2026 570 2105 populo
596 2025 728 2086 Romano
759 2024 871 2090 belluim
898 2025 1020 2092 inlerre,

57 2126 157 2186 neque
172 2116 272 2169 umen
287 2126 442 2177 recusare,
459 2111 485 2169 si
499 2109 691 2179 lacessantur,
709 2110 780 2186 quin
795 2110 884 2170 armis
900 2116 1020 2169 conten·

57 2194 146 2262 dant,
170 2191 250 2268 quod
272 2192 489 2255 Germanorum
504 2193 686 2255 consuetudo
708 2189 810 2273 [haec]
832 2194 871 2254 sit
891 2209 906 2251 a
929 2195 1020 2253 maio-

57 2277 143 2337 ribus
165 2274 287 2344 tradita,
309 2277 489 2352 quicumque
509 2276 621 2337 bellum
641 2277 783 2345 inierant,
804 2277 945 2337 resistere
968 2293 1020 2335 ne·

58 2378 117 2438 que
139 2359 306 2437 deprecari.
338 2359 417 2421 Haec
436 2368 535 2420 tamen
550 2360 665 2428 dicere,
681 2361 796 2421 venisse
816 2361 938 2427 invitos,
962 2360 1053 2418 eie-4

58 2453 124 2505 ctos
140 2443 245 2510 domo;
261 2444 286 2503 si
301 2460 385 2503 suam
399 2445 523 2520 gratiam
534 2443 658 2504 Romani
668 2442 767 2512 velint,
783 2461 872 2521 posse
886 2445 923 2501 iis
934 2441 1021 2501 utiles

58 2546 126 2590 esse
142 2528 270 2594 amicos;
293 2527 339 2587 vel
360 2525 417 2587 sibi
437 2544 524 2604 agros
544 2527 715 2588 adtribuant
732 2525 779 2586 vel
798 2527 949 2604 patiantur
970 2541 1021 2585 eos

57 2620 181 2680 tenere,
205 2627 279 2687 quos
294 2611 384 2672 armis
398 2610 600 2690 possederint:
624 2629 690 2672 sese
711 2611 777 2671 unis
793 2609 900 2670 Suebis
916 2625 1021 2668 conce·
1036 2613 1053 2662 t

57 2696 146 2765 dere,
170 2693 278 2770 quibus
295 2713 334 2755 ne
355 2694 395 2755 dii
417 2695 537 2772 quidem
556 2693 738 2756 immortales
756 2711 844 2772 pares
866 2711 932 2753 esse
951 2710 1020 2769 pos·

58 2786 141 2846 sent;
158 2776 310 2854 reliquum
325 2778 445 2856 quidem
454 2781 486 2839 in
500 2779 590 2839 terris
607 2797 671 2839 esse
685 2779 844 2846 neminem,
859 2793 947 2852 quem
961 2792 1021 2834 non

58 2879 206 2942 superare
219 2863 344 2941 possint.
522 2914 539 2923 -

123 2945 198 3006 vlit·
222 2945 266 3007 td
280 2944 362 3014 haec,
379 2962 455 3022 quae
468 2947 564 3006 visum
580 2952 639 3014 est,
656 2943 763 3005 Caesar
777 2942 945 3022 respondit;
970 2941 1021 3002 sed
1039 2948 1049 2997 1

57 3032 159 3092 exitus
173 3030 232 3090 init
245 3030 400 3090 orationis:
424 3028 487 3090 Sibi
501 3028 612 3090 nullam
633 3047 701 3088 cum
716 3027 762 3088 bis
783 3029 940 3088 amicitiam
956 3045 1021 3087 esse

56 3131 164 3196 posse,
187 3113 264 3174 siin
284 3111 376 3173 Gallia
395 3121 599 3181 remanerent;
622 3128 721 3190 neque
740 3130 845 3172 verum
866 3129 948 3180 esse,
971 3113 1021 3186 qui

56 3217 131 3262 suos
145 3198 222 3258 fines
238 3198 318 3257 tueri
337 3213 398 3257 non
417 3198 585 3275 potuerint,
607 3195 720 3257 alienos
740 3213 901 3276 occupare;
924 3202 1052 3270 nequet

56 3285 137 3346 ullos
156 3283 191 3342 in
211 3280 303 3343 Galba
321 3297 426 3342 vacare
447 3298 548 3359 agros,
576 3281 627 3358 qui
646 3280 710 3341 dari
729 3287 826 3341 tenue
846 3279 1021 3359 praesertim

56 3365 244 3430 multitudini
259 3366 323 3426 sine
342 3366 450 3427 iniuria
470 3366 599 3444 possint:
624 3364 679 3425 sed
696 3363 803 3435 licere,
825 3365 851 3424 si
866 3363 970 3431 velint,
992 3363 1022 3420 in
1038 3367 1055 3418 3

56 3453 207 3515 Ubiorum
222 3447 330 3512 finibus
345 3450 516 3520 considere,
533 3466 660 3526 quorum
675 3450 735 3510 sint
748 3448 837 3526 legati
852 3445 930 3526 apud
945 3464 977 3506 se
993 3452 1024 3504 et
