2356 3870
222 193 225 198 ⁴
322 229 424 290 conor.
441 231 504 288 viu.
527 231 598 288 car.
622 231 748 288 u-uv.
957 226 1019 292 193

57 397 168 460 invidia
183 395 352 476 quaerebat,
368 403 489 457 sanatus
502 397 643 476 frequens
657 397 689 456 in
704 395 761 457 alia
776 399 876 457 omnia
890 398 1019 460 transiit.

57 482 171 552 Quibus
185 498 243 541 non
258 478 473 557 frangebantur
487 481 578 540 animi
593 481 781 540 inimicorum
798 481 947 551 Caesaris,
968 482 1046 543 sede

57 564 305 632 admonebantur,
322 581 379 642 quo
395 562 520 624 maiores
534 570 675 642 pararent
689 566 894 635 necessitates,
911 563 1019 644 quibus

56 650 122 726 cogi
136 657 236 728 posset
252 653 370 708 senatus
385 645 415 706 id
431 646 570 725 probare,
587 644 665 726 quod
680 648 738 726 ipsi
753 651 986 709 constituissent.

119 731 208 792 Lllll.
232 731 282 792 uu
296 730 402 791 deinde
413 730 712 800 senatusconsultum,
727 739 761 792 ut
775 728 811 792 ad
823 731 933 793 bellum
949 732 1019 792 Par·
1033 742 1046 789 1

56 816 170 876 thicum
185 814 263 892 legio
276 832 333 874 una
349 814 428 875 aCn.
442 815 592 894 Pompeio,
609 813 699 874 altera
714 814 771 875 aC.
785 815 908 876 Caesare
921 817 1019 876 mitte·

57 907 154 968 retur;
171 916 265 978 neque
276 896 402 958 obscure
415 897 489 959 duae
501 898 633 975 legiones
643 898 695 958 uni
707 898 912 960 detrahuntur.
946 898 1047 959 Namu

57 983 110 1044 Cn.
122 983 281 1062 Pompeius
292 980 439 1058 legionem
453 983 594 1060 primam,
611 998 699 1060 quam
715 980 751 1042 ad
762 982 919 1044 Caesarem
930 985 1019 1042 mise·

56 1075 103 1128 rat
115 1066 279 1126 confectam
290 1083 325 1125 ex
337 1065 454 1126 delectu
462 1067 630 1145 provinciae
639 1065 781 1135 Caesario,
794 1083 859 1126 eam
870 1075 1020 1145 tamquam

58 1169 93 1211 ex
113 1169 167 1211 suo
187 1167 312 1210 numero
332 1147 424 1210 dedit.
461 1149 567 1210 Caesar
588 1157 700 1219 tamem
725 1166 793 1210 cum
813 1149 849 1211 de
871 1150 1047 1211 voluntates

57 1236 178 1294 minime
194 1231 318 1292 dubium
333 1239 411 1294 esset
426 1232 663 1293 adversariorum
675 1250 805 1302 suorum,
822 1233 963 1312 Pompeio
977 1233 1019 1294 le·

58 1319 174 1395 gioncm
190 1319 305 1377 remisit
320 1323 350 1376 et
364 1333 418 1376 suo
432 1318 552 1377 nomine
568 1318 701 1397 quintam
717 1316 870 1387 decimam,
886 1336 974 1397 quam
989 1317 1019 1377 in

58 1399 150 1461 Gallia
166 1402 305 1462 citeriore
320 1399 482 1471 habuerat,
504 1418 541 1461 ex
556 1400 810 1461 senatusconsulto
831 1400 916 1462 iubet
928 1400 1018 1462 tradi.
1104 1444 1107 1459 .

57 1485 91 1544 ln
107 1487 172 1543 eius
187 1484 285 1544 locum
301 1484 417 1544 tertiam
433 1484 576 1544 decimam
587 1484 735 1562 legionem
748 1486 779 1545 iu
794 1484 906 1546 ltaliam
917 1486 1019 1554 mittit,

57 1586 131 1648 quae
142 1568 288 1645 praesidia
299 1574 445 1637 tueretur,
458 1586 494 1628 ex
506 1566 613 1648 quibus
624 1567 781 1646 praesidiis
792 1569 893 1648 quinta
905 1569 1021 1629 decima

57 1650 269 1712 deducebatur.
296 1651 361 1729 lpse
376 1653 521 1712 exercitui
537 1650 689 1711 distribuit
703 1651 842 1712 hiberna:
859 1652 890 1712 C.
906 1651 1046 1712 'hebo-s

59 1738 142 1795 nium
153 1751 219 1794 cunr
231 1734 398 1810 legionibus
409 1754 460 1795 1111
471 1735 501 1794 in
513 1733 616 1811 belgio
629 1733 759 1805 collocat,
773 1736 805 1796 C.
816 1734 940 1796 Fabium
953 1753 1020 1795 cum

57 1817 179 1878 totidem
196 1820 228 1877 in
242 1816 360 1879 Aeduos
377 1819 505 1879 deducit.
543 1818 591 1879 Sic
606 1819 685 1878 enirn
703 1818 890 1879 existimabat
903 1820 1047 1879 tutiori-o

57 1920 135 1962 mam
146 1900 350 1970 ioreGalliam,
362 1902 512 1979 siBelgae,
524 1919 649 1982 quorum
662 1905 788 1963 maxima
800 1905 903 1973 virtus,
916 1901 1019 1971 Aedui,

57 2002 183 2064 quorum
194 1987 353 2046 auctoritas
362 2003 476 2046 summa
487 1993 575 2056 esset,
589 1985 772 2047 exercitibus
785 1987 1019 2047 continerentur.

57 2068 122 2147 lpse
137 2071 168 2127 in
184 2068 295 2129 ltaliam
311 2071 462 2148 proiectus
477 2077 532 2131 est

121 2150 177 2212 LV.
207 2150 270 2222 Quo
292 2170 360 2213 oum
379 2155 524 2223 venisset,
545 2154 712 2231 cognoscit,
731 2172 785 2233 per
800 2154 832 2215 C.
848 2153 1046 2215 blarcelluml

58 2235 207 2296 consulem
228 2233 361 2313 legiones
383 2236 456 2297 duas
477 2235 514 2297 ab
528 2254 561 2296 so
575 2239 724 2307 remissas,
745 2255 821 2317 quae
836 2257 872 2298 ex
888 2246 1020 2299 senatus-

58 2319 191 2379 consulto
208 2317 351 2380 deberent
365 2319 401 2381 ad
415 2320 586 2383 Parthicum
598 2320 708 2381 bellum
721 2320 798 2391 duci,
816 2321 868 2383 Cn.
879 2321 1021 2402 Pompeio

57 2401 180 2462 traditas
196 2411 284 2482 atque
297 2405 328 2462 in
340 2403 423 2464 ltalia
435 2411 567 2465 retentas
579 2422 655 2464 esse.
677 2404 740 2465 lioc
754 2405 834 2466 tacto
844 2422 1020 2486 quamquam
1032 2411 1048 2459 2

57 2484 129 2546 nulli
151 2494 215 2546 erat
235 2483 372 2554 dubium,
394 2487 534 2565 quidnam
556 2495 658 2549 contra
678 2487 832 2549 Caesarem
853 2496 1019 2567 pararetur,

58 2580 156 2629 tamen
171 2569 278 2630 Caesar
294 2573 391 2632 omnia
407 2570 545 2649 patienda
560 2589 624 2632 esse
640 2572 750 2641 statuit,
770 2572 865 2651 quoad
879 2571 937 2632 sibi
952 2588 1020 2651 spes

58 2653 154 2732 aliqua
170 2652 389 2733 relinqueretur
400 2657 465 2715 iure
476 2657 576 2732 potius
589 2655 771 2734 disceptandi
786 2673 873 2735 quam
885 2652 956 2717 belli
968 2673 1019 2734 ge·

58 2736 150 2795 rendi.
188 2737 353 2797 Contendit.
373 2785 379 2796 .
396 2783 428 2797 ..

95 3598 119 3635 0·
131 3600 185 3637 wls.
198 3599 308 3636 CAESAR.
