2356 3870
434 221 510 296 cnr.
525 223 711 279 vni-xm.
1015 218 1059 282 49
1127 210 1165 307 'q

92 371 179 435 caelo
203 371 322 432 albente
346 390 415 432 cum
437 372 590 450 proficisci
612 379 789 442 conaretur,
813 372 913 434 subito
935 375 1058 433 navium

92 476 179 538 pars,
210 455 246 516 de
269 474 327 534 qua
346 455 488 524 timebat,
512 474 549 517 ex
577 474 680 517 errore
704 457 810 518 eodem
832 457 1057 518 conserebatur.

92 542 155 602 Hac
189 559 222 601 re
257 541 377 617 cognita
399 540 507 601 Caesar
537 540 679 601 celeriter
708 541 744 602 de
773 540 900 602 navibus
929 544 1095 620 imperate

94 642 198 686 omnes
221 623 325 701 egredi
347 631 437 702 atque
461 627 493 684 iu
515 624 604 686 litore
627 632 759 685 armatos
780 626 913 704 reliquos
937 625 1057 686 adveni·

93 711 175 770 eutis
196 709 309 768 milites
332 716 502 786 expectare.
547 708 649 788 ltaque
672 711 738 770 siue
759 727 844 770 mora
865 709 993 770 navibus
1014 711 1059 770 eis
1078 720 1097 769 8

94 797 128 853 in
153 799 275 871 portum
307 796 440 871 receptis
473 800 504 854 et
536 793 667 854 advectis
700 792 831 853 militum
864 796 1060 873 equitumque

93 878 191 955 copiis
217 893 324 936 rursus
352 876 389 937 ad
416 877 560 956 oppidum
581 878 746 956 Ruspinam
779 876 858 938 redit
883 885 980 955 ⁴atque
1014 876 1060 938 ihi

92 961 205 1022 castris
227 962 400 1021 constitutis
423 963 488 1039 ipse
511 980 580 1021 cum
603 960 780 1022 cohortibus
807 961 955 1039 expeditis
984 973 1061 1021 xxx

95 1047 313 1104 frumentatum
336 1053 381 1105 est
402 1047 567 1125 profectus.
618 1046 663 1106 Ex
685 1064 720 1106 eo
742 1051 789 1105 est
811 1048 965 1123 cognitum
986 1045 1098 1106 Cae-t

92 1131 172 1188 saris
203 1128 377 1198 consilium,
410 1129 496 1189 illum
525 1148 594 1190 cum
623 1130 718 1191 classe
747 1129 873 1190 navibus
901 1131 1059 1199 onerariis,

93 1230 174 1291 quae
197 1212 401 1282 deerrassent,
431 1213 567 1274 subsidio
589 1216 634 1274 ire
658 1213 735 1275 clam
757 1212 897 1273 hostibus
918 1213 1059 1282 voluisse,

94 1315 134 1356 ne
157 1313 228 1357 casu
250 1297 448 1375 inprudentes
475 1315 546 1357 suae
570 1315 659 1358 naves
676 1299 709 1357 in
725 1297 851 1358 classem
874 1296 1059 1357 adversario-

92 1398 164 1442 rum
187 1379 364 1448 inciderent,
387 1399 484 1460 neque
508 1399 573 1441 eam
593 1398 660 1441 rem
683 1399 734 1442 eos
749 1381 878 1442 voluisse
894 1382 984 1451 scire,
1007 1383 1060 1460 qui

94 1467 128 1525 in
150 1464 311 1542 praesidiis
333 1463 432 1524 relicti
454 1466 501 1524 sui
523 1464 637 1525 milites
658 1465 797 1530 luissent.
821 1483 860 1526 ue
882 1464 913 1524 hi
936 1475 1061 1544 propter

94 1566 219 1610 suorum
241 1550 423 1626 paucitatem
451 1555 481 1608 et
503 1548 635 1609 hostium
656 1547 881 1609 multitudinem
903 1558 986 1609 metu
1008 1548 1060 1609 de·

93 1633 232 1693 licerent.

158 1715 224 1775 Xll.
269 1716 410 1787 Interim,
440 1735 509 1778 cnm
532 1718 591 1779 iam
613 1717 721 1778 Caesar
742 1734 920 1794 progressus
943 1724 1021 1778 esset
1043 1735 1060 1776 a
1081 1731 1096 1780 1

94 1802 203 1861 castris
225 1801 349 1861 circiter
370 1799 454 1861 milia
476 1817 616 1880 passuum
638 1814 695 1871 111,
723 1818 779 1879 per
801 1801 1004 1878 speculatores
1030 1808 1061 1860 et

96 1891 304 1946 antecessores
326 1887 442 1964 equites
464 1887 619 1945 nuntiatur
641 1886 685 1954 ei,
709 1886 811 1962 copias
833 1884 964 1946 hostium
980 1883 1061 1943 haud

95 1969 185 2047 longe
208 1967 246 2028 ah
269 1987 335 2031 sese
357 1971 445 2029 visas.
490 1967 529 2029 Et
551 1967 674 2029 hercule
697 1986 766 2029 cum
788 1985 825 2028 eo
839 1970 946 2029 nuntio
963 1967 1060 2046 pulvis

96 2055 205 2130 ingens
232 2055 367 2131 conspici
396 2060 518 2131 coeptus
547 2059 602 2113 est.
651 2051 714 2114 llac
741 2070 775 2113 re
803 2053 923 2131 cognita
951 2052 1098 2115 Caesare

95 2137 238 2198 celeriter
253 2137 337 2197 iubet
349 2138 516 2216 equitatum
527 2139 710 2206 uuiversum,
727 2138 815 2197 cuius
827 2139 944 2215 copiam
955 2136 1061 2196 habuit

97 2224 130 2281 in
145 2223 316 2299 praesentia
331 2239 391 2280 non
413 2238 560 2298 magnam,
584 2228 615 2281 et
637 2223 817 2300 sagittarios,
841 2239 968 2299 quorum
991 2238 1060 2299 par·

97 2322 315 2375 vusnumerus,
340 2316 376 2365 ex
398 2306 504 2366 castris
525 2307 676 2374 arcessiri,
695 2312 783 2384 atque
799 2303 961 2367 ordinatim
976 2307 1061 2383 signa

95 2407 130 2449 se
152 2389 261 2449 leniter
283 2391 441 2467 consequi;
465 2391 530 2467 ipse
552 2388 731 2450 antecedere
754 2406 823 2448 cum
845 2384 949 2467 paucis
963 2407 1061 2448 arma·

96 2473 145 2533 tis.
190 2472 310 2552 lamque
333 2491 402 2533 cum
424 2472 529 2551 procul
551 2471 647 2533 hostis
668 2474 801 2550 conspici
816 2479 926 2550 posset,
949 2471 1099 2532 militesc

96 2560 132 2617 in
153 2575 258 2635 campo
281 2555 366 2617 iubet
387 2557 500 2633 galeari
516 2555 598 2631 etad
613 2574 679 2618 cam
693 2574 825 2637 pugnarn
846 2558 963 2636 parari;
986 2572 1061 2635 quo·

99 2659 168 2703 rum
184 2659 328 2702 numerus
348 2643 406 2702 luit
420 2653 496 2700 xxx
512 2641 682 2702 cohortium
705 2660 774 2703 cum
789 2639 942 2720 equitibus
963 2650 1060 2708 cccc,

94 2728 263 2802 sagittariis
286 2737 339 2784 cn.

161 2805 241 2867 Xlll.
286 2807 394 2871 llostes
415 2811 559 2879 interim,
588 2826 717 2888 quorum
739 2807 799 2868 dux
821 2815 886 2868 erat
908 2806 1061 2867 Labienus
1081 2812 1097 2862 t

96 2901 128 2954 et
158 2891 218 2951 duo
245 2890 375 2961 Pacidii,
409 2895 506 2954 aciem
539 2892 675 2970 dirigunt
706 2890 839 2952 mirabili
873 2889 1061 2968 longitudine

98 2994 159 3038 nou
187 2975 337 3054 peditum,
372 2975 425 3036 sed
459 2977 594 3054 equitum
621 2975 803 3043 conlectam,
838 2982 868 3036 et
901 2976 982 3035 inter
1008 2991 1061 3035 eos

98 3061 174 3121 levis
197 3067 366 3120 armaturae
388 3058 532 3120 Numidas
554 3066 585 3119 et
606 3060 777 3136 sagittarios
795 3057 912 3138 pedites
926 3060 1061 3137 interpo-

99 3153 223 3205 suerant
250 3152 281 3223 et
308 3145 349 3204 ita
386 3142 653 3212 condensaverant,
687 3151 721 3204 ut
753 3143 859 3223 procul
888 3143 1061 3219 Caesariani

99 3229 255 3308 pedestres
277 3230 379 3307 copias
408 3226 646 3296 arbitrarentur;
674 3226 813 3289 dextrum
841 3245 876 3288 ac
903 3229 1060 3305 sinistrum

97 3330 196 3373 cornu
228 3315 344 3390 magnis
377 3314 511 3393 equitum
545 3312 642 3390 copiis
674 3311 875 3373 firmaverant.
935 3312 1097 3373 lnterim2

97 3396 209 3457 Caesar
243 3401 336 3458 aciem
371 3395 473 3474 dirigit
505 3396 695 3474 simplicem,¹
721 3403 755 3456 ut
786 3402 905 3474 poterat
936 3402 1061 3474 propter

97 3482 297 3558 paucitatem
327 3482 499 3558 sagittarios
527 3488 605 3542 ante.
618 3482 718 3544 aciem
738 3481 931 3555 constituit„
955 3478 1087 3553 equtes

145 3594 162 3623 σ,
177 3594 224 3623 ron.
239 3591 333 3624 oanan.
361 3595 394 3627 ιη,
865 3580 886 3627 ⁵2
