2356 3870
390 177 467 235 CAP.
481 177 769 237 XXXIII-XXXVI.
1018 173 1059 239 21

92 346 131 389 ex
154 326 363 390 tumultuariis
385 328 535 390 militibus
545 330 577 389 in
589 328 684 390 Ponto
706 331 845 391 conlecta
867 335 940 398 erat,
964 329 1059 401 Quin·

91 420 219 491 tumque
248 412 394 474 Patisium
422 416 454 474 in
482 413 617 475 Ciliciam
650 413 688 474 ad
720 414 832 475 auxilia
866 414 1058 475 accersenda.

92 496 178 568 Quae
210 498 314 576 copiae
347 498 490 560 celeriter
526 515 630 559 omnes
664 500 749 559 iussu
777 497 903 559 Domitii
929 497 1060 561 Comana

92 589 310 643 convenerunt.

158 663 272 726 XXXV.
322 665 448 728 lnterim
470 666 562 744 legati
588 685 605 728 a
626 666 780 729 Pharnace
808 685 951 747 responsa
979 668 1094 728 rese-1

92 756 181 811 runt:
233 749 417 830 Cappadocia
446 769 477 811 se
500 751 682 820 decessisse,
711 752 883 812 Armeniam
910 753 1060 812 minorem

91 835 258 912 recepisse,
281 852 371 913 quarn
393 842 519 914 paterno
541 837 663 896 nomine
683 836 750 896 iure
767 835 903 896 obtinere
919 833 1059 896 deberet.

92 917 231 996 Denique
260 921 326 979 eins
355 921 442 996 regni
470 937 559 980 causa
590 922 708 996 integra
731 920 850 981 Caesari
873 927 1058 979 servaretur:

92 1010 232 1080 paratum
255 1005 391 1064 enimse
415 1005 524 1073 iacere,
548 1003 629 1082 quod
651 1005 677 1064 is
698 1005 861 1067 statuisset.
910 1001 1094 1064 bomitiusa

92 1104 164 1147 cum
193 1086 460 1157 animadverteret,
488 1106 557 1148 eum
585 1087 772 1166 Cappadocia
800 1087 965 1149 decessisse
997 1103 1058 1147 non

91 1169 246 1231 voluntate
269 1170 449 1241 adductum,
471 1171 525 1232 sed
546 1174 737 1241 necessitate,
761 1171 839 1251 qriod
862 1171 982 1233 facilius
1003 1173 1058 1232 Ar·

92 1256 226 1315 meniam
249 1255 413 1316 defendere
434 1262 537 1335 posset
565 1254 732 1316 subiectam
762 1272 855 1333 regno
886 1274 940 1316 suo
969 1272 1058 1332 quam

93 1337 312 1416 Cappadociam
340 1340 461 1415 lougius
490 1346 651 1408 remotam,
685 1339 826 1418 qirodque
859 1356 963 1400 omnes
995 1346 1059 1398 tres

93 1420 230 1498 legiones
243 1421 444 1482 adducturum
457 1421 622 1483 Domitium
631 1429 781 1501 putasset;
806 1441 841 1482 ex
864 1421 974 1502 quibus
988 1439 1058 1483 cum

93 1505 169 1573 duas
192 1504 228 1565 ad
251 1505 408 1567 Caesarem
429 1507 537 1566 missas
559 1505 706 1576 audisset,
736 1506 877 1567 audacius
900 1509 932 1566 in
954 1508 1057 1568 Arme·

92 1591 146 1650 nia
168 1588 357 1658 substitisse,
380 1607 575 1669 perseverare
598 1593 708 1668 coepit,
730 1597 766 1651 ut
780 1609 815 1650 eo
831 1608 948 1669 qnoque
964 1607 1057 1668 regno

93 1673 271 1734 decederet:-
313 1692 410 1753 neque
449 1675 530 1734 enim
570 1673 652 1734 aliud
680 1675 728 1733 ius
761 1691 826 1734 esse
855 1673 1058 1752 Cappadociae

94 1765 185 1837 atque
207 1759 381 1827 Armeniae,
406 1776 463 1819 uec
486 1760 564 1817 iuste
586 1775 655 1818 eurn
678 1756 844 1835 postulare,
875 1758 962 1816 utin
986 1758 1057 1818 Cae·

94 1843 173 1903 saris
199 1841 359 1903 adventum
381 1860 430 1903 res
452 1843 570 1919 integra
593 1840 781 1902 differretur:
815 1841 846 1900 id
880 1842 961 1901 enim
991 1859 1057 1902 esse

93 1929 263 2002 integrum,
293 1925 373 2004 quod
400 1928 442 1986 ita
471 1932 566 1996 esset,
595 1932 629 1985 ut
656 1926 771 1985 luisset.
821 1925 876 1986 llis
903 1927 1092 2003 responsiss

93 2009 172 2070 datis
196 2028 264 2070 cum
286 2012 325 2071 iis
349 2011 454 2088 copiis,
478 2027 552 2088 quas
574 2026 665 2088 snpra
687 2011 812 2088 scripsi,
836 2009 990 2088 proiectus
1012 2017 1058 2071 est

93 2095 128 2155 in
150 2095 320 2155 Armeniam
342 2093 476 2172 locisque
499 2092 709 2172 superioribus
724 2096 783 2154 iter
798 2094 899 2155 lacere
914 2096 1056 2155 instituit:

92 2195 165 2238 nam
187 2195 224 2238 ex
245 2177 342 2239 Ponto
365 2196 381 2238 a
403 2177 542 2239 Comanis
563 2181 667 2256 iugum
694 2177 808 2239 editum
836 2178 973 2240 silvestre
1001 2187 1056 2258 est,

92 2263 252 2341 pertinens
273 2264 305 2322 in
327 2263 498 2323 Anneniam
520 2264 678 2331 minorem,
702 2280 761 2342 quo
784 2262 968 2341 Cappadocia
990 2263 1056 2324 fini·

92 2353 145 2407 tur
167 2344 204 2405 ab
226 2347 380 2414 Armenia;
405 2348 491 2408 cuius
507 2347 625 2407 itineris
639 2346 694 2407 has
708 2364 773 2407 esse
789 2346 932 2409 cernebat
947 2364 1056 2426 oppor-

92 2432 254 2500 tunitates,
291 2430 370 2509 quod
399 2433 430 2491 in
458 2431 534 2491 locis
562 2429 768 2509 superioribus
797 2430 898 2491 nullus
925 2433 1056 2509 impetus
1153 2445 1156 2450 ·

93 2517 272 2592 repentinus
295 2514 432 2576 accidere
455 2514 586 2574 bostium
609 2521 735 2592 poterat,
759 2521 790 2573 et
811 2513 890 2592 quod
906 2513 1056 2593 Cappado-

93 2601 142 2659 cia
164 2599 314 2676 bisingis
336 2597 472 2660 subiecta
494 2615 632 2676 magnam
654 2605 839 2660 commeatus
861 2600 978 2678 copiam
994 2607 1059 2660 erat

93 2681 371 2744 subministratum.

159 2766 310 2840 xxxvi„
345 2767 520 2846 Complures
547 2767 669 2828 interim
695 2766 860 2845 legationes
888 2766 1092 2834 Pharnaces1

94 2851 133 2912 ad
154 2850 318 2912 Domitium
340 2854 448 2921 mittit,
483 2869 559 2930 quae
592 2853 628 2912 de
661 2869 735 2930 pace
763 2852 1057 2930 agerent'regiaque

93 2953 222 2998 munera
243 2935 374 2997 Domitio
396 2938 523 2996 ferrent.
573 2934 616 2997 Ea
638 2942 811 2997 constanter
833 2935 932 2995 omnia
956 2952 1056 3014 asper·
1077 2955 1093 3002 2

93 3018 225 3081 nabatur
252 3037 309 3081 nec
338 3019 397 3081 sibi
431 3021 591 3099 quicquam
624 3020 689 3081 iore
717 3019 869 3098 antiquius
897 3037 985 3097 quam
1013 3019 1057 3079 di·

93 3105 242 3182 gnitatem
265 3104 369 3183 populi
390 3104 517 3166 Romani
540 3111 571 3163 et
592 3121 683 3181 regua
706 3105 857 3165 sociorum
885 3105 1058 3181 reciperare

94 3188 203 3266 legatis
224 3187 436 3266 respondebat.
493 3187 608 3266 Magnis
645 3196 676 3249 ct
710 3189 863 3249 continuis
895 3187 1094 3254 itineribusa

94 3273 245 3333 conlectis
267 3291 336 3333 curn
358 3272 533 3333 adventaret
554 3272 592 3333 ad
612 3271 790 3351 Nicopolim,
812 3271 891 3350 quod
914 3271 1059 3351 oppidum

94 3358 229 3436 positum
245 3358 276 3416 in
291 3357 431 3418 Armenia
445 3359 564 3417 minore
580 3364 626 3416 est
640 3357 730 3434 plano
752 3359 852 3435 ipsum
873 3354 951 3424 loco,
974 3373 1058 3417 mon-

94 3440 180 3502 tibus
202 3448 302 3502 tamen
330 3440 400 3502 altis
430 3440 467 3502 ab
497 3439 615 3502 dnobus
645 3439 790 3502 lateribus
826 3438 953 3502 obiectis
989 3441 1064 3499 satis
