2356 3870
177 204 216 266 80
498 198 537 254 llll
552 197 655 253 butio
671 197 809 253 quillto

177 366 379 425 auctoritatem
393 363 472 421 inter
486 378 556 420 suos
571 375 659 435 quam
673 358 956 436 plurimum-valere,
975 360 1058 420 cuius
1070 368 1128 420 tem

151 448 323 524 segregiam
338 446 369 504 13
384 463 416 504 33
436 443 617 504 voluntatem
637 446 847 520 perspexisset.
877 443 910 502 ld
932 441 1000 502 13111
1018 443 1128 507 factum

177 532 306 608 graviter
315 527 542 594 Indutiomarus,
559 544 642 586 suam
656 526 780 602 gratiam
794 528 871 586 inter
886 543 956 586 suos
970 527 1069 596 mirrui
1089 535 1127 593 ot,

177 616 233 689 qui
242 615 300 671 iam
315 618 382 671 ante
395 611 515 670 inimico
529 611 559 668 in
575 627 630 669 nos
645 611 742 669 animo
757 611 876 678 fuisset,
898 607 991 669 multo
1010 620 1128 687 gravurs

176 695 234 756 hoc
248 694 350 754 dolore
366 695 483 754 exarsit

150 786 162 836 t
237 779 269 838 V.
310 777 362 837 llis
387 775 476 836 rebus
507 776 674 836 constitutis
699 776 805 837 Caesar
830 776 867 836 ad
896 785 1017 854 portum
1041 775 1127 836 ltium

148 871 243 922 ecum
264 859 430 937 legionibus
444 860 587 937 pervenit.
617 857 662 918 lbi
683 860 908 935 cognoscitu
928 878 1031 928 nares,
1053 876 1128 938 qrrae

175 947 206 1004 in
220 943 324 1004 llleldis
338 944 431 1003 iactae
447 949 546 1009 erant,
562 948 737 1020 tempestate
751 943 876 1002 reiectas
890 960 1011 1005 cursum
1025 950 1128 1005 tenere

176 1046 236 1087 non
250 1027 385 1105 potuisse
400 1033 487 1102 atque
502 1025 620 1093 eodem,
642 1025 720 1084 uude
737 1034 821 1084 erant
840 1027 1005 1103 proiectae,
1027 1043 1126 1088 rever·

175 1113 262 1178 11333;
283 1109 412 1186 reliquas
432 1115 550 1187 paratas
565 1106 601 1167 ad
616 1108 811 1185 navigandum
825 1115 915 1184 atquo
929 1107 1065 1170 omnibus
1080 1127 1127 1168 re·

148 1193 233 1254 ibus
257 1194 418 1253 instructas
441 1193 561 1251 invenit.
598 1191 709 1250 Eodem
736 1193 883 1267 equitatus
908 1194 999 1252 totius
1019 1191 1128 1253 Galliae

176 1277 313 1337 convenit
326 1293 452 1336 numero
467 1273 580 1335 milium
596 1280 736 1350 quattuor
755 1276 964 1352 principesque
980 1292 1017 1335 ex
1032 1276 1126 1338 omni·

150 1359 232 1420 31333
248 1358 428 1426 civitatibus;
447 1375 482 1417 ex
498 1356 605 1433 quibus
620 1374 793 1435 perpaucos,
810 1373 936 1433 quorum
950 1359 981 1417 in
996 1357 1128 1429 33113333

176 1447 384 1522 perspexerat,
405 1441 576 1517 relinquere
589 1442 621 1500 in
636 1439 742 1508 Gallia,
764 1439 897 1516 reliquos
912 1438 1047 1501 obsidum
1059 1444 1127 1500 ‘ioco

176 1543 277 1586 secum
293 1524 403 1585 ducere
423 1523 608 1591 decreverat,
633 1523 727 1598 quod,
750 1540 816 1583 cum
832 1525 896 1601 ipse
911 1523 1042 1593 abesset,
1064 1542 1127 1584 mo·

175 1616 240 1669 tum
255 1607 366 1667 Galliae
380 1607 545 1667 verebatur.

151 1697 163 1748 i
239 1690 284 1750 Vl.
315 1690 387 1750 Erat
401 1708 459 1750 una
475 1708 541 1750 cum
563 1691 670 1750 ceteris
685 1689 848 1749 Dumnorix
862 1687 994 1757 Aeduus,
1018 1688 1054 1748 de
1070 1705 1128 1766 quo

118 1805 128 1822 ·
177 1782 244 1835 ante
260 1773 296 1833 ab
311 1771 397 1833 nobis
417 1773 526 1832 dietum
542 1780 594 1833 331.
625 1771 711 1832 11333
730 1789 831 1843 secum
852 1771 963 1833 habere
976 1774 1007 1832 in
1026 1773 1129 1851 primis

177 1859 388 1928 constituerat,
408 1856 486 1933 quod
502 1873 569 1915 eum
590 1855 730 1933 cupidum
750 1872 851 1915 rerum
866 1873 1025 1924 novarum,
1047 1856 1128 1933 cupi·

177 1942 247 2001 dum
261 1940 394 2018 imperii,
416 1939 515 2015 magui
529 1939 633 2007 animi,
656 1939 871 2015 magnaeinter
886 1938 985 2002 Gallos
1000 1940 1128 1998 auctori·

150 2025 244 2083 etatis
264 2030 450 2099 cognoverat.
487 2020 652 2081 Accedebat
677 2019 750 2090 hue,
780 2020 857 2097 quod
877 2023 909 2080 in
930 2020 1127 2081 3333111333·

177 2105 302 2165 duorum
318 2105 480 2165 Dumnorix
495 2104 624 2172 dixerat,
648 2103 704 2164 sibi
718 2123 734 2164 a
750 2104 874 2165 Caesare
888 2121 1015 2181 regnum
1030 2105 1127 2164 civita·

178 2190 216 2248 tis
230 2188 355 2254 delerri;
378 2187 457 2262 quod
478 2186 589 2247 dictum
603 2187 696 2248 Aedui
717 2189 845 2264 graviter
859 2187 1009 2255 ferebant,
1032 2204 1129 2265 neque

177 2269 333 2331 recusandi
349 2276 399 2329 aut
419 2270 597 2347 deprecandi
612 2288 699 2330 33333
713 2270 826 2347 legatos
840 2270 877 2330 ad
892 2270 1046 2331 Caesarem
1061 2272 1127 2329 mit·

150 2360 241 2414 itere
262 2351 416 2413 audebant.
448 2352 482 2412 ld
501 2354 610 2413 iactum
632 2371 667 2413 ex
687 2356 748 2414 suis
769 2353 933 2432 hospitibus
953 2354 1059 2415 Caesar
1080 2372 1128 2412 co-

178 2442 327 2514 gnoverat.
359 2434 412 2495 llle
427 2435 564 2496 omnibus
578 2438 675 2516 primo
689 2437 829 2516 precibus
843 2444 947 2516 petere
968 2435 1127 2503 contendit,

178 2528 211 2579 ut
222 2521 252 2578 in
265 2518 356 2578 Gallia
370 2517 446 2578 relin
507 2528 600 2589 retur,
616 2522 723 2599 partim
739 2520 818 2597 quod
832 2518 969 2581 insuetus
977 2519 1128 2598 navigandi

179 2619 260 2662 mare
274 2603 407 2670 timeret,
430 2535 539 2680 plmm
554 2604 632 2680 quod
648 2603 839 2680 religionibus
853 2603 991 2683 impediri
1001 2621 1071 2664 3333
1085 2602 1128 2662 di·

153 2691 269 2746 sceret.
304 2683 499 2760 Posteaquam
518 2684 548 2744 id
569 2685 713 2748 obstinate
732 2687 789 2748 sibi
810 2689 912 2764 negari
936 2687 1021 2756 vidit,
1049 2687 1128 2746 omni

179 2785 232 2846 spe
245 2767 415 2846 inpetrandi
428 2767 578 2847 adempta,
601 2771 749 2849 principes
764 2770 873 2831 Galliae
888 2769 1061 2838 sollicitare,
1082 2787 1125 2828 se·

179 2869 284 2912 vocare
299 2849 430 2926 singulos
446 2850 617 2929 hortarique
632 2855 738 2931 coepit,
755 2856 798 2913 uti
812 2856 843 2913 in
858 2854 1020 2914 continenti
1034 2870 1127 2914 rema·

152 2941 300 3001 tuerent;
317 2941 398 2994 metu
413 2937 565 2995 territare:
581 2954 640 2996 non
652 2938 715 2996 sine
727 2954 814 2996 causa
824 2938 896 3005 lieri,
909 2936 1040 2998 utGallia
1051 2936 1129 2995 omni

179 3015 332 3077 nobilitate
346 3017 539 3094 spoliaretur;
555 3018 585 3079 id
600 3037 666 3080 esse
677 3019 831 3080 consilium
841 3021 982 3089 Caesaris,
998 3028 1039 3088 ut,
1056 3035 1130 3095 quos

179 3102 210 3160 in
226 3107 385 3177 conspectu
401 3099 510 3161 Galliae
531 3103 698 3163 interlicere
718 3109 886 3172 vereretur,
908 3101 963 3163 bos
982 3119 1085 3162 omnes
1100 3103 1128 3161 in

152 3183 361 3243 1113113331333
375 3182 525 3243 traductos
541 3194 674 3254 necaret;
690 3185 778 3246 iidem
792 3186 914 3262 reliquis
927 3187 1129 3264 interponere,

179 3263 384 3326 iusiurandum
398 3284 536 3343 poscere,
559 3276 606 3338 ut,
624 3268 702 3346 quod
717 3287 783 3330 esse
798 3288 833 3329 ex
849 3286 905 3330 usu
919 3266 1030 3329 Galliae
1044 3265 1130 3325 intel·

152 3348 329 3416 7133133331,
346 3352 496 3410 communi
511 3351 632 3413 consilio
649 3352 897 3416 administrarent.
926 3352 1004 3414 llaec
1018 3370 1034 3411 3
1052 3367 1130 3408 com·

180 3432 316 3513 pluribus
331 3431 367 3492 ad
383 3432 538 3494 Caesarem
554 3434 772 3498 deserebantur.
