2356 3870
736 340 789 383 est:
817 324 889 381 Sese
902 337 957 398 pro
973 321 1105 382 Caesaris

467 468 470 474 .
534 438 578 474 .·;
620 453 626 471 .
650 408 778 467 „adteri
796 404 919 471 debere,
943 404 1021 480 quod
1042 408 1105 465 eius

384 531 401 566 -,
449 537 511 564 .
540 531 561 556 .·
583 506 667 555 :ssa-t,
687 489 762 565 quod
777 487 948 556 Aduatucis,
964 488 1105 548 finitumis

444 631 450 644 ,
470 608 483 635 .-
502 594 586 645 west
611 574 745 651 quodque
766 572 793 631 ei
812 579 842 629 et
857 570 934 629 iilius
955 579 985 629 et
1005 573 1105 632 fratris

401 707 425 729 ,„
467 665 563 723 «russi
584 668 694 723 esseut,
716 671 790 731 quos
806 652 949 715 Aduatuci
969 653 1106 715 obsidum

360 795 366 806 .
388 788 399 810 ,.
424 789 440 826 ,ἃ
455 753 490 807 ...i
506 769 536 804 st·
552 748 581 801 iu
596 741 735 801 servitute
757 745 786 795 et
800 738 911 797 catenis
925 740 1104 805 tenuissent;

289 891 302 900 ,,
442 830 540 889 ''rt-erit
559 825 595 883 de
616 821 833 899 oppugnatione
853 828 1034 890 castrorum,
1056 834 1106 882 aut

242 975 246 983 ,
368 917 507 973 eduntote
533 925 586 967 sua
609 906 728 972 iecisse,
759 902 812 962 sed
841 912 945 964 coactu
970 907 1104 973 civitatis,

382 992 521 1055 „ammorii
546 989 683 1065 imperia,
717 994 834 1047 utnon
859 990 957 1047 minus
983 988 1107 1048 baberet

208 1074 229 1154 ,ζ
244 1115 271 1149 a:
334 1076 498 1140 :nnltitudm
515 1088 603 1149 quarn
617 1071 725 1148 ipsein
740 1069 968 1130 multitudinem.
992 1072 1106 1133 Civitati

171 1200 244 1235 ..nn
269 1174 336 1227 ‘tnnc
359 1161 449 1219 luisse
468 1156 539 1217 belli
559 1171 691 1224 causam,
714 1153 793 1229 quod
813 1158 986 1231 repentinae
1008 1155 1104 1215 Gallo·

161 1222 219 1319 ..lrn
241 1242 431 1311 corduratioui
451 1240 591 1300 resistere
605 1255 664 1297 non
685 1237 824 1314 potuerit.
854 1236 887 1296 ld
907 1256 940 1296 sc
963 1238 1048 1298 lacile
1070 1257 1106 1298 ex

158 1335 313 1401 :ruriniluate
328 1342 380 1385 sua
395 1322 521 1401 probare
542 1338 643 1398 posse,
665 1318 743 1395 quod
764 1338 825 1379 non
842 1319 916 1380 adeo
931 1322 970 1381 sit
984 1324 1104 1400 imperi·

154 1438 199 1480 ω,-
219 1428 332 1475 rar-mn,
360 1415 392 1466 ut
416 1406 479 1465 suis
504 1404 597 1481 copiis
616 1401 759 1481 populum
779 1402 945 1463 Romanum
970 1408 1105 1482 superari

124 1518 235 1579 oposse
264 1489 396 1551 confidat
438 1488 497 1548 Sed
523 1504 588 1547 esse
614 1485 725 1546 Galliae
750 1503 907 1545 commune
933 1487 1104 1547 consilium:

150 1576 283 1643 ourrribus
297 1572 430 1633 bibernis
444 1571 577 1632 Caesaris
592 1568 797 1647 oppugnandis
817 1567 899 1630 hunc
914 1587 979 1629 esse
994 1571 1104 1630 dictum

150 1665 243 1723 diem.
266 1676 304 1715 ue
320 1672 377 1731 qua
391 1654 469 1731 legio
484 1653 594 1714 alterae
608 1653 718 1730 legioni
731 1651 863 1713 subsidio
877 1654 979 1713 venire
994 1665 1103 1732 posset.

121 1744 212 1805 dilen
227 1738 312 1799 lacile
326 1736 424 1797 Gallos
440 1735 530 1797 Callis
547 1753 657 1813 negare
677 1737 825 1815 potuisse,
846 1739 1022 1814 praesertim
1038 1755 1105 1798 cum

148 1826 184 1887 de
198 1821 400 1899 recuperanda
416 1821 565 1880 communi
584 1818 720 1879 libertate
735 1819 891 1880 consilium
904 1822 1010 1882 initum
1024 1821 1104 1881 vide·

119 1915 238 1969 ¹iretur.
277 1902 389 1974 Quibus
410 1905 548 1979 quoniam
567 1921 622 1980 pro
645 1904 753 1979 pietate
778 1904 968 1973 satisfecerit,
994 1904 1105 1965 babere

147 2006 225 2051 uurrc
246 2004 278 2045 se
297 1989 441 2046 rationem
463 1986 552 2046 officii
565 2004 621 2063 pro
635 1984 786 2046 beneficiis
801 1986 949 2047 Caesaris:
972 2006 1102 2056 monere

147 2089 233 2131 orere
253 2069 401 2130 Titurium
420 2087 475 2146 pro
495 2067 637 2146 hospitio,
667 2078 699 2129 ut
727 2087 798 2130 suae
818 2087 852 2130 ac
872 2071 998 2131 militum
1018 2071 1105 2131 saluti

119 2150 289 2215 sconsulat.
322 2152 457 2229 Magnam
471 2170 591 2212 manum
606 2152 821 2212 Germanorum
836 2153 1011 2214 conductam
1025 2154 1103 2213 Rbe-

118 2244 218 2297 bnum
233 2235 390 2302 transisse;
413 2234 489 2296 hanc
508 2235 610 2295 adfore
631 2235 730 2295 biduo.
768 2235 905 2317 Ipsorum¹
921 2255 986 2297 esse
1008 2240 1104 2298 consi·

146 2318 232 2385 lium,
255 2316 382 2377 velintne
397 2321 493 2396 prius,
517 2336 605 2395 quam
619 2320 744 2378 finitumi
765 2321 907 2387 sentiant,
930 2320 1052 2380 eductos
1068 2339 1102 2380 ex

145 2399 278 2461 bibernis
293 2401 399 2460 milites
414 2402 515 2463 autad
531 2402 702 2463 Ciceronem
718 2403 819 2462 autad
835 2402 996 2463 Labienum
1011 2403 1096 2464 dedu·

145 2500 228 2551 cere,
252 2499 379 2558 quorum
399 2484 474 2546 alter
494 2486 573 2546 milia
593 2503 735 2564 passuum
750 2487 868 2546 circiter
884 2488 1102 2565 quinquaginta,

107 2564 221 2627 molter
235 2565 325 2643 paulo
347 2567 472 2646 amplius
493 2569 529 2629 eb
547 2571 584 2629 iis
605 2568 689 2629 absit.
726 2567 802 2629 lllud
818 2588 849 2629 se
866 2569 999 2647 polliceri
1014 2580 1043 2628 et
1057 2573 1102 2631 iu·

106 2658 138 2711 11
146 2648 304 2709 reimando
317 2651 505 2720 confirmare,
518 2660 614 2713 tutum
627 2654 685 2712 iter
697 2653 835 2730 perfines
847 2653 993 2714 daturum.
1017 2653 1101 2724 Quod

146 2749 215 2790 cum
228 2732 331 2801 facim,
349 2741 378 2793 et
393 2735 500 2795 civitati
514 2754 580 2796 sese
596 2735 766 2804 consulere,
784 2737 862 2812 quod
876 2735 1008 2797 bibernis
1023 2737 1101 2797 lere·

146 2822 210 2881 tur,
227 2823 257 2873 et
268 2815 385 2877 Caesari
399 2837 453 2896 pro
470 2820 532 2880 eius
546 2820 661 2880 meritis
674 2821 798 2897 gratiam
813 2821 936 2880 referre.
960 2819 1021 2880 llac
1036 2839 1101 2880 ora·

146 2897 226 2955 tione
240 2896 339 2959 habita
353 2900 477 2961 discedit
490 2903 649 2963 Ambiorix.
921 2978 924 2984 ¹

119 2983 132 3034 ι
209 2978 335 3041 XXVllI.
370 2987 526 3063 Arpineius
542 2994 572 3046 et
585 2986 700 3056 lunius,
724 3004 798 3064 quae
814 2988 984 3054 audierunt,
1007 2986 1043 3046 ad
1060 3006 1101 3045 ae·

144 3068 229 3137 gatos
243 3063 391 3127 deferunt.
422 3067 466 3127 llli
481 3071 636 3148 repentIna
649 3088 683 3130 re
698 3069 879 3148 perturbati,
896 3072 952 3130 etsi
966 3068 1002 3130 ab
1017 3069 1102 3130 hoste

146 3160 180 3202 ea
195 3144 382 3219 dicebantur,
404 3159 503 3212 tamen
524 3172 583 3213 non
601 3152 782 3232 neglegenda
797 3153 1017 3223 existimabant,
1040 3172 1101 3213 ma·

145 3228 283 3304 ximeque
303 3230 358 3292 bac
377 3252 411 3294 rc
434 3236 696 3314 permovebantur,
720 3237 798 3313 quod
819 3240 965 3298 civitatem
985 3238 1099 3314 ignobi·
1119 3313 1121 3317 Α

144 3309 203 3369 lem
218 3320 306 3389 atque
320 3314 462 3379 humilem
472 3318 645 3380 Eburonum
660 3336 713 3381 sua
727 3328 832 3398 sponte
847 3321 956 3400 populo
968 3320 1100 3381 Romano

115 3391 253 3455 ²bellum
267 3397 366 3461 lacere
381 3420 482 3463 ausam
496 3405 543 3462 vix
560 3411 623 3463 erat
637 3403 827 3465 credendum.
861 3405 964 3479 ltaque
979 3404 1014 3463 ad
1030 3422 1097 3463 con·
