2356 3870
155 219 215 277 102
479 215 517 270 DE
534 214 636 271 nulio
652 214 789 272 GALLlGO

152 378 276 439 uantum
291 395 358 437 cum
373 394 425 436 sua
438 377 554 454 legione
566 379 687 438 remittit
698 373 729 436 in
743 374 875 446 hiberna,
890 379 954 456 ipse
970 396 1038 438 cum
1053 379 1105 439 tri·
1124 386 1131 397 ⁸

153 461 208 522 bus
223 459 389 538 legionibus
410 462 522 520 circum
538 460 770 520 Samarobrivam
790 461 876 520 trinis
895 459 1028 522 bibernis
1043 461 1107 522 hie·

153 563 235 605 mare
256 544 407 604 constituit
428 552 471 612 et,
494 543 572 620 quod
594 546 667 604 tanti
690 551 788 604 motus
809 543 919 604 Galliae
939 547 1106 614 extiterant,

124 637 247 687 ltotam
262 625 390 687 hiemem
409 629 473 707 ipse
488 627 524 687 ad
540 629 701 687 exercitum
721 643 840 686 manere
860 626 998 687 decrevit.
1034 629 1108 688 Nam

153 710 203 771 illo
218 709 402 771 incommodo
412 710 449 770 de
463 710 562 771 Sabini
572 719 669 770 morte
683 709 795 788 perlato
811 727 913 770 omnes
926 710 990 771 fere
998 710 1109 772 Galliae

154 796 284 854 civitates
305 791 440 854 debello
462 793 680 863 consultabant,
703 794 822 853 nuntios
841 791 1063 872 legationesque
1077 796 1108 854 in

154 895 255 937 omnes
273 884 372 955 partes
384 877 569 938 dimittebant
583 884 621 946 et,
639 877 708 955 quid
723 876 831 952 reliqui
841 876 954 937 consilii
968 887 1110 956 caperent

154 970 242 1037 atque
263 959 341 1020 unde
362 962 478 1021 initium
499 959 569 1020 belli
583 960 681 1029 fleret,
698 958 891 1037 explorabant
905 968 1109 1038 nocturnaque

121 1051 138 1102 b
152 1045 183 1103 in
195 1043 269 1103 locis
280 1043 405 1103 desertis
416 1043 538 1104 concilia
550 1041 704 1103 habebant.
726 1042 829 1120 Neque
841 1043 934 1103 ullum
942 1045 1006 1103 fere
1017 1045 1109 1104 totius

155 1127 260 1186 hiemis
275 1136 393 1204 tempus
406 1128 470 1187 sine
484 1126 680 1187 sollieitudine
696 1125 828 1187 Caesaris
842 1128 1018 1195 intercessit,
1037 1129 1109 1204 quin

156 1209 283 1286 aliquem
299 1208 336 1269 de
348 1209 477 1271 consiliis
492 1228 526 1270 ac
538 1217 620 1271 motu
635 1208 785 1270 Gallorum
801 1211 936 1269 nuntium
950 1212 1107 1289 acciperet.

122 1293 187 1354 dln
201 1291 248 1352 his
264 1291 300 1352 ab
316 1291 405 1352 anio
419 1293 526 1353 Roscio
543 1290 746 1373 [quaestore]‚
763 1309 851 1368 quem
865 1291 975 1370 legioni
989 1296 1106 1354 tertiae

156 1378 286 1436 decimae
300 1377 498 1453 praefecerat,
520 1377 629 1436 certior
645 1377 739 1435 factus
754 1385 807 1445 est,
823 1393 943 1453 magnas
958 1375 1109 1437 Gallorum

156 1462 255 1537 copias
268 1477 369 1519 earum
384 1460 542 1527 civitatum,
559 1476 633 1535 quae
644 1461 831 1519 Aremoricae
845 1459 1039 1538 appellantur,
1057 1477 1109 1538 op-

155 1541 304 1622 pugnandi
316 1543 454 1602 suicausa
465 1543 635 1603 convenisse
643 1558 740 1618 neque
752 1542 866 1619 longius
876 1542 955 1603 milia
966 1559 1109 1619 passuum

157 1636 222 1686 octo
237 1625 273 1685 ab
288 1625 420 1686 hibernis
435 1628 496 1685 suis
511 1627 631 1699 aluisse,
652 1625 705 1686 sed
719 1627 822 1685 nuntio
837 1625 923 1686 allato
939 1625 975 1686 de
990 1627 1110 1686 victoria

157 1708 1104 1786 Caesarisdiscessisse,adeoutfugaesimilisdiscessusvideretur.

130 1834 137 1852 .
219 1792 305 1853 Lllll.
340 1797 377 1854 dt
392 1793 499 1854 Caesar
516 1791 700 1871 principibus
715 1793 858 1869 cuiusque
878 1793 1001 1852 civitatis
1021 1792 1057 1852 ad
1078 1810 1110 1852 se

157 1877 284 1935 evocatis
304 1875 374 1936 alias
394 1876 570 1944 territando,
592 1894 660 1936 cum
679 1893 711 1935 se
727 1876 817 1943 scire,
840 1891 915 1952 quae
929 1877 1042 1944 fierent,
1059 1875 1107 1935 de·

156 1961 316 2027 nuntiaret,
333 1959 403 2020 alias
418 1957 599 2020 cohortando
612 1975 747 2036 magnam
763 1967 875 2036 partem
892 1958 1000 2031 Galbae
1021 1960 1051 2017 iu
1067 1958 1109 2018 of·

125 2044 220 2104 alicio
242 2043 346 2101 tenuit.
386 2042 498 2102 Tamen
520 2042 667 2110 Senones,
690 2058 765 2118 quae
792 2049 837 2102 est
856 2043 956 2102 civitas
975 2043 1109 2120 inprimis

157 2126 240 2184 firma
254 2132 283 2183 et
292 2140 416 2201 magnae
426 2127 504 2185 inter
516 2124 613 2185 Gallos
624 2127 814 2194 auctoritatis,
827 2125 1009 2192 Cavarinum,
1023 2142 1110 2201 quem

158 2208 265 2268 Caesar
280 2206 358 2285 apud
373 2225 424 2267 eos
438 2225 539 2285 regem
555 2209 756 2277 constituerat,
773 2209 856 2268 cuius
871 2208 963 2268 frater
977 2208 1110 2268 Moritas-

157 2309 212 2368 gus
227 2290 352 2351 adventu
363 2293 394 2351 in
406 2290 527 2351 Galliam
535 2292 675 2360 Caesaris,
688 2293 831 2369 cuiusque
844 2293 971 2352 maiores
986 2308 1111 2368 regnum

158 2374 362 2443 obtinuerant,
384 2376 552 2436 interlicere
571 2373 691 2454 publico
714 2374 835 2436 consilio
850 2377 963 2443 conati,
980 2392 1048 2435 cum
1062 2372 1112 2434 ille

158 2460 371 2539 praesensisset
385 2476 419 2518 ac
430 2459 619 2537 profugisset,
635 2475 729 2535 usque
742 2457 862 2519 adfines
876 2459 1004 2519 insecuti
1018 2475 1112 2534 regno

128 2549 144 2601 3
158 2543 305 2620 domoque
321 2540 499 2622 expulerunt
514 2550 557 2611 et,
579 2542 676 2603 missis
691 2539 727 2601 ad
742 2541 897 2603 Gaesarem
912 2540 1112 2602 satisfaciundi

159 2645 247 2688 eausa
261 2627 373 2704 legatis,
391 2643 459 2687 curn
473 2626 499 2686 is
514 2642 631 2686 omnem
646 2625 682 2684 ad
697 2643 729 2686 se
744 2632 878 2686 senatum
894 2626 994 2685 venire
1008 2625 1110 2685 iussis·

128 2710 211 2779 t'set,
228 2710 306 2771 dicto
326 2707 479 2770 audientes
500 2727 560 2769 non
581 2709 710 2769 fuerunt.
746 2709 871 2769 'lantum
886 2707 964 2786 apud
978 2707 1114 2768 homines

158 2793 301 2855 barbaros
316 2792 415 2863 valuit,
432 2810 497 2853 esse
512 2792 626 2868 aliquos
646 2801 781 2870 repertos
802 2792 952 2870 principes
967 2790 1113 2852 inferendi

158 2876 237 2948 belli,
253 2885 424 2954 tantamque
439 2875 577 2936 omnibus
591 2874 773 2936 voluntatum
795 2877 1055 2935 commutationem
1070 2883 1113 2934 at·

159 2959 233 3029 tulit,
251 2970 284 3021 ut
297 2970 416 3039 praeter
427 2959 544 3021 Aeduos
555 2966 585 3019 et
595 2959 713 3028 Remos,
730 2975 805 3036 quos
819 2960 980 3037 praecipuo
996 2975 1115 3036 semper

159 3042 272 3104 honore
279 3043 386 3104 Caesar
400 3043 511 3112 habuit,
527 3043 635 3104 alteros
650 3061 705 3121 pro
720 3049 821 3102 vetere
835 3061 870 3102 ac
884 3051 1029 3121 perpetua
1045 3058 1114 3118 erga

158 3125 302 3204 populum
309 3125 473 3187 Romanurn
488 3126 554 3195 lide,
571 3125 679 3186 alteros
685 3145 740 3202 pro
751 3125 922 3186 recentibus
928 3125 1031 3187 Gallici
1045 3122 1115 3185 belli

135 3221 152 3273 5
163 3215 281 3282 officiis,
298 3210 377 3272 nulla
392 3212 455 3271 fere
468 3211 572 3269 civitas
582 3209 673 3269 luerit
685 3223 746 3266 non
758 3211 893 3281 suspecta
905 3203 1001 3265 nobis.
1024 3201 1115 3280 ldque

162 3300 236 3360 adeo
252 3295 329 3358 haud
345 3296 407 3356 scio
424 3294 627 3354 mirandumne
643 3293 690 3359 sit,
708 3306 776 3348 cum
791 3287 983 3365 conpluribus
999 3287 1063 3347 aliis
1078 3287 1115 3346 de

159 3384 274 3451 causis,
296 3388 360 3440 tunr
375 3380 518 3446 maxime,
542 3375 620 3456 quod
636 3376 678 3443 ei,
702 3374 754 3453 qui
768 3371 876 3433 virtute
892 3371 963 3432 belli
977 3368 1115 3431 omnibus

161 3465 300 3546 gentibus
315 3462 570 3540 praeferebantur,
589 3465 704 3519 tantum
719 3475 750 3518 se
766 3458 831 3516 eius
846 3455 995 3535 opinionis
1010 3455 1115 3533 deper-
