2356 3870
338 234 780 292 coni1.VI1.cnP.vfl11-xfl1.
981 235 1041 300 131
1158 235 1160 239 ’

77 400 183 464 nuntio
204 397 241 458 de
262 400 481 478 oppugnatione
501 397 731 469 Vellaunoduui‚
755 418 822 461 cum
841 398 960 477 longius
981 417 1046 461 cam

77 501 144 546 rem
165 482 287 543 ductum
307 485 344 543 iri
366 483 582 552 existimarent,
613 482 792 562 praesidium
814 483 923 544 Cenabi
945 484 1046 545 tuendi

78 585 176 636 causa,
193 566 272 642 quod
285 585 320 626 eo
331 568 493 636 mitterent,
510 567 728 644 comparabant
755 567 820 627 Huc
834 566 925 629 biduo
941 573 1077 648 parve-b

78 654 132 712 nit.
164 650 273 712 Castris
293 658 362 712 ante
383 650 524 729 oppidum
539 652 658 729 positis,
680 650 739 712 diei
756 661 892 730 tempore
909 651 1046 712 exclusus

77 738 108 797 in
122 743 279 814 posterum
294 736 544 816 oppugnationem
560 734 672 802 differt,
695 751 830 812 quaeque
850 735 887 796 ad
903 754 966 796 eam
981 754 1046 796 rem

79 820 148 880 usui
162 819 235 887 sint,
257 817 401 879 militibus
420 820 548 897 imperat
567 826 611 888 et,
634 818 713 896 quod
733 818 874 898 oppidum
897 819 1078 880 Cenabumt

78 918 156 983 pons
170 901 301 963 fluminis
316 902 433 980 Ligeris
448 901 631 971 continebat,
649 904 769 972 veritus,
786 920 824 963 ne
839 911 926 963 nocte
943 921 979 963 ex
994 923 1046 982 op·

79 987 150 1067 pido
164 986 374 1065 profugerent,
396 986 469 1047 duas
488 986 621 1064 legiones
640 988 671 1047 in
687 989 777 1048 armis
793 986 939 1047 excubare
953 987 1045 1047 iubet.

80 1070 267 1133 Cenabenses
282 1069 370 1149 paulo
385 1078 454 1131 ante
468 1071 595 1131 mediam
614 1077 731 1131 noctem
752 1070 869 1131 silentio
886 1088 921 1130 er
938 1070 1046 1150 oppido
1061 1078 1077 1127 7

80 1156 195 1233 egressi
208 1153 320 1215 ilumen
335 1156 464 1215 transire
479 1162 651 1232 coeperunt,
684 1154 794 1226 Quare
809 1172 864 1234 per
880 1154 1046 1234 explorato·
1062 1161 1079 1214 8

81 1257 131 1300 res
142 1239 285 1308 nuntiata,
302 1237 410 1300 Caesar
420 1238 562 1316 legiones,
579 1254 652 1314 quas
665 1237 816 1317 expeditas
832 1256 898 1299 csse
909 1241 1046 1307 iusserat,

81 1324 178 1402 portis
193 1323 323 1383 incensis
338 1323 511 1383 intromittit
525 1330 614 1398 atquc
636 1322 744 1400 oppido
759 1323 873 1400 potitur
888 1324 1047 1402 perpaucis

84 1425 121 1467 ex
136 1405 268 1467 hostium
288 1423 414 1466 numero
437 1405 628 1475 desideratis,
652 1407 725 1482 quin
740 1407 840 1467 cuncti
855 1414 1045 1485 caperentur,

84 1489 163 1568 quod
178 1491 278 1568 pontis
293 1497 383 1567 atque
398 1491 541 1550 itinerum
557 1491 709 1566 angustiae
728 1488 927 1551 multitudinis
947 1491 1047 1568 fugam

83 1573 323 1634 interclusera'nt
355 1572 504 1652 Oppidum
519 1572 620 1651 diripit
635 1581 723 1650 atque
743 1572 886 1643 incendit,
902 1575 1042 1653 praedam
1058 1581 1074 1632 9

83 1657 227 1732 militibus
242 1657 347 1725 donat
370 1660 533 1718 exercitum
547 1656 683 1735 Ligerem
704 1656 834 1717 tradunt
849 1659 960 1734 atque
952 1675 983 1718 1n
997 1656 1046 1717 Bi·

83 1743 216 1819 turigum
229 1741 305 1800 lines
319 1743 462 1819 pervenit.

147 1824 211 1885 Xll.
243 1824 482 1902 Vercingetorix,
499 1824 550 1887 ubi
564 1825 602 1885 de
614 1824 746 1885 Caesaris
758 1823 885 1884 adventu
901 1827 1046 1902 cognovit,
1064 1832 1076 1882 1

85 1909 307 1988 oppugnatione
329 1908 440 1968 destitit
455 1916 544 1986 atquo
564 1909 680 1969 ob'viam
695 1908 814 1969 Caesari
837 1908 1046 1986 proficiscitur.

85 1992 137 2054 ilie
148 1992 293 2072 oppidum
304 1992 470 2070 biturigum
485 1994 615 2072 positum
629 1994 661 2052 in
676 1993 721 2053 ria
731 1991 939 2053 Noviodunum
954 2010 1047 2071 oppu·
1063 2002 1079 2050 2

85 2094 177 2154 gnare
191 2076 369 2136 instituerat.
401 2075 465 2146 Quo
486 2095 523 2137 ex
538 2076 646 2154 oppido
662 2095 729 2137 cum
750 2076 839 2154 legati
855 2074 891 2136 ad
907 2093 975 2136 eum
998 2082 1078 2136 voa

85 2162 201 2222 nissent
212 2165 337 2228 oratum,
350 2166 384 2219 ut
396 2158 452 2220 sibi
463 2161 630 2238 ignosceret
641 2176 771 2235 suaeque
778 2161 856 2220 vitae
866 2159 1045 2230 consuleret,

86 2251 119 2304 ut
125 2243 277 2305 celeritate
288 2241 417 2319 reliquas
431 2261 481 2304 res
493 2244 660 2311 conticeret,
677 2258 734 2319 qua
745 2241 887 2321 pleraque
900 2251 964 2304 erat
974 2262 1046 2304 con·

86 2333 217 2395 secutus,
233 2343 315 2386 arma
330 2328 469 2396 conferri,
486 2343 578 2404 equos
588 2326 722 2406 produci,
739 2325 858 2387 obsides
874 2324 938 2386 dari
951 2327 1044 2389 iubet.

85 2411 175 2474 Parte
189 2411 247 2470 iam
263 2408 398 2470 obsidum
413 2412 528 2480 tradita,
546 2429 612 2471 cum
627 2409 742 2486 reliqua
757 2409 1044 2481 administrarentur,
1060 2418 1078 2468 4

86 2491 312 2555 centurionibus
333 2499 363 2554 et
381 2496 483 2573 paucis
505 2494 648 2555 militibus
668 2495 861 2563 intromissis,
892 2495 943 2570 qui
964 2512 1046 2556 arma

86 2580 280 2654 iumentaque
296 2579 522 2653 conquirerent,
540 2580 688 2656 equitatus
702 2577 832 2638 bostium
846 2577 953 2655 procul
967 2580 1047 2639 risus

87 2671 142 2732 est,
159 2663 212 2738 qui
227 2677 333 2738 agmen
343 2661 592 2740 Vercingetorigis
607 2669 815 2722 antecesserat.
838 2661 933 2731 Quem
948 2662 1079 2723 simul-o

88 2752 179 2823 atque
199 2743 339 2823 oppidani
354 2754 574 2824 conspexerunt
594 2752 682 2822 atque
696 2747 728 2804 in
743 2762 827 2824 spem
841 2745 942 2805 auxilii
955 2763 1045 2806 vene·

86 2834 170 2898 runt,
188 2827 318 2889 clamore
333 2827 448 2890 sublato
464 2848 544 2890 arma
558 2846 683 2908 capere,
699 2836 800 2908 portas
816 2827 964 2898 claudere,
979 2846 1045 2890 mu·

85 2930 156 2974 rum
171 2910 323 2990 complere
338 2921 509 2991 coeperunt.
537 2913 732 2975 Centuriones
745 2913 777 2972 in
792 2910 910 2990 oppido,
927 2929 994 2971 cum
1010 2917 1079 2974 exo

86 2995 301 3074 significatione
316 2994 466 3057 Gallorum
481 2999 549 3058 nori
563 2996 672 3074 aliquid
687 2994 724 3055 ab
737 2996 774 3055 iis
788 2996 858 3055 iniri
873 2995 987 3056 consilii
1000 2997 1046 3057 in·

87 3079 284 3147 teilexissent,
299 3078 403 3156 gladiis
414 3080 563 3142 destrictis
574 3086 675 3159 portas
688 3084 906 3158 occupaverunt
918 3096 1047 3157 suosque

88 3181 193 3226 omnes
207 3162 372 3224 incolumes
386 3171 574 3243 receperunt.

150 3246 229 3309 Xlll.
261 3246 368 3308 Caesar
383 3265 420 3308 ex
435 3250 540 3309 castris
555 3248 718 3325 equitatum
734 3246 820 3307 educi
839 3246 935 3317 iubet,
958 3264 1046 3326 proe·
1063 3255 1074 3303 1

87 3329 163 3394 lium
178 3335 319 3410 equestre
327 3333 499 3401 committit;
516 3331 719 3392 laborantibus
733 3331 791 3397 iam
807 3332 868 3391 suis
883 3330 1046 3393 Germanos

88 3418 205 3496 equites
220 3415 340 3476 circiter
356 3433 433 3478 cccc
447 3417 612 3486 summittit,
630 3432 704 3495 quos
719 3414 756 3477 ab
775 3414 862 3476 initio
874 3411 994 3477 babere
1007 3431 1057 3473 se·

88 3518 158 3564 cum
172 3501 345 3563 instituerat
375 3499 486 3561 Eorum
499 3501 649 3583 impetum
666 3501 747 3568 Calli
761 3503 923 3627 sustinepe
934 3517 1005 3563 non
1014 3513 1074 3578 po·
1089 3501 1112 3549 't

854 3596 878 3659 9
