2356 3870
307 219 408 276 cuttu.
424 219 476 276 vu.
492 220 562 278 GAP.
577 220 805 277 xxx-xxxuu.
980 225 1040 286 141

78 387 201 470 etiacus
216 384 352 463 proximo
368 401 445 445 anno
461 384 589 446 eundem
603 386 807 463 magistratum
828 385 963 463 gesserit.
996 386 1042 447 Ci-
1058 392 1073 447 b

77 470 197 530 vitatem
212 485 278 528 esse
292 486 411 529 omnem
425 470 457 528 in
471 472 579 539 umis,
602 470 727 530 divisum
747 477 896 538 senatum,
919 469 1044 531 divisum
1083 503 1084 509 κ

77 551 231 632 populum,
248 569 316 613 suas
328 553 472 629 cuiusque
486 572 589 615 eorum
605 551 765 614 clientelas
793 553 878 623 Quod
893 555 918 614 si
933 553 1043 614 diutius

77 636 174 697 alatur
181 638 392 706 controversia,
405 637 612 716 toreutipars
625 644 784 715 comperte
799 639 924 698 civitatis
939 637 1041 698 conssi·
1112 677 1115 681 .

76 720 1042 799 gat;idneaccidat,positumineiusdiligentiaatqueauctoritate.

141 803 272 865 XXXIII.
304 803 420 874 Caesar,
437 806 493 866 etsi
507 805 612 866 abedo
624 811 712 881 atque
723 803 808 865 hoste
824 804 977 866 discedere
991 805 1042 865 de·
1059 812 1070 862 1

76 890 286 949 trimentosum
298 906 363 949 esse
379 888 573 959 existimabat,
589 897 688 949 tamen
699 906 758 949 non
769 890 918 966 ignorans,
936 896 1043 965 quanta
1128 920 1131 927 ·

35 1004 38 1007 ·
78 991 115 1033 ex
131 971 364 1041 dissensionibus
383 972 569 1034 incommoda
591 974 663 1033 oriri
685 979 893 1041 consuessent,
910 991 948 1033 ne
963 979 1042 1032 tanta

78 1063 184 1116 ettam
198 1058 355 1116 coniuncta
368 1056 480 1136 populo
495 1057 627 1117 murano
643 1057 753 1125 civitas,
776 1073 863 1133 quam
879 1058 943 1134 ipse
964 1074 1042 1116 sem·

76 1158 132 1220 per
158 1138 280 1200 aluisset
304 1139 502 1217 omnibusque
525 1140 616 1202 rebus
644 1146 792 1209 ornasset,
820 1139 856 1200 ad
880 1142 939 1200 vim
954 1147 1043 1216 atque

77 1241 160 1283 arma
174 1223 382 1292 descenderet,
404 1231 493 1301 atque
514 1243 548 1285 ea
561 1242 645 1304 pars,
662 1240 738 1300 quae
752 1227 851 1284 minus
871 1224 1041 1291 confideret,

76 1307 216 1368 auxiliaa
233 1309 472 1386 Vercingetorige
492 1315 672 1377 accerseret,
693 1307 764 1369 huic
788 1309 832 1368 rei
852 1315 1072 1387 praevertam

77 1391 149 1451 dum
165 1392 340 1451 existimavit
355 1398 392 1461 et,
409 1392 489 1468 quod
503 1392 618 1470 legibus
632 1392 804 1453 Aeduorum
817 1394 868 1460 iis,
891 1393 942 1468 qui
960 1409 1040 1452 sum·

77 1493 160 1535 mum
175 1476 379 1552 magistratum
395 1475 579 1545 obtinerent,
597 1475 741 1536 excedere
757 1494 793 1536 ex
807 1476 915 1536 finibus
930 1493 990 1537 non
1005 1474 1040 1534 li·

77 1565 169 1626 ceret,
178 1576 216 1618 ne
224 1559 294 1635 quid
300 1558 337 1620 de
343 1560 408 1620 iure
416 1566 467 1620 aut
481 1559 518 1619 de
533 1559 757 1637 legibuseorum
773 1559 952 1619 deminuisse
961 1558 1040 1618 vide·

77 1650 172 1711 retur,
190 1644 255 1721 ipse
270 1644 301 1703 in
314 1643 431 1704 Aeduos
442 1644 591 1722 proficisci
602 1645 703 1704 statuit
714 1649 909 1719 senatumque
925 1659 1042 1701 omnem

78 1733 109 1787 et
124 1742 199 1802 quos
213 1727 292 1787 inter
313 1729 513 1787 controversia
534 1733 613 1788 esset
628 1727 664 1787 ad
685 1744 717 1786 se
732 1725 881 1786 Decetiam
902 1726 1039 1785 evocavit.

77 1810 153 1872 Cum
172 1827 267 1889 prope
290 1812 384 1870 omnis
405 1813 505 1872 civitas
528 1829 562 1870 eo
584 1812 784 1879 convenisset,
814 1809 1072 1885 docereturque,3

77 1895 181 1973 paucis
192 1893 266 1953 clam
280 1896 446 1954 convocatis
459 1894 515 1954 alio
530 1893 606 1963 loco,
623 1893 680 1954 alio
691 1901 837 1972 tempore,
853 1899 942 1968 atque
954 1910 1041 1970 opor·

77 1979 179 2046 tuerit,
192 1978 315 2037 fratrem
327 1995 344 2037 a
354 1979 445 2038 tratre
457 1980 667 2043 renuntiatum,
685 1995 753 2038 cum
765 1976 846 2054 leges
861 1976 920 2035 duo
932 1993 969 2035 ex
984 1994 1043 2036 una

77 2061 189 2122 familia
203 2062 267 2121 vivo
287 2068 417 2138 utroque
437 2080 498 2122 non
518 2061 615 2123 solum
636 2062 826 2139 magistratus
846 2061 942 2120 creari
963 2065 1040 2119 vcta·

77 2152 155 2214 rent,
172 2144 225 2205 sed
247 2146 334 2206 etiam
348 2146 380 2204 in
392 2153 497 2206 senatu
513 2164 579 2206 esse
598 2145 806 2224 prohiberent,
823 2143 929 2205 Cotum
948 2144 1042 2222 impe·

77 2230 156 2290 rium
172 2227 323 2307 deponere
338 2231 442 2306 coigm
459 2229 725 2312 Conuictolitauem,
743 2230 793 2305 qui
804 2245 858 2306 per
874 2227 1042 2287 sacerdotes

77 2330 163 2373 more
175 2312 297 2373 civitatis
307 2315 483 2373 intermissis
494 2312 714 2391 magistratibus
725 2318 804 2372 esset
816 2317 942 2379 creatus,
958 2318 1042 2389 pote-

77 2403 186 2457 statem
202 2394 337 2457 obtinere
351 2398 446 2457 iussit.

140 2479 285 2540 ΧΧΧΠΙΙ.
315 2479 379 2540 Hoc
398 2479 518 2541 decreto
537 2482 714 2559 interposito
728 2478 901 2540 cohortatus
915 2478 1072 2546 Aeduosl

78 2572 112 2624 ut
131 2565 401 2624 controversiarum
423 2583 457 2625 ac
478 2564 669 2625 dissensionis
689 2562 934 2624 obliviscerentur
954 2567 1043 2637 atque

78 2646 217 2708 omnibus
238 2648 354 2708 ombus
376 2645 451 2728 [his]
471 2648 563 2708 rebus
583 2647 653 2708 huic
673 2646 751 2708 bello
774 2647 920 2707 servirent
939 2661 1042 2721 eaque,
1155 2682 1162 2692 -

79 2749 156 2808 quae
171 2732 358 2801 meurissent,
373 2733 505 2811 praemia
516 2731 552 2792 ab
568 2749 600 2792 se
615 2731 728 2791 devicta
745 2729 839 2791 Gallia
853 2735 1044 2807 expectarent

80 2816 304 2892 equitatumque
325 2832 443 2876 omnem
465 2822 494 2875 et
513 2815 647 2894 peditum
666 2814 745 2874 milia
767 2813 870 2873 decem
890 2810 946 2872 sibi
967 2811 1042 2871 cele·

79 2901 155 2962 riter
170 2901 336 2968 mitterent,
359 2915 434 2976 quae
449 2900 480 2958 in
494 2898 650 2978 praesidiis
664 2899 709 2959 rei
728 2897 941 2957 frumentariae
956 2912 1044 2955 causa

79 2983 268 3061 disponeret,
286 2985 448 3043 exercitum
458 2983 489 3042 in
504 2983 577 3044 duas
596 2988 696 3061 partes
711 2980 824 3041 divisit:
846 2985 985 3055 quattuor
1001 2978 1044 3039 le·
1060 2987 1076 3036 2

79 3068 183 3144 giones
208 3068 239 3126 in
261 3066 393 3127 Senones
412 3067 602 3143 Parisiosque
627 3064 756 3126 Labieno
783 3061 933 3124 ducendas
952 3062 1042 3133 dedit,

80 3169 133 3212 sex
153 3152 218 3229 ipso
238 3151 270 3210 in
283 3151 430 3212 nrvemos
455 3150 492 3211 ad
519 3149 660 3229 oppidum
680 3148 854 3226 Gergoviam
881 3146 1044 3208 secundum

79 3234 192 3295 flumen
207 3233 311 3295 Elaver
327 3223 424 3303 duxit;
443 3236 590 3312 equitatus
604 3240 720 3313 partem
739 3232 792 3315 iili
803 3230 959 3301 adtribuit,
976 3250 1043 3310 par-

79 3326 142 3379 tem
156 3319 213 3380 sibi
227 3317 357 3395 reliquit.
396 3319 459 3390 Qua
479 3337 513 3380 re
534 3320 650 3396 cognita
665 3317 887 3394 Vercingetorix
907 3314 1075 3376 omnibust

79 3405 256 3483 interruptis
271 3403 334 3463 eius
348 3402 478 3464 fluminis
492 3402 633 3482 pontibus
647 3400 684 3472 ab
705 3401 799 3463 altera
817 3399 951 3462 fluminis
960 3406 1054 3478 pute

79 3490 139 3549 iter
153 3489 252 3550 iacere
266 3487 370 3565 coepit
