2356 3870
304 217 403 274 GOMM.
419 217 460 273 vl.
477 217 546 272 GAP
563 216 812 274 xxxiii-xxxvl.
969 220 1027 280 121

69 381 151 442 silvis
167 380 318 441 Gallorum
339 381 396 440 vita
418 396 505 456 quam
509 374 704 458 legionarius
731 381 815 441 miles
834 381 1028 464 periclitetur,

71 465 158 527 simul
175 471 209 524 ut
222 481 327 540 magna
340 455 534 523 multitudine
557 466 733 525 circumfusa
752 484 808 543 pro
830 464 880 525 tali
899 460 1031 526 facinore

72 551 162 628 stirps
177 566 211 608 ac
225 565 334 607 nomen
349 549 472 607 civitatis
488 547 615 608 tollatur
646 548 768 626 Magnus
782 549 912 625 undique
927 567 1030 648 uume-
1018 555 1062 606 ·9

72 651 123 693 rus
139 631 276 692 celeriter
292 632 435 691 convenit.

133 715 247 776 XXXV
278 697 1028 794 llaeciuomnibusEburonumpartibusgereban·
1046 729 1060 781 1
1165 737 1167 743 ·

72 809 130 869 tur,
148 799 271 875 diesque
286 797 442 875 adpetebat
457 798 609 876 septimus,
628 814 715 880 quem
731 800 766 859 ad
781 800 858 860 diem
875 800 980 860 Caesar
995 800 1031 860 ad

71 883 283 962 impedimenta
293 880 500 958 legionemque
513 883 624 940 reverti
631 884 832 942 constituerat.
854 883 918 951 Hic,
936 891 1061 959 quan-2

72 976 135 1027 tum
149 967 179 1026 in
195 964 273 1025 bello
297 965 416 1024 fortuna
435 967 529 1042 possit
543 972 572 1023 et
587 973 712 1041 quantos
727 965 839 1026 adierat
858 984 957 1034 casus,
981 984 1029 1025 co·

71 1051 175 1128 gnosci
189 1050 294 1127 potuit
312 1049 464 1126 Dissipatis
478 1067 512 1108 ac
523 1050 690 1125 perterritis
701 1048 844 1118 hostibus,
862 1055 895 1109 ut
910 1049 1031 1109 demon·
1047 1057 1064 1108 3

72 1135 246 1201 stravimus,
269 1149 374 1191 manus
396 1139 459 1192 erat
473 1131 567 1200 nulla,
585 1148 659 1208 quae
675 1150 794 1210 parvam
796 1132 896 1193 modo
913 1151 1031 1193 causam

72 1219 189 1276 timoris
210 1214 348 1275 adferret
387 1215 481 1275 Trans
502 1213 639 1275 Rhenum
659 1214 694 1275 ιιι
715 1216 879 1276 Germanos
897 1217 1064 1294 pervenite

72 1303 158 1367 sama,
175 1299 264 1376 diripi
274 1298 428 1358 Eburones
440 1306 528 1375 atque
544 1293 621 1358 ultro
637 1316 739 1359 omnes
755 1300 791 1360 ad
805 1298 947 1379 praedam
963 1315 1030 1359 evo·

73 1386 142 1444 cari
175 1383 291 1458 Cogunt
305 1384 436 1459 equitum
451 1381 509 1441 duo
524 1381 604 1441 milia
618 1382 788 1458 Sugambri,
813 1385 863 1460 qui
878 1389 947 1443 suut
960 1391 1063 1460 pro-o

73 1469 153 1527 xumi
169 1465 289 1534 Rheno,
312 1484 329 1525 a
349 1465 455 1541 quibus
477 1473 613 1542 receptos
629 1484 665 1525 ex
684 1467 753 1544 iuga
765 1466 927 1526 Tencteros
943 1473 1032 1542 atque

74 1552 211 1628 Usipetes
226 1566 316 1626 supra
331 1549 493 1608 docuimus.
517 1549 685 1609 Transeunt
696 1548 832 1610 Rhenum
847 1547 969 1609 navibus
984 1567 1030 1608 ra·
1046 1555 1063 1607 6

73 1633 212 1708 tibusque
233 1633 352 1709 triginta
371 1631 490 1692 milibus
509 1649 650 1709 passuum
671 1633 746 1691 inira
763 1650 831 1692 eum
845 1630 958 1699 locum,
981 1630 1033 1691 ubi

74 1736 148 1794 pons
170 1724 234 1786 erat
253 1717 404 1793 perlectus
423 1714 662 1793 praesidiumque
682 1714 718 1774 ab
740 1716 863 1776 Caesare
883 1712 1030 1784 relictum,

72 1802 185 1878 primos
201 1798 374 1859 Eburonum
388 1798 463 1858 lines
477 1797 600 1864 adeunt;
617 1798 725 1858 multos
741 1817 777 1858 ex
793 1799 862 1875 iuga
883 1797 1033 1876 dispersos

73 1883 233 1960 excipiunt,
250 1899 355 1959 magno
370 1883 487 1960 pecoris
502 1898 641 1949 numero,
658 1883 742 1942 cuius
763 1887 832 1941 sunt
852 1879 1034 1958 cupidissimi

73 1965 201 2033 barbari,
214 1967 378 2042 potiuntur.
401 1964 515 2024 Invitati
526 1964 636 2042 praeda
647 1963 763 2041 longius
774 1963 949 2044 procedunt.
967 1964 1032 2025 Non
1046 1973 1062 2020 7

72 2050 127 2109 hos
142 2047 229 2126 palus
245 2046 305 2127 [iu]
327 2047 405 2109 bello
427 2047 648 2124 latrociniisque
668 2056 768 2117 natos,
789 2066 849 2109 non
864 2046 954 2107 silvae
969 2065 1032 2108 mo·

74 2141 186 2192 rantur.
219 2131 330 2202 Quibus
344 2133 375 2191 in
390 2130 462 2192 locis
481 2134 519 2192 sit
534 2130 654 2200 Caesar,
677 2149 713 2190 ex
732 2133 854 2211 captivis
870 2137 1031 2208 quaerunt;

71 2217 241 2295 proiectum
255 2214 371 2292 longius
387 2216 540 2292 reperiunt
554 2230 731 2290 omnemque
746 2217 908 2275 exercitum
923 2214 1033 2274 disces·

72 2302 148 2361 sisse
164 2307 354 2376 cognoscunt.
389 2299 486 2374 Atque
507 2315 584 2357 unus
605 2315 640 2357 ex
656 2299 790 2375 captivis,
808 2295 971 2373 Quirinos,
988 2299 1032 2358 in·
1049 2304 1067 2356 8

73 2384 146 2460 quit,
164 2380 457 2442 transmiseramus
472 2386 589 2440 tenuem
608 2380 769 2441 sectamini
786 2381 950 2458 proadem,
967 2380 1033 2458 qni·

71 2465 132 2526 hos
146 2464 217 2525 licet
229 2463 292 2525 iana
306 2481 375 2524 esse
384 2461 662 2542 fortunatissimis?
701 2463 812 2524 Tribus
825 2463 912 2525 ioris
926 2461 1032 2523 Adno-

71 2547 434 2626 tncomoenirepotestis:
448 2546 507 2608 bne
519 2565 620 2608 omnes
633 2564 710 2608 snos
721 2546 869 2626 fortunas
880 2548 1035 2609 cenatos

72 2633 284 2693 Romanorum
306 2631 452 2701 contulit;
463 2630 621 2708 praesidii
632 2637 748 2692 tontum
763 2637 819 2708 est,
835 2638 869 2692 nt
881 2650 920 2693 ne
932 2637 1066 2691 mnrnst

72 2715 195 2796 quidem
210 2714 293 2794 cingi
307 2714 520 2793 possitneque
534 2713 695 2793 qnisquam
715 2715 819 2793 egredi
832 2722 923 2776 entra
937 2713 1033 2774 mnni-

72 2799 173 2861 tiones
185 2799 308 2860 andeot.
325 2798 428 2860 Oblata
440 2798 645 2876 speGermani,
663 2817 750 2877 quam
761 2801 839 2859 nacti
850 2805 934 2859 erant
944 2815 1030 2876 prae·
1044 2803 1076 2854 ιιι

73 2885 151 2952 dam,
173 2886 204 2945 in
223 2882 339 2944 occulto
359 2882 546 2958 relinquuut;
574 2883 631 2960 ipsi
651 2882 831 2943 Aduatucam
852 2881 1030 2942 contendunt

72 2969 119 3028 usi
135 2967 239 3027 eodem
255 2966 338 3036 duce,
355 2968 439 3027 cuius
453 2964 527 3026 haec
540 2965 648 3025 indicio
664 2971 869 3042 cognoverant.

136 3049 264 3111 xxxvl.
296 3049 408 3119 Cicero,
426 3050 477 3125 qui
488 3067 590 3109 omnes
605 3051 775 3127 superiores
791 3048 854 3109 dies
868 3051 1035 3130 praeceptis
1051 3055 1065 3106 1

72 3135 206 3195 Caesaris
221 3150 288 3193 cum
303 3151 417 3194 summa
429 3131 578 3209 diligentia
589 3131 696 3194 milites
710 3135 741 3194 in
756 3135 859 3194 castris
875 3134 1035 3203 continuis·

71 3226 118 3278 set
132 3235 168 3277 ac
187 3235 225 3277 ue
246 3216 378 3277 calonem
399 3215 717 3293 quidcm‘quemquam
738 3223 820 3278 extro
839 3217 1035 3277 munitionem

72 3301 175 3378 egredi
188 3318 294 3380 passus
304 3307 391 3369 esset,
407 3301 533 3377 septimo
549 3298 605 3368 die,
622 3298 765 3370 diflidens,
782 3300 819 3360 de
833 3319 958 3361 numero
974 3300 1034 3360 dic·

71 3403 138 3446 rum
153 3384 310 3446 Caesarem
321 3382 409 3444 fldem
422 3389 615 3452 servaturmn,
630 3384 708 3459 quod
719 3382 835 3461 longius
844 3399 1036 3462 progressum

72 3467 209 3530 audiebat
222 3483 320 3543 neque
335 3466 395 3528 ulla
410 3465 446 3526 de
460 3467 558 3527 reditu
570 3468 633 3526 eius
646 3468 723 3528 lama
738 3466 935 3538 adserebatur,
951 3463 1068 3528 simule
