2356 3870
138 190 180 255 92
419 199 567 255 BELLUM
585 195 810 253 nanicuuuu.

139 344 197 405 lide
220 352 341 421 accepta
363 359 455 422 seque
483 350 513 417 et
540 360 594 402 sua
622 342 719 402 omnia
742 348 771 400 et
799 341 942 420 oppidum
970 356 1104 419 procon-

141 428 199 489 suli
221 429 322 488 tradit.

104 523 118 570 1
205 511 400 572 Lllllllllllll.
450 511 513 571 Rex
542 513 662 571 interim
691 507 728 569 ab
756 508 897 570 omnibus
930 506 1105 569 civitatibus

141 596 280 657 exclusus
303 596 458 674 desperata
480 595 584 663 salute,
609 613 677 655 cum
700 597 758 654 iarn
776 600 916 655 coenatus
931 601 1011 654 esset
1034 611 1105 653 cum

140 680 269 750 Petreio,
292 688 326 740 ut
348 699 416 740 oum
432 681 540 740 virtute
562 677 715 739 interiecti
737 696 802 739 esse
817 679 1000 745 viderentur,
1021 677 1104 736 lerro

141 767 220 825 inter
243 783 274 824 se
297 764 481 843 depugnant,
512 770 599 842 atque
629 763 744 823 finnior
770 758 1002 823 imbecilliorem
1031 758 1106 821 Iuba

105 850 294 910 aPetreium
322 849 410 909 facile
439 848 521 908 ierro
556 848 750 926 consmnpsit.
802 846 916 907 Deinde
947 848 1012 925 ipse
1045 844 1106 904 sibi

143 952 211 994 curn
234 942 394 993 conaretur
416 931 515 1009 gladio
538 934 668 991 traicere
691 938 795 1009 pectus
817 948 874 991 nec
895 937 1011 1009 posset,
1027 947 1105 1073 pre·

144 1017 227 1078 cibus
249 1036 266 1077 a
288 1034 374 1078 servo
392 1034 446 1076 suo
469 1017 658 1094 impetravit,
680 1022 715 1075 ut
736 1032 768 1075 se
791 1015 991 1083 interficeret,
1015 1015 1107 1091 ique

143 1101 284 1161 obtinuit.
954 1106 957 1113 '

97 1194 122 1242 .1
208 1183 370 1244 LXXXXV.
420 1182 453 1244 P.
477 1183 584 1244 Sittius
616 1184 737 1243 interim
770 1182 856 1261 pulso
884 1184 1019 1244 exercitu
1052 1180 1107 1242 Sa·

144 1267 268 1337 barrae,
300 1267 444 1347 praelecti
467 1266 573 1338 lubae,
603 1269 726 1345 ipsoque
749 1267 926 1336 interfecto,
956 1268 1108 1327 comiter

144 1370 213 1413 cum
235 1356 339 1430 paucis
361 1369 416 1429 per
431 1352 640 1411 Mauritaniam
655 1350 692 1410 ad
707 1350 863 1411 Caesarem
887 1352 1010 1420 laceret,
1026 1352 1108 1412 forte

144 1435 252 1495 incidit
287 1437 320 1495 in
353 1435 494 1494 Faustum
527 1435 757 1512 Afraniumque,
795 1437 848 1514 qui
884 1453 949 1495 eam
985 1450 1108 1494 manum

145 1519 310 1588 habebant,
339 1533 414 1598 quae
440 1519 556 1578 Uticam
584 1519 766 1596 diripuerat,
795 1520 912 1598 iterque
941 1521 972 1578 in
999 1516 1108 1596 Hispa·

109 1611 124 1660 a
147 1607 227 1665 niam
251 1602 447 1663 intendebant
470 1610 500 1663 et
522 1608 609 1662 erant
629 1620 755 1663 numero
778 1603 900 1663 circiter
921 1602 1016 1662 milless
1048 1603 1108 1662 lta·

146 1706 203 1766 que
226 1687 367 1748 celeriter
389 1690 537 1746 nocturno
559 1694 695 1765 tempore
722 1685 840 1748 insidiis
864 1686 1016 1765 dispositis
1039 1704 1108 1746 cum

146 1775 243 1849 prima
277 1771 344 1831 luce
372 1771 494 1831 adortus
525 1777 647 1848 praeter
680 1782 791 1848 paucos
822 1774 952 1850 equites,
986 1773 1038 1851 qui
1071 1788 1109 1830 ex

147 1857 243 1933 primo
266 1858 383 1932 agmine
406 1856 561 1932 lugerent,
593 1853 726 1932 reliquos
755 1862 804 1922 aut
833 1855 1055 1915 interlicit'aut
1077 1857 1110 1913 in

147 1939 332 1999 deditionem
355 1940 474 2017 accipit,
498 1938 653 1997 Afranium
677 1945 706 1997 et
725 1935 868 1998 Faustum
890 1956 958 1998 cum
981 1940 1110 2016 coniuge

109 2032 126 2078 3
149 2031 178 2084 et
200 2022 306 2082 liberis
329 2024 410 2082 vivos
432 2023 523 2098 capit.
566 2021 674 2081 Paucis
696 2029 762 2099 post
789 2021 895 2082 diebus
923 2021 1111 2082 dissensione

148 2110 180 2166 in
214 2107 347 2164 exercitu
383 2113 447 2164 orta
480 2104 605 2165 Faustus
638 2113 668 2165 et
698 2106 837 2167 Afranius
870 2105 1110 2172 interficiuntur:

149 2190 308 2266 Pompeiae
332 2205 399 2248 cum
414 2188 516 2248 Fausti
539 2187 646 2248 liberis
661 2189 768 2249 Caesar
790 2191 1027 2249 incolumitatem
1042 2206 1109 2249 sua-

148 2290 206 2351 que
228 2274 328 2331 omnia
351 2274 510 2332 concessit.
654 2312 658 2317 -

113 2367 126 2412 1
212 2354 389 2415 lxxxxvi.
435 2355 536 2433 Scipio
558 2356 680 2416 interim
704 2373 771 2416 curn
793 2355 969 2435 Damasippo
992 2366 1021 2415 ct
1036 2356 1111 2416 'Por-

149 2448 238 2519 quato
260 2448 290 2500 et
305 2439 453 2500 Plaetorio
468 2439 613 2499 Rustiano
635 2439 761 2499 navibus
783 2440 881 2516 longis
896 2441 946 2501 diu
968 2439 1111 2501 multum·

61 2553 70 2571 ·
149 2542 207 2602 que
236 2527 355 2591 iactati,
389 2542 457 2584 cum
485 2524 658 2600 Hispaniam
691 2531 843 2601 peterent,
878 2525 914 2583 ad
942 2524 1112 2603 Hipponem

149 2609 266 2683 regium
289 2608 475 2674 deseruntur,
499 2607 552 2666 ubi
576 2606 681 2666 classis
703 2607 735 2666 P.
759 2606 828 2667 Sitti
856 2625 911 2685 per
939 2608 970 2667 id
992 2615 1112 2685 tempus

66 2703 67 2707 ’
113 2698 225 2750 terat.
280 2691 304 2751 Α
336 2707 393 2768 qua
429 2692 571 2767 pauciora
604 2689 641 2750 ab
678 2691 874 2768 amplioribus
907 2693 1113 2752 circumventa

150 2776 267 2851 navigia
290 2774 514 2852 deprimuntur,
537 2774 640 2854 ibique
662 2774 778 2853 Scipio,
803 2794 871 2835 cum
894 2774 1004 2854 quibus
1022 2776 1113 2853 paulo

151 2868 220 2919 ante
241 2860 408 2927 nominavi,
431 2860 558 2919 interiit.
890 2932 893 2937 ι

116 2953 128 2999 1
214 2941 406 3002 LXXllllVll.
451 2943 561 3012 Caesar
586 2943 707 3002 interim
730 2942 834 3002 Zamae
863 2946 1000 3003 auctione
1028 2945 1113 3022 regia

151 3026 229 3087 lacta
253 3025 401 3104 bonisque
424 3042 529 3086 eorum
551 3025 696 3094 venditis,
719 3029 771 3104 qui
795 3029 874 3086 cives
895 3027 1020 3088 Romani
1041 3045 1113 3087 oon·

152 3118 198 3168 tra
234 3109 376 3187 populum
411 3110 577 3170 Romanurn
611 3126 693 3169 arma
729 3110 873 3179 tulerant,
910 3112 1114 3189 praemiisque

153 3193 361 3262 Zamensibus,
391 3194 501 3271 quide
530 3209 601 3270 rege
623 3193 808 3254 excludendo
836 3195 996 3255 consilium
1026 3213 1114 3273 cepe-

153 3285 228 3345 rant,
262 3275 387 3337 tributis
419 3277 673 3356 vectigalibusque
711 3281 805 3354 regiis
837 3281 966 3356 erogatis
996 3296 1033 3339 ex
1066 3286 1114 3339 r'e·

152 3379 269 3439 guoque
301 3363 455 3439 provincia
487 3363 564 3422 lacta
587 3370 675 3440 atque
711 3360 756 3420 ibi
788 3361 928 3423 Sallustio
960 3380 1015 3440 pro
1043 3376 1116 3423 eon·

153 3445 216 3505 sule
240 3463 308 3517 cum
337 3448 464 3525 imperio
491 3445 597 3505 relicto
621 3448 684 3523 ipse
714 3445 802 3506 Zama
831 3462 971 3524 egressus
998 3445 1116 3508 Uticam
