2356 3870
342 229 441 288 coum.
457 230 476 287 I.
498 228 568 286 GAP.
584 228 822 286 xxxvl-xxxx.
1019 230 1059 295 ²1

160 390 332 456 XXXVIIII.
357 393 432 454 Dum
452 408 564 471 paucos
585 391 648 452 dies
664 391 700 452 ad
714 391 924 452 Vesontionem
938 395 983 454 rei
997 394 1060 454 lru·
1078 398 1092 455 Ι

97 479 262 538 mentariae
278 483 519 552 commeatusque
531 493 618 536 causa
632 480 775 544 moratur,
788 492 825 534 ex
836 478 1061 553 percontatione

97 566 272 622 nostrorum
287 558 468 635 vooIbusque
484 557 636 619 Gallorum
657 575 691 618 ac
706 565 920 628 mercatorum,
944 561 995 637 qui
1015 562 1060 620 in·

97 645 180 721 gentl
193 642 397 721 magnitudine
409 659 569 720 corporum
584 641 756 710 Germanos,
772 641 938 702 incredibili
951 645 1060 704 vlrtute

98 733 188 804 atque
205 727 464 786 exercitationem
479 726 569 785 armis
585 742 651 785 esse
670 724 880 804 praedicabant
897 759 931 769 —-
956 745 1060 805 saepe·

97 827 226 870 numero
241 827 309 870 sese
323 826 392 870 cum
406 806 452 868 his
465 825 641 885 congressos
656 826 693 868 ne
710 802 823 868 uultum
838 809 956 885 quidem
972 818 1061 886 atque

98 896 194 954 aciem
209 892 365 953 oculorum
380 889 518 952 dicebant
532 893 613 951 ferre
626 891 761 970 potuisse
778 925 825 960 -,
847 899 947 952 tantus
962 892 1061 952 subito

97 978 188 1036 timor
208 993 329 1036 omnem
351 976 516 1036 exercitum
542 976 711 1052 occupavit,
739 980 852 1035 utnon
872 976 1062 1037 mediocrIter

97 1061 232 1120 omnium
246 1064 363 1120 mentes
377 1059 550 1134 animosque
563 1057 764 1136 perturbaret.
798 1058 853 1118 Hic
866 1061 997 1137 primum
1012 1078 1060 1120 or·
1076 1069 1093 1118 a

97 1149 148 1202 tus
163 1150 208 1202 est
223 1160 241 1202 a
254 1141 382 1202 tribums
401 1141 543 1209 militum,
563 1142 722 1219 praelectis
741 1141 937 1219 reliquisque,
959 1145 1011 1221 qui
1026 1161 1062 1203 ex
1169 1192 1172 1197 .

96 1224 174 1288 urbe
189 1225 336 1285 amIcItiae
351 1241 439 1284 causa
454 1223 611 1285 Caesarem
630 1227 725 1284 secuti
744 1243 804 1285 non
827 1226 967 1304 magnum
981 1229 1013 1287 in
1028 1245 1062 1287 re

96 1307 219 1369 militari
240 1325 329 1368 usum
349 1306 512 1368 habebant:
536 1322 663 1383 quorum
683 1307 758 1368 alius
777 1307 833 1368 alia
854 1327 942 1369 causa
960 1309 1061 1378 inlata,
1077 1319 1093 1370 3

97 1407 189 1468 quam
202 1389 261 1451 sibi
275 1389 312 1451 ad
326 1388 574 1469 proficiscendum
585 1392 783 1452 necessariam
795 1408 860 1452 esse
870 1391 992 1462 diceret,
1009 1411 1062 1471 pe·

96 1474 189 1543 tebat,
205 1481 241 1535 ut
255 1475 319 1535 eius
333 1473 485 1534 voluntate
496 1473 648 1534 discedere
659 1472 780 1542 lIceret;
797 1475 932 1535 nonnulli
946 1475 1062 1554 pudore

97 1558 228 1628 adducti,
244 1565 278 1618 ut
292 1558 407 1617 umoris
422 1557 621 1635 suspIcionem
635 1559 771 1625 vitarent,
787 1558 988 1620 remanebant.
1027 1560 1062 1619 Hi
1077 1569 1094 1617 4

96 1658 197 1718 neque
210 1640 326 1702 vultum
336 1641 449 1716 lingere
463 1656 561 1716 neque
571 1640 721 1700 interdum
737 1639 872 1700 lacrimas
887 1649 991 1701 tenere
1006 1660 1060 1721 po·

97 1731 212 1784 terant:
238 1722 330 1783 abditi
344 1724 375 1782 in
389 1720 587 1783 tabernaculis
608 1730 659 1782 aut
678 1740 766 1782 suum
785 1723 879 1782 latum
894 1724 1060 1800 quereban-

97 1813 146 1868 tur
161 1814 214 1867 aut
229 1825 296 1867 cum
312 1804 506 1866 familiaribus
525 1807 587 1865 suls
607 1822 765 1866 commune
784 1805 951 1884 periculum
971 1811 1060 1869 mise·

96 1890 252 1951 rabuntur.
290 1889 385 1966 Vulgo
404 1890 476 1949 totis
496 1891 601 1949 castris
621 1895 796 1949 testamenta
820 1889 1059 1968 obsignabantur.
1076 1900 1092 1951 ⁶

96 1973 213 2035 Ilorum
227 1971 351 2033 vocibus
365 1989 399 2031 ao
413 1973 521 2032 timore
534 1971 676 2050 paulatim
692 1973 780 2032 etiam
794 1974 832 2042 ii,
855 1976 906 2051 qui
920 1992 1061 2052 magnum

95 2059 125 2118 lu
141 2057 251 2118 castris
264 2074 353 2116 nsum
367 2053 529 2122 habebant,
546 2055 653 2115 milites
668 2058 932 2134 centurionesque,
949 2061 1059 2137 quique

95 2141 244 2218 equitatui
257 2145 424 2219 praeerant,
440 2137 701 2217 perturbabantur.
730 2139 786 2210 Qui
800 2158 832 2200 se
848 2158 886 2200 ex
900 2139 946 2201 his
961 2145 1059 2202 minus
1074 2150 1091 2202 6

95 2223 218 2285 dmidos
234 2223 395 2283 existimari
407 2220 554 2291 volebant,
567 2240 628 2282 non
639 2241 672 2283 se
686 2221 803 2283 hostem
817 2225 923 2293 vereri,
940 2225 992 2285 sed
1007 2243 1058 2285 an·

94 2308 210 2386 gustias
223 2307 340 2367 itinerIs
351 2311 381 2366 et
391 2305 624 2383 magnitudinem
636 2304 785 2374 silvarum,
802 2322 877 2383 quae
891 2308 1057 2368 intercede·

94 2397 165 2452 rent
179 2391 259 2450 inter
273 2391 354 2468 ipsos
369 2396 457 2465 atque
471 2388 663 2458 Ariovistum,
679 2396 731 2449 aut
744 2406 809 2449 rem
824 2390 1057 2460 frumentariam,

93 2481 128 2535 ut
140 2473 215 2534 satis
228 2471 381 2533 commode
394 2473 564 2551 supportari
574 2478 685 2550 posset,
698 2473 803 2533 dmere
815 2472 962 2534 dIcebant.
978 2473 1058 2535 Non·
1074 2484 1090 2532 7

93 2557 171 2618 nulli
184 2557 273 2616 etiam
284 2555 403 2617 Caesari
416 2555 597 2625 nuntiarant,
613 2573 679 2616 cum
697 2562 793 2616 castra
808 2559 920 2617 moveri
930 2575 964 2618 ac
976 2559 1058 2636 signa

93 2641 171 2702 terri
185 2640 329 2709 iussisset,
345 2656 406 2699 non
419 2638 485 2698 lore
499 2638 577 2699 dicto
587 2639 740 2700 audlantes
755 2638 863 2700 milites
874 2657 972 2716 neque
985 2660 1056 2720 pro·

92 2730 162 2804 pter
177 2723 317 2782 timorem
331 2723 415 2799 signa
428 2721 549 2782 laturos.

157 2805 277 2869 XXXX.
300 2805 379 2866 Ilaec
394 2821 462 2865 oum
476 2804 744 2876 animadvertisset,
761 2814 920 2868 convocato
936 2807 1057 2868 consilio
1073 2815 1102 2867 1.

94 2890 292 2965 ommumqua
311 2887 449 2949 ordinum
469 2887 555 2949 adid
576 2888 731 2950 consilium
752 2887 890 2951 adhibids
906 2884 1055 2951 centurio·
1146 2957 1150 2964 ,

92 2973 194 3042 nibus,
209 2971 403 3033 vehementer
417 2989 468 3032 eos
482 2972 642 3032 incusavit:
658 2973 788 3050 primum
801 2973 889 3050 quod,
906 2980 957 3034 aut
968 2991 1057 3051 quam

91 3060 122 3118 tn
136 3063 257 3137 partem
272 3063 322 3116 aut
337 3071 396 3133 quo
417 3053 541 3116 consilio
563 3053 758 3126 ducerentur,
779 3056 836 3117 sibi
852 3059 1056 3135 quaerendum

93 3149 144 3202 aut
158 3138 352 3218 cogitandum
365 3143 514 3217 putarent.
551 3138 728 3199 Ariovistum
743 3157 776 3200 se
791 3141 913 3202 consule
929 3141 1055 3220 cupidis·
1070 3150 1087 3199 2

92 3225 168 3285 alme
187 3221 293 3303 populi
312 3221 439 3283 Romani
457 3221 614 3282 amicitiam
634 3221 797 3301 adpetisse:
821 3243 875 3286 eur
894 3224 973 3286 bunc
994 3233 1055 3286 tam

92 3313 208 3368 temere
228 3307 385 3384 quisquam
405 3304 442 3365 ab
462 3305 560 3366 oliicio
574 3304 776 3367 discessurum
795 3308 956 3369 ludicaretl
993 3309 1086 3370 Sibia

94 3389 214 3467 quidem
227 3389 413 3470 persuaderi,
427 3389 551 3467 coguitis
561 3389 623 3449 suis
634 3388 789 3468 postulatis
803 3398 892 3471 atque
907 3393 1057 3470 aequitate

94 3475 301 3537 condiclonum
310 3478 471 3555 perspecta
482 3489 550 3534 eum
564 3489 663 3555 neque
674 3494 762 3542 suam
773 3495 876 3562 naqm
886 3475 1071 3564 populius·
