2356 3870
175 216 216 278 64
498 213 537 269 DE
553 213 656 270 BELLO
672 213 811 268 Gallico

175 377 212 438 de
228 378 395 438 Sueborum
416 378 531 438 iniuriis
552 384 714 452 querantur
734 385 763 437 et
778 395 794 437 a
814 394 846 437 se
861 375 1002 436 auxilium
1016 383 1133 454 petant:

174 458 231 521 hoc
246 480 278 522 se
295 461 376 522 Ubiis
390 463 615 540 imperaturum,

144 552 156 600 1
238 544 323 605 v1111.
348 545 449 623 Legati
463 544 535 606 haec
550 562 582 605 se
598 544 634 605 ad
655 563 724 605 suos
739 543 886 609 relaturos
901 543 1042 603 dixerunt
1057 550 1134 602 etro

175 627 336 689 deliberata
349 636 418 708 post
432 629 510 689 diem
526 629 646 689 tertium
660 628 697 689 ad
713 628 867 689 Caesarem
882 644 1072 688 reversuros:
1088 627 1133 686 in·

141 719 157 772 t
172 717 256 772 terea
270 730 308 772 ne
323 714 446 791 propius
461 731 494 773 se
509 718 604 773 castra
619 719 760 780 moveret,
777 713 935 790 petierunt.
965 710 1008 771 Ne
1022 709 1052 769 id
1069 711 1133 786 qui·

142 801 158 852 3
173 795 240 855 dem
254 795 360 856 Caesar
375 795 411 856 ab
426 814 458 856 se
472 797 624 875 impetrari
636 813 724 873 posse
739 796 820 855 dixit.
845 793 1029 872 Cognoverat
1044 796 1131 862 enim,

173 896 309 955 magnam
324 887 439 958 partem
455 882 604 956 equitatus
618 879 654 939 ab
669 880 706 939 iis
720 877 832 954 aliquot
843 877 949 938 diebus
963 884 1032 938 ante
1046 896 1132 956 prae-

173 961 263 1022 dandi
276 963 535 1040 frumentandique
550 981 638 1023 causa
658 961 694 1022 ad
709 961 902 1023 Ambivaritos
924 968 1006 1022 trans
1020 961 1132 1022 Mosam

172 1047 308 1106 missam:
333 1045 387 1106 bos
408 1049 557 1124 expectari
578 1047 691 1124 equites
712 1052 800 1123 atque
821 1047 885 1106 eius
906 1047 951 1106 rei
965 1063 1054 1106 causa
1068 1063 1131 1104 mo·

172 1146 237 1189 ram
251 1130 400 1209 interponi
414 1129 620 1191 arbitrabatur.

142 1217 155 1267 l
234 1213 269 1273 X.
294 1213 373 1274 Mosa
388 1213 510 1292 profluit
531 1232 566 1274 ex
582 1221 681 1274 monte
697 1215 825 1291 Vosego,
848 1214 899 1289 qui
921 1213 1010 1272 estin
1025 1211 1133 1272 finibus

171 1295 352 1373 Lingonum,
375 1304 404 1357 ct
418 1303 502 1375 parte
518 1297 643 1373 quadam
662 1315 696 1356 ex
712 1296 816 1356 Rheno
831 1303 967 1374 recepta,
990 1312 1066 1372 quae
1081 1314 1132 1373 ap·

139 1387 156 1435 a
170 1378 298 1457 pellatur
315 1379 450 1449 Vacalus,
466 1380 592 1441 insulam
608 1381 697 1441 efficit
711 1381 889 1441 Batavorum
903 1397 1001 1455 neque
1015 1377 1132 1455 longius

142 1467 157 1518 3
171 1460 207 1522 ab
221 1462 337 1523 Oceano
353 1462 471 1524 mllibus
481 1483 622 1543 passuum
637 1484 719 1525 nm
733 1466 764 1524 in
775 1462 913 1524 Rhenum
922 1461 1027 1522 influit.
1052 1462 1128 1522 Rhe·

171 1563 228 1606 nus
240 1553 340 1606 autem
352 1549 447 1607 oritur
460 1566 495 1608 ex
506 1548 666 1627 Lepontiis,
683 1548 733 1623 qui
744 1546 832 1624 Alpes
843 1545 985 1614 incolunt,
999 1551 1029 1605 et
1043 1544 1131 1622 longo

171 1630 266 1708 spatio
286 1648 342 1708 per
362 1630 435 1691 fines
455 1631 659 1700 Nantuatium,
681 1630 896 1700 Helvetiorum,
914 1629 1129 1706 Sequanorum,

170 1713 439 1783 Mediomatricum,
461 1714 672 1783 Tribocorum,
689 1715 888 1774 Treverorum
908 1714 1015 1774 citatus
1035 1713 1131 1772 fertur

138 1804 213 1865 tet,
238 1796 290 1857 ubi
305 1797 422 1858 Oceano
443 1797 702 1877 adpropinquavit,
730 1799 770 1857 in·
781 1796 884 1876 plures
909 1796 1013 1857 defluit
1030 1803 1131 1875 partes

170 1879 273 1940 multis
287 1880 516 1958 ingentibusque
531 1882 635 1942 insulis
650 1881 776 1948 effectis,
799 1897 925 1957 quarum
940 1898 1010 1958 pars
1026 1898 1131 1956 magna

138 1964 272 2032 baferis
292 1963 486 2040 barbarisque
507 1964 675 2025 nationibus
694 1963 843 2032 incolitur,
866 1982 902 2024 ex
923 1963 1030 2040 quibus
1050 1973 1128 2031 sunt,

170 2048 220 2122 qui
236 2047 367 2124 piscibus
381 2055 469 2124 atque
485 2050 546 2108 ovis
561 2050 657 2108 avium
669 2049 766 2108 rivere
783 2048 998 2117 existimantur,
1015 2047 1129 2107 multis·

170 2144 228 2205 que
244 2128 388 2208 capitibus
404 2133 434 2191 in
450 2131 600 2192 Oceanum
615 2131 720 2192 influit,

138 2219 151 2269 1
232 2213 279 2272 xl.
310 2213 417 2275 Caesar
438 2234 505 2274 cum
526 2215 562 2276 ab
583 2215 668 2276 hoste
689 2233 750 2275 non
776 2215 902 2294 amplius
921 2233 1063 2293 passuum
1084 2235 1130 2274 ιιι

168 2296 288 2356 milibus
309 2297 440 2367 abesset,
463 2305 496 2358 ut
517 2307 581 2361 erat
601 2301 808 2368 constitutum,
830 2298 866 2360 ad
889 2316 957 2358 eum
978 2297 1066 2376 legati
1080 2317 1128 2358 re·

169 2387 341 2449 vertuntur;
359 2383 454 2458 quiin
469 2383 576 2444 itinere
592 2383 743 2460 congressi
757 2400 947 2460 magnopere,
963 2401 1001 2443 ne
1012 2382 1129 2459 longius

136 2472 152 2520 2
167 2464 409 2541 progrederetur,
426 2465 558 2526 orabant.
599 2467 671 2527 Cum
685 2467 717 2526 id
732 2485 792 2526 non
805 2469 1021 2545 inpetrassent,
1044 2472 1128 2544 pete-

168 2546 253 2615 bant,
271 2549 315 2608 uti
329 2548 365 2609 ad
382 2567 433 2609 eos
448 2551 571 2625 equites,
589 2553 639 2627 qui
654 2568 760 2627 agmen
775 2551 1020 2618 antecessissent,
1042 2567 1128 2627 prae-

168 2631 300 2690 mitteret
315 2649 426 2708 eosque
440 2650 539 2711 pugna
559 2633 747 2712 prohiberet,
769 2632 884 2710 sibique
905 2639 938 2694 ut
952 2639 1129 2712 potestatem

137 2715 278 2774 siccaret
291 2716 323 2774 in
339 2715 429 2776 Ubios
443 2715 557 2792 legatos
572 2717 722 2785 mittendi;
747 2733 874 2793 quorum
890 2719 916 2777 si
929 2718 1079 2796 principes
1095 2733 1128 2775 ac

168 2805 288 2858 senatus
313 2798 370 2858 sibi
393 2800 586 2859 iureiurando
612 2801 699 2861 fldem
723 2801 857 2870 fecisset,
885 2815 919 2861 ea
945 2800 1127 2866 condicione,

168 2898 243 2956 quae
265 2882 421 2944 aCaesare
441 2885 581 2952 ferretur,
603 2902 635 2944 se
657 2903 763 2945 usuros
785 2884 993 2945 ostendebant:
1018 2883 1053 2944 ad
1075 2883 1128 2943 has

135 2972 214 3024 tres
236 2966 431 3027 conficiendas
452 2966 509 3028 sibi
529 2967 618 3028 tridui
639 2970 766 3047 spatium
787 2968 879 3028 daret.
924 2968 1003 3028 Haec
1030 2967 1126 3027 omnia

167 3047 273 3108 Cacsar
290 3049 394 3109 eodem
410 3050 459 3109 illo
481 3053 639 3129 pertinere
647 3051 856 3120 arbitrabatur,
879 3059 912 3111 ut
933 3051 1023 3112 tridui
1043 3069 1126 3110 mora

165 3133 341 3210 interposita
362 3136 476 3209 equites
499 3153 615 3205 eorum,
639 3138 690 3213 qui
711 3135 863 3205 abessent,
885 3142 1124 3201 reverterentur:

165 3221 264 3275 tamen
284 3234 349 3276 sese
370 3235 430 3277 non
450 3217 566 3295 longius
586 3218 704 3281 milibus
725 3231 867 3299 passuum
882 3227 1021 3296 quattuor
1036 3236 1123 3295 aqua·

133 3299 252 3359 titionis
274 3318 361 3362 causa
382 3320 594 3380 processurum
615 3322 650 3364 eo
671 3305 719 3364 die
739 3302 828 3364 dixit:
858 3303 916 3364 huc
936 3310 1057 3382 postero
1078 3303 1126 3361 die

165 3399 253 3460 quam
268 3385 501 3461 frequentissimi
517 3389 724 3456 convenirent,
748 3395 780 3448 ut
800 3387 836 3448 de
853 3406 956 3449 eorum
971 3386 1125 3466 postulatis

132 3473 365 3544 dcognosceret,
403 3471 526 3531 Interim
542 3473 577 3531 ad
592 3474 774 3551 praefectos,
797 3474 848 3551 qui
863 3491 930 3534 cum
945 3472 1028 3532 omni
1043 3472 1119 3549 equi·
