2356 3870
129 187 176 250 42
384 190 530 246 BELLUM
544 188 846 246 ALEXANDRINUM.

135 344 231 423 gressi
253 340 330 401 nihil
352 358 388 402 ex
410 339 476 401 loco
491 341 646 419 superiore
661 340 771 400 inermi
787 341 934 417 prolicere
949 331 1101 416 poterant,

93 429 171 487 abt
193 427 289 486 nostri
312 425 438 485 victoria
461 423 530 485 elati
554 423 658 484 subire
680 425 818 503 iniquum
840 424 939 484 locum
955 424 1124 484 munitio·-

136 527 248 588 nesque
270 508 393 586 adgredi
415 526 476 570 non
498 509 685 568 dubitarunt.
733 505 970 568 Defendentibus
998 514 1101 568 autem

136 596 172 654 iis
203 590 376 654 cohortibus
405 601 517 661 castra,
546 609 619 672 quas
646 590 817 652 Pharnaces
845 590 995 670 praesidio
1024 593 1101 652 reli·

87 686 112 734 4
136 686 251 757 querat,
276 675 416 737 celeriter
437 679 545 738 castris
559 676 691 737 hostiurn
707 683 777 735 sunt
792 677 892 752 potiti.
935 674 1102 736 Interfecto

135 760 328 825 multitudine
360 763 442 822 omni
474 779 598 823 suorum
631 769 683 819 aut
716 768 800 838 capta
823 759 995 820 Pharnaces
1030 779 1100 820 curn

136 846 240 925 paucis
262 845 415 924 equitibus
437 847 584 923 profugit;
609 844 657 905 cui
680 844 739 921 nisi
761 854 927 905 castrorum
944 861 1100 922 oppugna·

135 932 177 991 tio
199 928 370 991 facultatem
393 929 541 991 attulisset
563 926 689 988 liberius
716 927 924 1006 profugiendi,
954 930 1040 991 vivus
1069 930 1101 989 iu

136 1015 274 1077 Caesaris
295 1022 472 1091 potestatem
495 1012 640 1074 adductus
663 1020 751 1072 esset.

95 1101 115 1151 'l
199 1096 335 1158 LXXVll.
380 1098 444 1159 Tali
467 1097 594 1159 victoria
615 1097 727 1157 totiens
749 1098 843 1156 victor
866 1096 973 1157 Caesar
996 1098 1100 1158 incre·

137 1180 223 1243 dibili
246 1189 292 1241 est
314 1181 426 1242 laetitia
448 1180 591 1248 adlectus,
615 1179 695 1259 quod
711 1183 870 1241 maximum
886 1180 998 1243 bellum
1013 1189 1100 1243 tanta

137 1267 292 1328 celeritate
315 1267 502 1334 coniecerat,
531 1262 669 1344 quodque
692 1264 785 1325 subiti
808 1266 934 1343 periculi
956 1265 1101 1326 recorda·

136 1351 217 1413 tione
232 1349 340 1413 laetior
356 1346 465 1429 [quod]
481 1350 605 1409 victoria
627 1347 727 1408 facilis
743 1366 779 1408 ex
796 1348 983 1409 difficillimis
1006 1347 1101 1410 rebus

90 1435 113 1485 2
137 1433 298 1494 acciderat.
341 1432 436 1495 Ponto
459 1439 581 1510 recepto
603 1431 713 1510 praeda
736 1433 821 1493 omni.
841 1435 925 1509 regia
947 1431 1101 1494 militibus

137 1516 300 1579 condonata
325 1526 446 1594 postero
468 1515 517 1577 die
540 1533 607 1576 cum
630 1516 777 1595 expeditis
789 1516 942 1595 equitibus
952 1518 1016 1595 lpse
1028 1534 1099 1595 pro·

137 1602 294 1670 ficiscitur,
318 1600 467 1678 legionem
489 1609 602 1660 sextam
625 1599 771 1664 decedere
794 1600 831 1661 ad
852 1603 984 1678 praemia
1009 1611 1099 1680 atque

138 1687 267 1747 honores
288 1684 482 1762 accipiendos
503 1686 536 1745 in
557 1684 678 1747 ltaliam
702 1683 803 1753 iubet,
832 1683 940 1744 auxilia
963 1685 1104 1747 Deiotari

138 1770 257 1831 domurn
285 1770 426 1835 remittit:
455 1767 530 1829 duas
557 1768 691 1846 legiones
717 1784 785 1828 curn
813 1766 915 1828 Coelio
943 1768 1101 1831 Viniciano

138 1856 171 1916 in
192 1853 287 1916 Ponto
310 1852 442 1930 reliquit.

96 1942 116 1992 t
202 1936 353 1998 LXXVlll.
399 1935 444 1997 lta
471 1954 526 2014 per
555 1935 789 2012 Gallograeciam
811 1935 1040 2015 Bithyniamque
1068 1940 1101 1999 in

138 2024 236 2083 Asiam
260 2023 318 2082 iter
345 2020 417 2081 lacit
448 2022 642 2099 omniumque
674 2037 776 2080 earnm
808 2022 1029 2097 provinciarum
1065 2023 1101 2082 de

139 2105 353 2166 controversiis
375 2105 527 2180 cognoscit
555 2111 586 2162 et
612 2106 729 2172 statuit3
763 2104 830 2162 iura
857 2105 893 2165 ¹in
923 2106 1100 2177 tetrarchas,

96 2198 241 2266 aroges,
272 2189 407 2251 civitates
429 2185 593 2247 distribuit.
647 2186 841 2249 Mithridaten
872 2186 1102 2267 Pergamenum,

62 2295 64 2299 ¹
140 2289 160 2332 u
192 2289 251 2350 quo
283 2289 347 2331 rem
381 2269 512 2332 feliciter
541 2270 741 2351 celeriterque
767 2279 881 2349 gestam
911 2274 943 2332 iu
970 2273 1103 2354 Aegypto

140 2355 428 2435 suprascripsimus,
451 2356 535 2433 regio
557 2372 668 2434 genere
691 2365 798 2424 ortum,
823 2355 989 2435 disciplinis
1012 2363 1103 2421 etiarn

140 2442 233 2519 regiis
256 2438 412 2501 educatum
433 2472 476 2482 —
497 2457 567 2499 narn
589 2439 790 2507 Mithridates,
816 2457 869 2500 rex
890 2442 978 2502 Asiae
999 2447 1103 2514 totius,

141 2533 264 2604 propter
287 2522 475 2584 nobilitatem
497 2523 642 2601 Pergamo
665 2541 766 2584 seeum
789 2525 944 2602 parvulum
968 2538 1103 2605 asporta·

141 2617 224 2669 verat
245 2609 278 2667 in
300 2615 399 2667 castra
421 2606 588 2685 multosque
611 2609 777 2667 retinuerat
805 2626 899 2668 annos
920 2643 977 2680 -‚
1000 2630 1105 2690 regem

141 2691 287 2770 Bosphori
310 2691 480 2756 constituit,
504 2694 555 2769 qui
579 2690 634 2750 suh
658 2693 786 2769 imperio
809 2693 972 2754 Pharnacis
994 2696 1103 2765 luerat,

142 2778 371 2855 provinciasque
394 2773 495 2853 populi
517 2775 643 2835 Romani
665 2793 681 2835 a
705 2774 843 2836 barbaris
866 2783 953 2857 atque
975 2778 1107 2852 inimicis

100 2872 122 2920 a
142 2860 265 2938 regibus
280 2861 459 2938 interposito
475 2862 657 2920 amicissimo
672 2877 743 2938 rege
759 2863 896 2921 munivit.
940 2861 1045 2924 Eidem
1061 2873 1106 2926 te·

142 2943 294 3005 tranchian
318 2941 467 3022 [legibus]
492 2943 753 3022 Gallograecorum
774 2946 841 3006 iure
863 2946 961 3023 gentis
995 2956 1023 3008 et
1057 2968 1107 3010 co·

143 3030 294 3104 gnationis
325 3026 521 3096 adiudicavit,
555 3035 729 3106 occupatam
752 3036 782 3088 et
803 3047 971 3107 possessam
1002 3037 1110 3111 paucis

101 3120 213 3171 tante
236 3112 324 3171 anuis
345 3129 362 3170 a
383 3109 534 3171 Deiotaro.
584 3111 685 3192 Neque
714 3120 813 3173 tamen
841 3132 965 3193 nsquam
994 3117 1110 3180 diutius

145 3201 277 3255 moratus
305 3201 366 3264 est,
404 3212 492 3275 quarn
521 3199 684 3257 necessitas
712 3195 896 3260 urbanarum
925 3201 1109 3263 seditionum

103 3280 207 3357 §pati
233 3277 398 3340 videbatur.
442 3277 544 3340 Rebus
578 3281 751 3343 felicissime
786 3283 1004 3364 celerrimeque
1036 3298 1111 3349 con·

145 3364 233 3426 lectis
254 3365 286 3424 in
307 3361 423 3424 ltaliam
446 3362 576 3425 celerius
598 3367 732 3427 omniurn
755 3368 896 3446 opinione
918 3371 1012 3431 venit.
