2356 3870
232 243 236 250 ’
344 227 439 288 ,CAR
452 225 712 284 XXXII-XXXV.
972 222 1013 287 61

50 380 205 442 Decimius
227 378 424 456 quaestorius,
447 376 499 456 qui
522 375 566 437 ibi
588 393 656 438 cum
678 377 784 456 grandi
799 378 913 439 lamilia
928 395 1014 455 prae·

50 470 118 525 erat
142 461 293 542 praesidio
325 463 520 530 commeatui,
559 462 713 539 parvulum
736 461 888 538 navigium
911 469 1016 522 nactus

52 547 230 609 conscendit
252 564 286 607 ac
309 564 340 606 se
363 547 452 623 lugae
474 544 673 606 commendat.
718 545 878 606 Sallustius
894 547 1053 606 interime

52 639 175 711 praetor
192 630 421 692 adercinitanis
436 637 578 708 receptus
592 647 700 707 magno
722 647 848 689 numero
871 631 1017 690 frumenti

53 720 175 776 invento
190 732 289 774 naves
312 715 482 783 onerarias,
505 729 632 794 quarum
653 712 697 773 ibi
720 715 793 773 satis
808 730 915 790 magna
930 716 1016 792 copia

53 802 127 869 luit,
169 798 300 877 complet
333 805 421 877 atque
454 799 486 858 in
520 804 616 858 eastra
649 796 686 857 ad
719 797 875 858 Gaesarem
911 801 1016 859 mittit.

53 884 177 945 Alienus
199 884 322 942 interim
343 881 505 960 proconsul
528 880 669 959 Lilybaeo
693 883 724 941 in
753 883 837 941 navis
863 885 1056 943 onerarias4

54 969 174 1045 inponit
195 965 329 1043 legiones
351 978 427 1025 xm.
445 974 475 1025 et
490 977 581 1024 xlm.
604 974 635 1025 et
657 966 773 1044 equites
795 964 895 1026 Gallos
917 977 1016 1035 neoc,

55 1051 244 1112 funditorum
259 1051 541 1128 sagittariorumque
556 1049 649 1118 mille,
663 1066 696 1109 ac
707 1048 871 1109 secundnm
888 1068 1018 1111 comme·

55 1142 138 1195 atum
161 1136 193 1194 in
214 1134 346 1194 lllricam
367 1135 461 1194 mittit
482 1133 520 1193 ad
535 1134 702 1195 Gaesarem.
747 1133 828 1204 Quae
843 1151 933 1195 naves
947 1151 1018 1194 ven·
1039 1141 1056 1191 5

54 1227 122 1278 tum
144 1217 308 1278 secundum
330 1224 434 1277 nactae
464 1224 571 1297 quarto
598 1216 647 1277 die
676 1218 709 1278 in
735 1224 856 1295 portum
884 1217 922 1279 ad
942 1218 1019 1279 Rus·

56 1305 176 1381 pinam,
198 1300 253 1362 nbi
275 1302 381 1363 Caesar
404 1309 499 1361 castra
528 1299 691 1369 habuerat,
720 1301 887 1363 incolumes
913 1320 1019 1381 perve-

56 1392 177 1447 nerunt.
227 1384 271 1445 lta
301 1385 407 1446 Caesar
430 1384 543 1463 duplici
573 1385 687 1446 laetitia
715 1403 749 1444 ac
776 1385 927 1464 voluptate
959 1394 1056 1446 unos

55 1477 194 1547 tempore
216 1475 330 1542 auctus,
354 1470 506 1529 lrumento
529 1469 718 1546 auxiliisque,
741 1469 862 1530 tandem
884 1472 947 1530 suis
969 1488 1019 1530 ex·

56 1553 195 1613 hilaratis
217 1569 393 1630 annonaque
416 1553 511 1612 levata
533 1553 770 1613 sollicitudinem
789 1553 923 1632 deponit,
945 1554 1021 1630 legi·

57 1655 112 1697 nes
135 1638 312 1715 equitesque
335 1653 372 1695 ex
394 1635 520 1696 navibus
543 1654 680 1714 egressos
703 1635 786 1697 iubet
809 1655 846 1696 ex
874 1638 1020 1714 languore

57 1738 228 1798 nauseaque
256 1720 408 1789 reficere,
426 1718 538 1780 divisos
565 1723 598 1780 in
625 1719 749 1781 castella
777 1722 1021 1799 munitionesque

57 1804 201 1883 disponit.

120 1887 234 1958 llllllV,
278 1888 395 1959 Quibus
409 1886 502 1948 rebus
517 1886 629 1965 Scipio,
653 1890 764 1968 quique
786 1905 906 1950 cumea
922 1895 1022 1949 essent
1042 1895 1057 1945 1

58 1974 199 2041 comites,
220 1974 326 2033 mirari
348 1980 378 2033 et
399 1974 571 2052 requirere:
616 1971 648 2034 C.
672 1973 845 2042 Caesarem,
868 1973 920 2052 qui
942 1972 1022 2033 ultro

59 2064 233 2117 consuesset
255 2055 368 2116 bellum
390 2058 503 2118 inferre
525 2074 560 2117 ac
582 2056 730 2118 lacessere
760 2055 891 2136 proelio,
920 2056 1022 2117 subito

59 2147 275 2202 commutatum
303 2159 363 2200 non
391 2141 455 2202 sine
481 2157 590 2219 magno
619 2142 745 2202 consilio
780 2139 1021 2217 suspicabantur.

59 2225 164 2302 ltaque
187 2242 223 2284 ex
245 2227 311 2285 eius
334 2227 479 2303 patientia
502 2227 534 2285 in
555 2242 697 2302 magnum
723 2225 862 2286 timorem
891 2225 1058 2285 coniecti2

56 2326 98 2370 ex
120 2308 252 2370 Gaetulis
275 2309 364 2378 duos,
392 2327 468 2387 quos
497 2309 723 2369 arbitrabantur
750 2311 813 2371 suis
834 2308 927 2370 rebus
949 2311 1023 2368 ami·

60 2393 209 2461 cissimcs
225 2395 342 2470 magnis
358 2393 502 2470 praemiis
514 2391 844 2471 pollicitationibusque
860 2394 1023 2471 propositis

60 2494 117 2555 pro
128 2477 263 2553 perfugis
278 2476 451 2555 speculandi
466 2479 562 2552 gratia
578 2479 609 2536 in
625 2474 762 2537 Caesaris
776 2483 874 2537 castra
888 2478 1022 2536 mittunt.

61 2560 120 2631 Qui
143 2560 232 2620 simul
254 2559 291 2619 ad
313 2577 381 2621 erun
404 2560 474 2620 sunt
495 2559 631 2629 deducti,
655 2561 825 2639 petierunt,
848 2567 882 2622 ut
903 2558 965 2621 stbt
986 2558 1060 2619 li-s

61 2650 147 2705 eeret
173 2642 265 2704 verba
292 2647 358 2705 sine
385 2644 521 2721 periculo
549 2645 697 2723 proloqui.
752 2644 902 2706 Potestate
934 2646 1023 2713 lacta,
1045 2651 1062 2699 4

61 2728 301 2800 Saepenumero,
325 2730 481 2805 inquiunt,
503 2731 679 2803 imperator,
701 2730 869 2803 complures
892 2729 1022 2800 Gaetuli,

61 2813 116 2887 qui
146 2826 246 2868 sumus
277 2812 398 2871 clientes
426 2812 457 2870 0.
485 2812 585 2884 Mari,
620 2818 649 2871 et
672 2814 893 2887 propemodum
925 2825 1026 2872 omues

61 2899 142 2956 ciues
163 2893 307 2970 Romani,
330 2897 525 2968 pulsantia
546 2897 663 2969 lepioae
690 2907 754 2954 1111.
782 2900 813 2954 et
838 2906 897 2972 vn,
928 2894 972 2954 ud
997 2901 1026 2955 te

63 2981 208 3040 coluimus
229 2979 260 3036 iu
282 2985 392 3052 tuaque
410 2979 569 3052 praesidia
589 2977 773 3053 eoafuper05
801 2980 856 3039 sed
881 2978 1025 3040 custodiis

63 3065 193 3138 equitum
215 3061 430 3129 Numidarum,
453 3078 512 3136 quo
533 3063 568 3122 ia
586 3059 652 3122 siue
669 3064 808 3140 periculo
828 3065 926 3124 miuus
936 3062 1024 3135 fuce-

64 3163 178 3219 remas,
202 3146 445 3221 impediebamur.
495 3145 585 3207 Naue
614 3146 689 3206 data
708 3146 859 3219 sumitate
875 3163 938 3224 pro
958 3163 1024 3223 spe-

64 3231 247 3290 culatoribus
268 3233 350 3291 missi
370 3247 390 3290 a
411 3231 556 3305 Scipione
571 3233 615 3290 ad
627 3237 655 3292 te
668 3232 861 3308 cupidissime
880 3234 1022 3305 uenimus,

64 3321 98 3374 ut
111 3317 367 3389 perspiceremus,
396 3331 467 3375 uum
493 3330 572 3390 puae
593 3315 701 3388 fossae
727 3321 781 3377 uut
805 3316 934 3377 insidiae
959 3318 1024 3377 ele-

65 3397 188 3471 pbaatis
210 3404 279 3459 aute
299 3405 404 3460 eastra
422 3407 588 3475 portasque
608 3400 684 3460 ualli
706 3399 814 3472 suetae
839 3407 950 3472 esseut,
978 3402 1024 3460 si-

64 3483 184 3556 mulque
199 3484 324 3543 conatu
346 3491 445 3545 uesra
465 3490 578 3545 contra
598 3485 722 3548 easdem
741 3485 855 3548 bestius
875 3495 1047 3558 comparu-
