2356 3870
408 195 484 252 CAP.
499 195 734 252 XXIII-XXVI.
1003 193 1045 256 15

146 344 232 404 XXV.
278 344 351 405 Cum
379 345 456 406 duce
485 346 641 424 adsumpto
664 345 858 407 Alexandrini
887 345 981 407 nihilo
1011 362 1084 410 sel

82 430 232 491 firmiores
255 431 349 489 factos
372 437 422 489 aut
449 429 654 573 languid‘fflcs
682 429 830 492 Romanos
858 431 1043 493 animadver-

82 520 184 574 terent
220 511 470 591 eludentibusque
507 513 570 573 mili
619 533 656 575 us
684 516 764 591 regis
793 520 920 576 aetatem
954 523 1043 595 atque

83 597 287 657 infirmitatem
323 614 463 674 magnum
501 597 635 657 dolorem
671 599 843 676 acciperent
879 617 977 675 neque
1010 618 1043 660 se

82 682 243 759 quicquain
273 681 418 758 proficere
451 680 603 749 viderent,
641 698 837 759 rumoresque
870 685 1042 753 existerent,

81 781 189 841 magna
211 764 329 825 Caesari
351 764 501 842 praesidia
522 765 661 825 terrestri
683 767 793 825 itinere
816 783 852 825 cx
871 765 955 844 Syria
972 766 1042 828 Cili-

82 850 188 927 ciaque
216 848 338 915 adduci,
373 848 452 926 quod
481 848 612 909 noudum
640 848 775 909 auditum
813 849 931 909 Caesari
968 858 1042 919 erat,

82 940 297 1000 commeatum,
321 934 373 1009 qui
395 935 471 992 mari
494 935 606 993 nostris
635 931 886 1010 supportabatur,
916 935 1041 992 interci-

81 1034 154 1093 pere
177 1022 355 1076 statuerunt.
399 1015 502 1095 ltaque
525 1016 671 1094 expeditis
694 1017 820 1092 navigiis
836 1016 911 1076 locis
926 1015 1042 1076 idoneis
1061 1027 1083 1075 2

82 1099 119 1159 ad
141 1099 293 1177 Canopum
315 1101 346 1159 in
370 1102 497 1161 statione
521 1100 675 1176 dispositis
703 1099 829 1160 navibus
857 1099 1041 1160 insidiaban-

81 1190 132 1243 tur
154 1186 265 1242 nostris
287 1191 521 1258 commeatuque.
566 1183 651 1254 erod
668 1182 721 1243 ubi
738 1184 855 1244 Caesari
871 1186 1042 1244 nuntiatum
1061 1195 1083 1243 a

80 1274 142 1334 est,
166 1285 250 1327 suam
271 1266 395 1327 classem
418 1267 503 1327 iubet
524 1267 660 1345 expediri
684 1274 771 1345 atque
787 1269 907 1327 instrui.
951 1267 1040 1328 Prae-

81 1349 145 1408 licit
178 1347 249 1407 hnic
276 1349 430 1409 Tiberium
464 1351 622 1410 Neronem.
677 1350 912 1410 Proficiscentur
944 1352 975 1410 in
1008 1369 1042 1410 ca

81 1431 176 1492 classe
198 1430 331 1491 Rhodiae
354 1450 443 1492 naves
465 1440 553 1511 atque
570 1434 601 1492 in
617 1433 664 1492 his
678 1433 872 1512 Euphranor,
895 1436 960 1493 sine
983 1450 1041 1509 quo

81 1515 164 1575 nulla
186 1533 327 1593 nmquam
351 1516 502 1576 dimicatio
524 1519 694 1586 marituma,
718 1516 800 1577 nulla
823 1519 912 1577 etiam
934 1535 1041 1593 parum

81 1598 213 1659 feliciter
234 1599 370 1658 conlecta
393 1606 466 1660 erat.
521 1602 558 1660 At
586 1601 722 1669 fortuna,
756 1618 833 1679 quae
863 1600 1081 1679 plerumquee

80 1700 150 1752 eos,
173 1700 246 1760 quos
268 1682 406 1758 plurimis
429 1682 585 1743 beneficiis
607 1685 733 1751 ornavit,
757 1683 793 1743 ad
816 1683 969 1743 duriorem
992 1703 1040 1744 ca-

80 1785 148 1828 sum
170 1772 312 1834 reservat,
336 1770 525 1844 superiorum
546 1775 716 1844 temporum
739 1765 890 1826 dissimilis
905 1767 1040 1844 Euphra·

81 1867 187 1909 norem
210 1849 461 1927 prosequebatur.
507 1849 580 1910 Nam
602 1869 671 1911 cum
694 1849 729 1910 ad
745 1849 897 1927 Canopum
919 1857 1040 1911 ventum
1059 1868 1081 1917 s

80 1941 175 2002 esset,
205 1934 411 2012 instructaque
441 1937 594 2013 utrimque
631 1934 736 1994 classis
773 1933 971 2014 conflixisset,
1010 1943 1040 1994 et

79 2035 134 2078 sua
156 2016 373 2077 consuetudine
395 2018 573 2096 Eriphranor
596 2019 710 2095 primus
739 2017 888 2094 proelium
916 2019 1039 2078 commi·

78 2101 168 2161 sisset
190 2109 220 2160 ct
242 2101 324 2160 illico
345 2103 501 2162 triremem
522 2101 654 2162 hostium
675 2103 858 2180 perforasset
873 2120 907 2161 ac
922 2101 1039 2162 demer-

79 2187 185 2253 sisset,
208 2186 373 2260 proximam
396 2185 513 2262 lougius
535 2188 688 2246 insecutus
710 2203 815 2264 parum
839 2186 978 2245 celeriter
993 2188 1040 2245 in·

79 2266 277 2346 sequentibus
299 2269 425 2347 reliquis
447 2272 668 2330 circumventus
692 2270 729 2330 ab
751 2269 962 2330 Alexandrinis
984 2277 1039 2330 est.

79 2352 135 2419 Cui
157 2350 324 2413 subsidium
346 2371 434 2413 nemo
456 2351 540 2422 tulit,
564 2355 623 2413 sive
646 2353 724 2431 quod
740 2355 772 2413 in
787 2355 852 2431 ipso
867 2356 939 2412 satis
954 2372 1081 2431 prae-g

78 2435 149 2495 sidii
162 2453 217 2513 pro
231 2437 339 2495 virtute
355 2454 388 2496 ac
403 2436 547 2497 felicitate
561 2440 626 2497 eius
638 2444 778 2514 putarent
791 2454 867 2504 esse,
891 2437 949 2497 sive
961 2436 1040 2514 quod

78 2521 137 2597 ipsi
160 2517 219 2578 sibi
236 2519 390 2580 timebant.
435 2521 495 2589 lta,
519 2521 571 2600 qui
583 2538 661 2581 unus
673 2538 709 2580 ex
721 2519 861 2581 omnibus
875 2538 910 2580 eo
924 2518 1040 2597 proelio

78 2602 156 2663 bene
173 2621 236 2663 rem
251 2606 353 2679 gessit,
370 2605 451 2664 solus
468 2623 535 2665 cum
551 2623 604 2665 sua
620 2604 802 2681 quadriremi
813 2605 939 2664 victrice
951 2606 1039 2681 perit.

141 2685 242 2746 XXVI.
287 2686 349 2746 Sub
380 2688 460 2748 idem
481 2688 599 2766 tempus
621 2686 806 2748 Mithridates
828 2687 1038 2764 Pergamenus,
1061 2711 1078 2758 χ

77 2786 204 2846 magnac
228 2768 396 2831 nobilitatis
418 2771 497 2831 domi
521 2774 726 2849 scientiaeque
755 2774 787 2830 in
816 2769 895 2831 bello
923 2778 953 2831 et
979 2772 1039 2830 vir·

78 2855 167 2922 tutis,
196 2854 266 2913 fidei
295 2855 508 2933 dignitatisque
531 2858 563 2914 in
592 2857 723 2914 amicitia
753 2854 902 2922 CaesariS,
930 2855 1040 2913 missus

77 2938 110 2998 in
134 2936 251 3015 Syriam
273 2937 467 3018 Ciliciamque
498 2941 584 2998 initio
607 2937 680 2998 belli
702 2937 895 2997 Alexandrini
924 2936 960 2996 ad
987 2955 1039 2997 au·

76 3020 151 3081 xllia
175 3023 369 3092 accersenda,
400 3041 468 3083 cum
489 3023 607 3098 magnis
629 3023 740 3100 copiis,
765 3038 838 3099 qnas
855 3021 995 3082 celeriter
1010 3028 1040 3080 et

78 3103 312 3183 propensissima¹
342 3108 495 3166 civitatum
523 3106 674 3166 voluntate
702 3114 732 3166 et
759 3121 874 3165 summa
896 3123 948 3165 sua
970 3105 1039 3164 dili·

76 3189 177 3266 gentia
207 3190 391 3260 confecerat,
429 3192 538 3250 itinere
572 3183 721 3268 pedestri,
756 3208 814 3268 quo
848 3190 1040 3266 coniungitur

76 3274 229 3351 Aegyptus
251 3272 364 3351 Syriae,
389 3275 431 3332 od
453 3273 605 3334 Pelusium
628 3273 763 3337 adcurrit
785 3272 875 3351 idque
898 3272 1040 3351 oppidum
1059 3296 1078 3344 2

77 3357 164 3416 firmo
186 3357 338 3434 praesidio
361 3364 540 3435 occupatum
562 3356 697 3417 Achillae
719 3364 843 3435 propter
864 3357 1039 3434 opportuni·

75 3446 170 3500 tatem
192 3439 251 3501 loci
273 3473 317 3485 -
339 3458 468 3519 namque
490 3448 554 3502 tota
575 3441 723 3520 Aegyptos
738 3441 901 3502 maritume
918 3456 1049 3499 accessu
