2356 3870
148 215 213 303 ree
477 237 517 294 on
533 235 637 293 annno
654 235 792 292 eanum
883 288 897 299 ,

112 401 223 480 equod
238 400 417 462 morabatur.
454 399 559 462 Milites
580 406 683 460 contra
698 400 805 466 nostri,
828 413 1005 476 quamquam
1025 400 1104 476 peri·

145 483 249 556 culoso
262 502 372 562 genero
386 482 493 565 proelii
512 483 638 561 locoque
652 483 753 559 iniquo
768 480 990 560 premebantur,
1007 490 1106 542 tamen

111 577 129 627 ⁴
144 571 240 629 omnia
257 569 418 629 fortissimo
433 566 619 628 sustinebant
633 567 739 626 animo.
777 565 835 625 Res
851 568 930 625 enim
946 563 1106 642 gerebatur

145 660 176 712 et
190 651 307 712 excelso
321 647 386 713 loco
408 658 437 711 et
456 653 487 710 in
503 657 664 728 conspectu
679 651 826 710 exercitus
840 651 949 717 nostri,
967 666 1106 726 magnus·

145 752 203 812 que
218 736 367 812 utrimque
383 734 492 795 clamor
508 732 669 793 oriebatur.
714 731 758 792 lta
778 734 918 808 quisque,
935 740 1027 810 prout
1042 740 1108 793 erat

143 820 270 879 maxime
284 818 417 896 insignis,
433 834 492 895 quo
507 817 607 876 notior
621 818 813 892 testatiorque
827 817 920 875 virtus
936 824 1016 876 esset
1031 818 1106 885 eius,

143 900 210 962 telis
225 902 355 962 bostium
369 901 563 978 flammaeque
578 917 611 959 se
626 898 777 960 offerebat.

113 992 125 1042 1
197 983 367 1045 mxxxiii.
392 984 581 1044 Caesareum
597 980 754 1062 conplures
775 1000 845 1042 suos
860 982 1009 1043 vulnerari
1024 984 1104 1043 vide·

143 1076 198 1137 ret,
216 1086 251 1128 ex
273 1067 410 1128 omnibus
430 1067 531 1146 oppidi
545 1065 677 1145 partibus
699 1064 837 1127 cohortes
857 1076 988 1126 montem
1003 1084 1106 1128 ascen·

144 1151 215 1212 dere
237 1158 266 1210 et
291 1150 478 1211 simulatione
505 1152 654 1210 moenium
679 1149 919 1229 occupandorum
945 1149 1105 1211 clamorem

113 1233 274 1311 tundique
289 1233 371 1294 iubet
385 1232 500 1294 tollere.
523 1233 586 1304 Quo
602 1234 678 1292 iacto
693 1234 846 1311 perterriti
862 1232 1010 1311 oppidani,
1027 1252 1105 1303 cum,

144 1318 214 1394 quid
229 1325 367 1395 ageretur
381 1319 412 1377 in
427 1315 500 1376 locis
514 1315 651 1393 reliquis,
673 1323 772 1376 essent
793 1318 944 1395 suspensi,
965 1325 1108 1378 revocant

143 1400 179 1460 ab
200 1401 406 1479 impugnandis
434 1398 575 1479 operibus
600 1407 727 1460 armatos
754 1402 907 1476 murisque
933 1400 1104 1479 disponunt.

26 1543 28 1546 .
111 1490 128 1542 3
142 1483 185 1545 lta
200 1486 294 1544 nostri
309 1485 366 1544 flne
381 1483 486 1563 proelii
500 1483 577 1544 racto
593 1483 730 1543 celeriter
745 1500 835 1561 opera
848 1484 964 1544 ilamma
979 1503 1105 1562 conpre-

112 1575 128 1623 4
143 1565 233 1628 hensa
248 1569 561 1647 partimrestinguunt,
576 1569 683 1644 partim
698 1567 925 1628 interscindunt.
947 1568 1019 1628 Cum
1034 1586 1104 1645 per·

144 1651 278 1711 tinaciter
300 1653 476 1713 resisterent
496 1649 648 1730 oppidani,
671 1667 776 1728 magna
797 1652 884 1711 etiam
900 1660 983 1729 parte
998 1653 1105 1711 amissa

142 1734 192 1794 siti
207 1753 329 1796 suorum
344 1736 374 1795 in
390 1736 536 1795 sententia
549 1741 774 1812 permanerent,
796 1735 832 1794 ad
853 1743 1037 1813 postremum
1052 1752 1104 1795 cu-

111 1817 249 1878 oniculls
270 1835 360 1879 venae
381 1819 471 1879 iontis
486 1819 643 1877 intercisae
664 1826 734 1877 sunt
759 1825 848 1894 atque
872 1826 1000 1879 aversae.
1040 1818 1105 1889 Quo

142 1901 219 1961 iacto
240 1907 365 1980 repente
387 1902 527 1981 perennis
543 1898 658 1962 exaruit
671 1902 737 1962 fons
752 1907 923 1977 tantamque
938 1900 1036 1962 attulit
1050 1919 1103 1980 op·

141 1983 256 2063 pidanis
282 1983 384 2045 salutis
412 1984 663 2064 desperationem,
686 1991 719 2044 ut
738 1983 767 2044 id
788 2003 848 2046 non
863 1983 1016 2046 bominum
1032 2002 1103 2044 con·

141 2066 220 2134 silio,
246 2067 298 2128 scd
319 2067 442 2128 deorum
463 2065 612 2128 voluntate
632 2068 743 2128 iactum
762 2076 911 2147 putarent.
949 2068 1051 2147 ltaque
1072 2085 1104 2129 se

141 2151 317 2210 necessitate
333 2152 427 2212 coacti
442 2149 635 2212 tradiderunt.

110 2239 123 2291 t
202 2233 370 2296 xxxxiiii.
395 2236 510 2302 Caesar,
527 2252 593 2295 cum
601 2253 683 2295 suam
696 2236 847 2297 lenitatem
854 2236 1001 2313 cognitam
1009 2237 1103 2297 omni·

139 2316 196 2379 bus
216 2319 307 2378 sciret
325 2334 422 2395 neque
442 2325 613 2386 vereretur,
635 2336 673 2379 ne
699 2319 769 2398 quid
790 2318 966 2380 crudelitate
981 2327 1105 2380 naturae

140 2399 291 2462 videretur
305 2403 439 2479 asperius
453 2401 569 2470 iecisse,
585 2416 683 2478 neque
700 2405 810 2464 exitum
826 2401 1017 2464 consdiorum
1033 2420 1106 2463 suo·⁴

140 2503 209 2545 rum
225 2485 479 2553 animadverteret,
496 2486 521 2544 si
536 2484 587 2545 tali
601 2486 714 2547 ratione
730 2487 853 2548 diversis
868 2489 899 2547 in
914 2485 987 2547 locis
1001 2484 1104 2565 plures

141 2567 260 2629 consilia
282 2570 417 2637 inissent,
443 2567 578 2646 exemplo
599 2568 736 2648 supplicii
757 2569 951 2631 deterrendos
971 2569 1103 2645 reliquos

141 2652 323 2711 existimavit.
361 2652 462 2728 ltaque
483 2651 634 2720 omnibus,
658 2654 708 2730 qui
729 2672 810 2715 arma
830 2652 975 2721 tulerant,
996 2669 1102 2712 manus

139 2734 283 2814 praecidit
297 2737 445 2811 vitamque
459 2738 612 2803 concessit,
630 2753 688 2814 quo
700 2739 833 2798 testatior
845 2743 923 2798 esset
937 2753 1031 2816 poena
1046 2736 1102 2795 im·

108 2827 125 2876 t
139 2818 312 2898 proborum.
343 2819 491 2899 Drappes,
514 2835 603 2896 quem
618 2827 736 2899 captum
756 2839 821 2882 esse
836 2839 853 2880 a
868 2819 988 2881 Caninio
1004 2819 1102 2888 docui,

139 2904 200 2962 sive
214 2903 385 2980 indignitate
402 2910 431 2963 et
443 2901 547 2962 dolore
558 2902 741 2964 vinculorum
758 2905 818 2964 sive
836 2905 945 2965 timore
960 2904 1103 2982 gravioris

139 2986 275 3064 supplicii
290 2989 390 3065 paucis
406 2985 510 3047 diebus
526 2984 592 3047 cibo
609 3004 641 3046 se
661 2985 803 3048 abstinuit
818 2995 908 3064 atque
924 2989 965 3046 ita
979 2988 1100 3047 interiit.

108 3068 251 3129 tliodem
277 3076 411 3148 temporo
426 3070 591 3139 Lucterius,
618 3086 707 3146 quem
732 3071 900 3150 profugisse
927 3087 963 3130 ex
988 3068 1101 3147 proelio

140 3152 258 3230 scripsi,
276 3170 344 3213 cum
359 3155 389 3213 in
404 3160 581 3231 potestatem
601 3155 731 3215 venisset
745 3153 903 3233 Epasnacti
916 3153 1042 3214 Arverni
1064 3184 1099 3194 -

141 3233 246 3295 crebro
260 3235 338 3296 enim
351 3236 498 3298 mutandis
509 3234 582 3297 locis
593 3237 756 3298 multorum
767 3238 835 3300 fidei
846 3255 878 3298 se
890 3233 1101 3304 committebat,

139 3318 217 3396 quod
238 3335 382 3396 nusquam
405 3320 515 3380 diutius
536 3321 600 3381 sine
619 3320 753 3399 periculo
770 3325 1008 3383 commoraturus
1022 3317 1102 3378 vide·

139 3401 240 3471 batur,
262 3421 329 3464 eum
349 3402 406 3464 sibi
429 3405 565 3464 conscius
587 3413 679 3474 esset,
702 3422 790 3482 quam
810 3405 964 3466 inimicum
979 3402 1102 3463 deberet

133 3485 291 3546 Caesarem
304 3485 417 3549 babere
436 3521 482 3559 -,
499 3486 579 3548 bunc
594 3487 775 3573 Epasnactus
784 3491 944 3559 Arvernus,
961 3486 1101 3548 amtclssl·
