<?xml version="1.0" encoding="UTF-8"?>
<!DOCTYPE html PUBLIC "-//W3C//DTD XHTML 1.0 Transitional//EN"
    "http://www.w3.org/TR/xhtml1/DTD/xhtml1-transitional.dtd">
<html xmlns="http://www.w3.org/1999/xhtml" xml:lang="en" lang="en">
 <head>
  <title>
</title>
<meta http-equiv="Content-Type" content="text/html;charset=utf-8" />
  <meta name='ocr-system' content='tesseract 3.04.00' />
  <meta name='ocr-capabilities' content='ocr_page ocr_carea ocr_par ocr_line ocrx_word'/>
</head>
<body>
  <div class='ocr_page' id='page_1' title='image "./commentariicuma00caesgoog_0022.png"; bbox 0 0 2356 3870; ppageno 0'>
   <div class='ocr_carea' id='block_1_1' title="bbox 350 231 1034 294">
    <p class='ocr_par' dir='ltr' id='par_1_1' title="bbox 350 231 1034 294">
     <span class='ocr_line' id='line_1_1' title="bbox 350 231 1034 294; baseline 0.012 -8"><span class='ocrx_word' id='word_1_1' title='bbox 350 231 450 287; x_wconf 78' lang='lat' dir='ltr'><strong>court.</strong></span> <span class='ocrx_word' id='word_1_2' title='bbox 466 231 485 286; x_wconf 92' lang='grc'><strong>1.</strong></span> <span class='ocrx_word' id='word_1_3' title='bbox 501 231 571 288; x_wconf 75' lang='lat' dir='ltr'><strong>CAP.</strong></span> <span class='ocrx_word' id='word_1_4' title='bbox 588 231 760 287; x_wconf 87' lang='lat' dir='ltr'><strong>Vllll-lllll.</strong></span> <span class='ocrx_word' id='word_1_5' title='bbox 1018 235 1034 294; x_wconf 88' lang='grc'><strong>7</strong></span> 
     </span>
    </p>
   </div>
   <div class='ocr_carea' id='block_1_2' title="bbox 68 393 1075 3470">
    <p class='ocr_par' dir='ltr' id='par_1_2' title="bbox 68 393 1070 2116">
     <span class='ocr_line' id='line_1_2' title="bbox 78 393 1037 474; baseline -0.004 -17"><span class='ocrx_word' id='word_1_6' title='bbox 78 398 285 474; x_wconf 83' lang='lat' dir='ltr'><strong>Sequanorum</strong></span> <span class='ocrx_word' id='word_1_7' title='bbox 300 395 330 454; x_wconf 91' lang='lat' dir='ltr'><strong>in</strong></span> <span class='ocrx_word' id='word_1_8' title='bbox 345 393 520 455; x_wconf 84' lang='lat' dir='ltr'>Rhodanum</span> <span class='ocrx_word' id='word_1_9' title='bbox 534 393 646 462; x_wconf 88' lang='lat' dir='ltr'><strong>iuiluit,</strong></span> <span class='ocrx_word' id='word_1_10' title='bbox 665 395 832 456; x_wconf 81' lang='lat' dir='ltr'><strong>incredibili</strong></span> <span class='ocrx_word' id='word_1_11' title='bbox 846 395 981 463; x_wconf 88' lang='lat' dir='ltr'><strong>lenitate,</strong></span> <span class='ocrx_word' id='word_1_12' title='bbox 997 395 1037 454; x_wconf 89' lang='lat' dir='ltr'><strong>ita</strong></span> 
     </span>
     <span class='ocr_line' id='line_1_3' title="bbox 77 476 1036 558; baseline -0.003 -19"><span class='ocrx_word' id='word_1_13' title='bbox 77 490 110 539; x_wconf 90' lang='lat' dir='ltr'><strong>ut</strong></span> <span class='ocrx_word' id='word_1_14' title='bbox 125 478 235 548; x_wconf 91' lang='lat' dir='ltr'><strong>oculis,</strong></span> <span class='ocrx_word' id='word_1_15' title='bbox 257 481 288 539; x_wconf 93' lang='lat' dir='ltr'><strong>in</strong></span> <span class='ocrx_word' id='word_1_16' title='bbox 303 486 399 539; x_wconf 90' lang='lat' dir='ltr'><strong>utram</strong></span> <span class='ocrx_word' id='word_1_17' title='bbox 414 488 529 556; x_wconf 91' lang='lat' dir='ltr'><strong>partem</strong></span> <span class='ocrx_word' id='word_1_18' title='bbox 544 476 630 545; x_wconf 86' lang='lat' dir='ltr'><strong>iluat,</strong></span> <span class='ocrx_word' id='word_1_19' title='bbox 650 478 776 539; x_wconf 90' lang='lat' dir='ltr'><strong>iudicari</strong></span> <span class='ocrx_word' id='word_1_20' title='bbox 789 497 849 541; x_wconf 92' lang='lat' dir='ltr'><strong>non</strong></span> <span class='ocrx_word' id='word_1_21' title='bbox 864 480 966 558; x_wconf 82' lang='lat' dir='ltr'><strong>possit.</strong></span> <span class='ocrx_word' id='word_1_22' title='bbox 1004 476 1036 536; x_wconf 93' lang='lat' dir='ltr'><strong>ld</strong></span> 
     </span>
     <span class='ocr_line' id='line_1_4' title="bbox 78 560 1068 639; baseline -0.007 -16"><span class='ocrx_word' id='word_1_23' title='bbox 78 563 206 623; x_wconf 85' lang='lat' dir='ltr'><strong>Helvetii</strong></span> <span class='ocrx_word' id='word_1_24' title='bbox 227 562 340 623; x_wconf 91' lang='lat' dir='ltr'><strong>ratibus</strong></span> <span class='ocrx_word' id='word_1_25' title='bbox 360 579 395 621; x_wconf 89' lang='lat' dir='ltr'><strong>ac</strong></span> <span class='ocrx_word' id='word_1_26' title='bbox 415 560 553 622; x_wconf 81' lang='lat' dir='ltr'><strong>lintribus</strong></span> <span class='ocrx_word' id='word_1_27' title='bbox 574 562 681 621; x_wconf 86' lang='lat' dir='ltr'><strong>iunctis</strong></span> <span class='ocrx_word' id='word_1_28' title='bbox 701 561 875 623; x_wconf 80' lang='lat' dir='ltr'><strong>transibant.</strong></span> <span class='ocrx_word' id='word_1_29' title='bbox 914 561 970 624; x_wconf 91' lang='lat' dir='ltr'><strong>Ubi</strong></span> <span class='ocrx_word' id='word_1_30' title='bbox 984 570 1068 639; x_wconf 80' lang='lat' dir='ltr'><strong>pera</strong></span> 
     </span>
     <span class='ocr_line' id='line_1_5' title="bbox 79 646 1036 726; baseline -0.002 -20"><span class='ocrx_word' id='word_1_31' title='bbox 79 646 284 725; x_wconf 77' lang='lat' dir='ltr'><strong>exploratores</strong></span> <span class='ocrx_word' id='word_1_32' title='bbox 296 646 403 706; x_wconf 82' lang='lat' dir='ltr'><strong>Caesar</strong></span> <span class='ocrx_word' id='word_1_33' title='bbox 418 647 528 705; x_wconf 79' lang='lat' dir='ltr'><strong>certior</strong></span> <span class='ocrx_word' id='word_1_34' title='bbox 542 646 637 704; x_wconf 83' lang='lat' dir='ltr'><strong>lactus</strong></span> <span class='ocrx_word' id='word_1_35' title='bbox 653 654 706 713; x_wconf 90' lang='lat' dir='ltr'><strong>est,</strong></span> <span class='ocrx_word' id='word_1_36' title='bbox 722 653 784 706; x_wconf 89' lang='lat' dir='ltr'><strong>tres</strong></span> <span class='ocrx_word' id='word_1_37' title='bbox 798 647 856 706; x_wconf 92' lang='lat' dir='ltr'><strong>iam</strong></span> <span class='ocrx_word' id='word_1_38' title='bbox 871 654 972 726; x_wconf 87' lang='lat' dir='ltr'><strong>partes</strong></span> <span class='ocrx_word' id='word_1_39' title='bbox 987 662 1036 705; x_wconf 94' lang='lat' dir='ltr'><strong>co·</strong></span> 
     </span>
     <span class='ocr_line' id='line_1_6' title="bbox 78 727 1035 808; baseline -0.001 -19"><span class='ocrx_word' id='word_1_40' title='bbox 78 732 196 808; x_wconf 81' lang='lat' dir='ltr'><strong>pianum</strong></span> <span class='ocrx_word' id='word_1_41' title='bbox 211 729 361 791; x_wconf 84' lang='lat' dir='ltr'><strong>Helvetios</strong></span> <span class='ocrx_word' id='word_1_42' title='bbox 375 728 406 788; x_wconf 94' lang='lat' dir='ltr'><strong>id</strong></span> <span class='ocrx_word' id='word_1_43' title='bbox 421 727 532 788; x_wconf 89' lang='lat' dir='ltr'><strong>ilumen</strong></span> <span class='ocrx_word' id='word_1_44' title='bbox 546 727 723 798; x_wconf 81' lang='lat' dir='ltr'><strong>traduxisse,</strong></span> <span class='ocrx_word' id='word_1_45' title='bbox 740 737 875 806; x_wconf 89' lang='lat' dir='ltr'><strong>quartam</strong></span> <span class='ocrx_word' id='word_1_46' title='bbox 889 731 953 790; x_wconf 85' lang='grc'>1333</span> <span class='ocrx_word' id='word_1_47' title='bbox 968 747 1035 807; x_wconf 92' lang='lat' dir='ltr'><strong>par·</strong></span> 
     </span>
     <span class='ocr_line' id='line_1_7' title="bbox 79 810 1036 889; baseline 0.001 -17"><span class='ocrx_word' id='word_1_48' title='bbox 79 823 140 872; x_wconf 90' lang='lat' dir='ltr'><strong>tem</strong></span> <span class='ocrx_word' id='word_1_49' title='bbox 161 815 235 873; x_wconf 93' lang='lat' dir='ltr'><strong>citra</strong></span> <span class='ocrx_word' id='word_1_50' title='bbox 257 812 368 873; x_wconf 86' lang='lat' dir='ltr'><strong>ilumen</strong></span> <span class='ocrx_word' id='word_1_51' title='bbox 383 813 498 872; x_wconf 78' lang='lat' dir='ltr'><strong>Ararim</strong></span> <span class='ocrx_word' id='word_1_52' title='bbox 512 810 657 888; x_wconf 82' lang='lat' dir='ltr'><strong>reliquam</strong></span> <span class='ocrx_word' id='word_1_53' title='bbox 678 830 758 882; x_wconf 86' lang='lat' dir='ltr'><strong>esse,</strong></span> <span class='ocrx_word' id='word_1_54' title='bbox 780 812 817 873; x_wconf 90' lang='lat' dir='ltr'><strong>de</strong></span> <span class='ocrx_word' id='word_1_55' title='bbox 837 816 925 873; x_wconf 87' lang='lat' dir='ltr'><strong>tertia</strong></span> <span class='ocrx_word' id='word_1_56' title='bbox 940 812 1036 889; x_wconf 87' lang='lat' dir='ltr'><strong>vigilia</strong></span> 
     </span>
     <span class='ocr_line' id='line_1_8' title="bbox 78 894 1037 974; baseline -0.001 -18"><span class='ocrx_word' id='word_1_57' title='bbox 78 914 147 956; x_wconf 91' lang='lat' dir='ltr'><strong>cum</strong></span> <span class='ocrx_word' id='word_1_58' title='bbox 162 895 329 972; x_wconf 81' lang='lat' dir='ltr'><strong>legionibus</strong></span> <span class='ocrx_word' id='word_1_59' title='bbox 349 894 447 955; x_wconf 88' lang='lat' dir='ltr'><strong>tribus</strong></span> <span class='ocrx_word' id='word_1_60' title='bbox 468 912 484 954; x_wconf 90' lang='lat' dir='ltr'><strong>e</strong></span> <span class='ocrx_word' id='word_1_61' title='bbox 507 896 610 955; x_wconf 92' lang='lat' dir='ltr'><strong>castris</strong></span> <span class='ocrx_word' id='word_1_62' title='bbox 625 896 777 973; x_wconf 84' lang='lat' dir='ltr'><strong>profectus</strong></span> <span class='ocrx_word' id='word_1_63' title='bbox 791 896 828 956; x_wconf 89' lang='lat' dir='ltr'><strong>ad</strong></span> <span class='ocrx_word' id='word_1_64' title='bbox 844 904 1037 974; x_wconf 90' lang='lat' dir='ltr'><strong>campartem</strong></span> 
     </span>
     <span class='ocr_line' id='line_1_9' title="bbox 76 977 1068 1058; baseline -0.003 -19"><span class='ocrx_word' id='word_1_65' title='bbox 76 981 228 1057; x_wconf 87' lang='lat' dir='ltr'><strong>pervenit,</strong></span> <span class='ocrx_word' id='word_1_66' title='bbox 246 995 322 1055; x_wconf 90' lang='lat' dir='ltr'><strong>quae</strong></span> <span class='ocrx_word' id='word_1_67' title='bbox 336 978 468 1039; x_wconf 93' lang='lat' dir='ltr'><strong>nondum</strong></span> <span class='ocrx_word' id='word_1_68' title='bbox 483 977 595 1038; x_wconf 90' lang='lat' dir='ltr'><strong>llumen</strong></span> <span class='ocrx_word' id='word_1_69' title='bbox 609 979 777 1040; x_wconf 81' lang='lat' dir='ltr'><strong>transierat</strong></span> <span class='ocrx_word' id='word_1_70' title='bbox 807 979 866 1040; x_wconf 84' lang='lat' dir='ltr'><strong>Eos</strong></span> <span class='ocrx_word' id='word_1_71' title='bbox 880 978 1038 1058; x_wconf 89' lang='lat' dir='ltr'><strong>impeditos</strong></span> <span class='ocrx_word' id='word_1_72' title='bbox 1053 986 1068 1036; x_wconf 85' lang='grc'><strong>3</strong></span> 
     </span>
     <span class='ocr_line' id='line_1_10' title="bbox 78 1061 1035 1140; baseline 0 -18"><span class='ocrx_word' id='word_1_73' title='bbox 78 1072 108 1122; x_wconf 89' lang='grc'><strong>33</strong></span> <span class='ocrx_word' id='word_1_74' title='bbox 123 1064 311 1140; x_wconf 88' lang='lat' dir='ltr'><strong>inopinantes</strong></span> <span class='ocrx_word' id='word_1_75' title='bbox 325 1061 483 1138; x_wconf 89' lang='lat' dir='ltr'><strong>adgressus</strong></span> <span class='ocrx_word' id='word_1_76' title='bbox 496 1079 631 1139; x_wconf 86' lang='lat' dir='ltr'><strong>magnam</strong></span> <span class='ocrx_word' id='word_1_77' title='bbox 645 1069 760 1139; x_wconf 87' lang='lat' dir='ltr'><strong>partem</strong></span> <span class='ocrx_word' id='word_1_78' title='bbox 776 1080 880 1124; x_wconf 87' lang='lat' dir='ltr'><strong>eorum</strong></span> <span class='ocrx_word' id='word_1_79' title='bbox 894 1062 1035 1130; x_wconf 65' lang='lat' dir='ltr'><strong>concilim</strong></span> 
     </span>
     <span class='ocr_line' id='line_1_11' title="bbox 78 1144 1037 1224; baseline 0.002 -20"><span class='ocrx_word' id='word_1_80' title='bbox 78 1145 188 1219; x_wconf 90' lang='lat' dir='ltr'><strong>reliqui</strong></span> <span class='ocrx_word' id='word_1_81' title='bbox 202 1162 269 1204; x_wconf 90' lang='lat' dir='ltr'><strong>sese</strong></span> <span class='ocrx_word' id='word_1_82' title='bbox 283 1146 371 1221; x_wconf 80' lang='lat' dir='ltr'><strong>fugae</strong></span> <span class='ocrx_word' id='word_1_83' title='bbox 382 1144 559 1205; x_wconf 90' lang='lat' dir='ltr'><strong>mandarunt</strong></span> <span class='ocrx_word' id='word_1_84' title='bbox 573 1153 661 1220; x_wconf 90' lang='lat' dir='ltr'><strong>atque</strong></span> <span class='ocrx_word' id='word_1_85' title='bbox 676 1147 707 1205; x_wconf 93' lang='lat' dir='ltr'><strong>in</strong></span> <span class='ocrx_word' id='word_1_86' title='bbox 720 1148 870 1224; x_wconf 90' lang='lat' dir='ltr'><strong>proximas</strong></span> <span class='ocrx_word' id='word_1_87' title='bbox 885 1145 972 1206; x_wconf 82' lang='lat' dir='ltr'><strong>silvas</strong></span> <span class='ocrx_word' id='word_1_88' title='bbox 986 1144 1037 1206; x_wconf 91' lang='grc'>31)·</span> 
     </span>
     <span class='ocr_line' id='line_1_12' title="bbox 78 1225 1070 1304; baseline 0.001 -17"><span class='ocrx_word' id='word_1_89' title='bbox 78 1226 227 1287; x_wconf 90' lang='lat' dir='ltr'><strong>diderunt.</strong></span> <span class='ocrx_word' id='word_1_90' title='bbox 265 1226 293 1286; x_wconf 91' lang='grc'><strong>13</strong></span> <span class='ocrx_word' id='word_1_91' title='bbox 314 1243 407 1304; x_wconf 83' lang='lat' dir='ltr'><strong>pagus</strong></span> <span class='ocrx_word' id='word_1_92' title='bbox 426 1225 629 1304; x_wconf 85' lang='lat' dir='ltr'><strong>appellabatur</strong></span> <span class='ocrx_word' id='word_1_93' title='bbox 650 1227 825 1304; x_wconf 87' lang='lat' dir='ltr'><strong>Tigurinns:</strong></span> <span class='ocrx_word' id='word_1_94' title='bbox 855 1247 922 1290; x_wconf 93' lang='lat' dir='ltr'><strong>nam</strong></span> <span class='ocrx_word' id='word_1_95' title='bbox 944 1231 1070 1289; x_wconf 77' lang='lat' dir='ltr'><strong>omnist</strong></span> 
     </span>
     <span class='ocr_line' id='line_1_13' title="bbox 78 1307 1070 1390; baseline 0.001 -21"><span class='ocrx_word' id='word_1_96' title='bbox 78 1312 181 1369; x_wconf 85' lang='lat' dir='ltr'><strong>civitas</strong></span> <span class='ocrx_word' id='word_1_97' title='bbox 196 1307 327 1370; x_wconf 87' lang='lat' dir='ltr'><strong>Helvetia</strong></span> <span class='ocrx_word' id='word_1_98' title='bbox 347 1311 377 1369; x_wconf 91' lang='lat' dir='ltr'><strong>in</strong></span> <span class='ocrx_word' id='word_1_99' title='bbox 399 1314 539 1385; x_wconf 90' lang='lat' dir='ltr'><strong>quattuor</strong></span> <span class='ocrx_word' id='word_1_100' title='bbox 558 1326 650 1388; x_wconf 85' lang='lat' dir='ltr'><strong>pagos</strong></span> <span class='ocrx_word' id='word_1_101' title='bbox 671 1310 768 1371; x_wconf 67' lang='lat' dir='ltr'><strong>divisa.</strong></span> <span class='ocrx_word' id='word_1_102' title='bbox 782 1320 835 1372; x_wconf 88' lang='lat' dir='ltr'><strong>est</strong></span> <span class='ocrx_word' id='word_1_103' title='bbox 874 1312 927 1371; x_wconf 91' lang='lat' dir='ltr'><strong>llic</strong></span> <span class='ocrx_word' id='word_1_104' title='bbox 946 1319 1070 1390; x_wconf 79' lang='lat' dir='ltr'><strong>pagust</strong></span> 
     </span>
     <span class='ocr_line' id='line_1_14' title="bbox 78 1392 1035 1471; baseline 0 -18"><span class='ocrx_word' id='word_1_105' title='bbox 78 1410 173 1462; x_wconf 91' lang='lat' dir='ltr'><strong>unus,</strong></span> <span class='ocrx_word' id='word_1_106' title='bbox 195 1400 263 1452; x_wconf 88' lang='lat' dir='ltr'><strong>cum</strong></span> <span class='ocrx_word' id='word_1_107' title='bbox 278 1392 365 1453; x_wconf 93' lang='lat' dir='ltr'><strong>domo</strong></span> <span class='ocrx_word' id='word_1_108' title='bbox 382 1393 493 1452; x_wconf 86' lang='lat' dir='ltr'><strong>exisset</strong></span> <span class='ocrx_word' id='word_1_109' title='bbox 506 1400 625 1471; x_wconf 93' lang='lat' dir='ltr'><strong>patrum</strong></span> <span class='ocrx_word' id='word_1_110' title='bbox 639 1402 809 1455; x_wconf 90' lang='lat' dir='ltr'><strong>nostrorum</strong></span> <span class='ocrx_word' id='word_1_111' title='bbox 829 1396 986 1462; x_wconf 89' lang='lat' dir='ltr'><strong>memoria,</strong></span> <span class='ocrx_word' id='word_1_112' title='bbox 1003 1394 1035 1455; x_wconf 88' lang='lat' dir='ltr'><strong>L.</strong></span> 
     </span>
     <span class='ocr_line' id='line_1_15' title="bbox 68 1476 1036 1538; baseline 0.001 -2"><span class='ocrx_word' id='word_1_113' title='bbox 68 1476 215 1536; x_wconf 80' lang='lat' dir='ltr'><strong>¹Cassium</strong></span> <span class='ocrx_word' id='word_1_114' title='bbox 230 1476 383 1536; x_wconf 90' lang='lat' dir='ltr'><strong>consulem</strong></span> <span class='ocrx_word' id='word_1_115' title='bbox 398 1476 588 1536; x_wconf 86' lang='lat' dir='ltr'><strong>interfecerat</strong></span> <span class='ocrx_word' id='word_1_116' title='bbox 609 1482 639 1534; x_wconf 93' lang='lat' dir='ltr'><strong>et</strong></span> <span class='ocrx_word' id='word_1_117' title='bbox 660 1477 723 1535; x_wconf 90' lang='lat' dir='ltr'><strong>eius</strong></span> <span class='ocrx_word' id='word_1_118' title='bbox 744 1478 907 1537; x_wconf 90' lang='lat' dir='ltr'><strong>exercitum</strong></span> <span class='ocrx_word' id='word_1_119' title='bbox 921 1476 977 1538; x_wconf 88' lang='lat' dir='ltr'><strong>sub</strong></span> <span class='ocrx_word' id='word_1_120' title='bbox 992 1480 1036 1537; x_wconf 92' lang='lat' dir='ltr'><strong>iu·</strong></span> 
     </span>
     <span class='ocr_line' id='line_1_16' title="bbox 78 1556 1070 1636; baseline -0.001 -17"><span class='ocrx_word' id='word_1_121' title='bbox 78 1576 151 1636; x_wconf 84' lang='lat' dir='ltr'><strong>gum</strong></span> <span class='ocrx_word' id='word_1_122' title='bbox 166 1560 298 1619; x_wconf 89' lang='lat' dir='ltr'><strong>miserat.</strong></span> <span class='ocrx_word' id='word_1_123' title='bbox 335 1558 377 1618; x_wconf 91' lang='lat' dir='ltr'><strong>lta</strong></span> <span class='ocrx_word' id='word_1_124' title='bbox 399 1559 460 1617; x_wconf 87' lang='lat' dir='ltr'><strong>sive</strong></span> <span class='ocrx_word' id='word_1_125' title='bbox 475 1576 545 1618; x_wconf 91' lang='lat' dir='ltr'><strong>casu</strong></span> <span class='ocrx_word' id='word_1_126' title='bbox 565 1560 626 1618; x_wconf 84' lang='lat' dir='ltr'><strong>sive</strong></span> <span class='ocrx_word' id='word_1_127' title='bbox 641 1556 763 1618; x_wconf 89' lang='lat' dir='ltr'><strong>consilio</strong></span> <span class='ocrx_word' id='word_1_128' title='bbox 779 1559 902 1620; x_wconf 88' lang='lat' dir='ltr'><strong>deorum</strong></span> <span class='ocrx_word' id='word_1_129' title='bbox 917 1562 1038 1620; x_wconf 91' lang='lat' dir='ltr'><strong>immor·</strong></span> <span class='ocrx_word' id='word_1_130' title='bbox 1053 1566 1070 1618; x_wconf 82' lang='grc'><strong>3</strong></span> 
     </span>
     <span class='ocr_line' id='line_1_17' title="bbox 78 1640 1037 1719; baseline 0 -17"><span class='ocrx_word' id='word_1_131' title='bbox 78 1642 193 1709; x_wconf 90' lang='lat' dir='ltr'><strong>talium,</strong></span> <span class='ocrx_word' id='word_1_132' title='bbox 211 1658 287 1717; x_wconf 92' lang='lat' dir='ltr'><strong>quae</strong></span> <span class='ocrx_word' id='word_1_133' title='bbox 300 1659 370 1719; x_wconf 90' lang='lat' dir='ltr'><strong>pars</strong></span> <span class='ocrx_word' id='word_1_134' title='bbox 385 1641 509 1700; x_wconf 86' lang='lat' dir='ltr'><strong>civitatis</strong></span> <span class='ocrx_word' id='word_1_135' title='bbox 520 1640 669 1701; x_wconf 84' lang='lat' dir='ltr'><strong>Helvetiae</strong></span> <span class='ocrx_word' id='word_1_136' title='bbox 684 1643 828 1717; x_wconf 89' lang='lat' dir='ltr'><strong>insignem</strong></span> <span class='ocrx_word' id='word_1_137' title='bbox 844 1643 1037 1702; x_wconf 84' lang='lat' dir='ltr'><strong>calamitatem</strong></span> 
     </span>
     <span class='ocr_line' id='line_1_18' title="bbox 78 1721 1036 1803; baseline 0.003 -20"><span class='ocrx_word' id='word_1_138' title='bbox 78 1723 190 1802; x_wconf 93' lang='lat' dir='ltr'><strong>populo</strong></span> <span class='ocrx_word' id='word_1_139' title='bbox 210 1724 342 1783; x_wconf 87' lang='lat' dir='ltr'><strong>Romano</strong></span> <span class='ocrx_word' id='word_1_140' title='bbox 362 1721 517 1790; x_wconf 89' lang='lat' dir='ltr'><strong>intulerat,</strong></span> <span class='ocrx_word' id='word_1_141' title='bbox 539 1741 574 1783; x_wconf 92' lang='lat' dir='ltr'><strong>ea</strong></span> <span class='ocrx_word' id='word_1_142' title='bbox 594 1725 732 1800; x_wconf 90' lang='lat' dir='ltr'><strong>princeps</strong></span> <span class='ocrx_word' id='word_1_143' title='bbox 752 1741 863 1800; x_wconf 88' lang='lat' dir='ltr'><strong>poenas</strong></span> <span class='ocrx_word' id='word_1_144' title='bbox 883 1725 1036 1803; x_wconf 85' lang='lat' dir='ltr'><strong>persolvit.</strong></span> 
     </span>
     <span class='ocr_line' id='line_1_19' title="bbox 79 1804 1068 1887; baseline 0 -21"><span class='ocrx_word' id='word_1_145' title='bbox 79 1807 144 1876; x_wconf 80' lang='lat' dir='ltr'><strong>Qua</strong></span> <span class='ocrx_word' id='word_1_146' title='bbox 158 1807 190 1865; x_wconf 91' lang='lat' dir='ltr'><strong>iu</strong></span> <span class='ocrx_word' id='word_1_147' title='bbox 205 1824 239 1864; x_wconf 92' lang='lat' dir='ltr'><strong>re</strong></span> <span class='ocrx_word' id='word_1_148' title='bbox 254 1806 361 1866; x_wconf 84' lang='lat' dir='ltr'><strong>Caesar</strong></span> <span class='ocrx_word' id='word_1_149' title='bbox 375 1822 435 1865; x_wconf 92' lang='lat' dir='ltr'><strong>non</strong></span> <span class='ocrx_word' id='word_1_150' title='bbox 449 1805 546 1865; x_wconf 92' lang='lat' dir='ltr'><strong>solum</strong></span> <span class='ocrx_word' id='word_1_151' title='bbox 566 1804 713 1884; x_wconf 90' lang='lat' dir='ltr'><strong>publicas,</strong></span> <span class='ocrx_word' id='word_1_152' title='bbox 736 1806 788 1866; x_wconf 91' lang='lat' dir='ltr'><strong>sed</strong></span> <span class='ocrx_word' id='word_1_153' title='bbox 809 1809 896 1867; x_wconf 90' lang='lat' dir='ltr'><strong>etiam</strong></span> <span class='ocrx_word' id='word_1_154' title='bbox 910 1810 1038 1887; x_wconf 86' lang='lat' dir='ltr'><strong>privatas</strong></span> <span class='ocrx_word' id='word_1_155' title='bbox 1054 1817 1068 1866; x_wconf 80' lang='grc'><strong>7</strong></span> 
     </span>
     <span class='ocr_line' id='line_1_20' title="bbox 78 1887 1034 1964; baseline 0.002 -14"><span class='ocrx_word' id='word_1_156' title='bbox 78 1890 204 1951; x_wconf 90' lang='lat' dir='ltr'><strong>iniurias</strong></span> <span class='ocrx_word' id='word_1_157' title='bbox 224 1888 305 1948; x_wconf 91' lang='lat' dir='ltr'><strong>ultus</strong></span> <span class='ocrx_word' id='word_1_158' title='bbox 325 1895 384 1956; x_wconf 90' lang='lat' dir='ltr'><strong>est,</strong></span> <span class='ocrx_word' id='word_1_159' title='bbox 407 1887 485 1964; x_wconf 91' lang='lat' dir='ltr'><strong>quod</strong></span> <span class='ocrx_word' id='word_1_160' title='bbox 507 1890 571 1948; x_wconf 89' lang='lat' dir='ltr'><strong>eius</strong></span> <span class='ocrx_word' id='word_1_161' title='bbox 591 1888 734 1949; x_wconf 60' lang='lat' dir='ltr'><strong>soceri&#39;b.</strong></span> <span class='ocrx_word' id='word_1_162' title='bbox 751 1889 866 1951; x_wconf 91' lang='lat' dir='ltr'><strong>Pisonis</strong></span> <span class='ocrx_word' id='word_1_163' title='bbox 886 1909 986 1961; x_wconf 88' lang='lat' dir='ltr'><strong>avum,</strong></span> <span class='ocrx_word' id='word_1_164' title='bbox 1003 1892 1034 1952; x_wconf 94' lang='lat' dir='ltr'><strong>L.</strong></span> 
     </span>
     <span class='ocr_line' id='line_1_21' title="bbox 78 1971 1035 2050; baseline 0 -16"><span class='ocrx_word' id='word_1_165' title='bbox 78 1974 219 2034; x_wconf 86' lang='lat' dir='ltr'><strong>Pisonem</strong></span> <span class='ocrx_word' id='word_1_166' title='bbox 233 1971 378 2049; x_wconf 85' lang='lat' dir='ltr'><strong>legatum,</strong></span> <span class='ocrx_word' id='word_1_167' title='bbox 394 1971 529 2048; x_wconf 85' lang='lat' dir='ltr'><strong>Tigurini</strong></span> <span class='ocrx_word' id='word_1_168' title='bbox 550 1972 653 2031; x_wconf 89' lang='lat' dir='ltr'><strong>eodem</strong></span> <span class='ocrx_word' id='word_1_169' title='bbox 668 1971 796 2050; x_wconf 89' lang='lat' dir='ltr'><strong>proelio,</strong></span> <span class='ocrx_word' id='word_1_170' title='bbox 819 1989 878 2049; x_wconf 93' lang='lat' dir='ltr'><strong>quo</strong></span> <span class='ocrx_word' id='word_1_171' title='bbox 894 1973 1035 2043; x_wconf 81' lang='lat' dir='ltr'><strong>Cassium,</strong></span> 
     </span>
     <span class='ocr_line' id='line_1_22' title="bbox 78 2055 617 2116; baseline -0.006 -1"><span class='ocrx_word' id='word_1_172' title='bbox 78 2055 301 2116; x_wconf 77' lang='lat' dir='ltr'><strong>interfecerant.</strong></span> <span class='ocrx_word' id='word_1_173' title='bbox 615 2108 617 2112; x_wconf 81' lang='grc'>,</span> 
     </span>
    </p>

    <p class='ocr_par' dir='ltr' id='par_1_3' title="bbox 79 2137 1075 3470">
     <span class='ocr_line' id='line_1_23' title="bbox 144 2137 1066 2218; baseline 0.001 -21"><span class='ocrx_word' id='word_1_174' title='bbox 144 2137 219 2197; x_wconf 90' lang='lat' dir='ltr'><strong>Xlll.</strong></span> <span class='ocrx_word' id='word_1_175' title='bbox 250 2139 312 2198; x_wconf 86' lang='lat' dir='ltr'><strong>lloc</strong></span> <span class='ocrx_word' id='word_1_176' title='bbox 332 2138 445 2216; x_wconf 88' lang='lat' dir='ltr'><strong>proelio</strong></span> <span class='ocrx_word' id='word_1_177' title='bbox 467 2139 543 2197; x_wconf 84' lang='lat' dir='ltr'><strong>lacto</strong></span> <span class='ocrx_word' id='word_1_178' title='bbox 565 2137 694 2214; x_wconf 92' lang='lat' dir='ltr'><strong>reliquas</strong></span> <span class='ocrx_word' id='word_1_179' title='bbox 715 2141 815 2218; x_wconf 91' lang='lat' dir='ltr'><strong>copias</strong></span> <span class='ocrx_word' id='word_1_180' title='bbox 837 2140 1066 2202; x_wconf 82' lang='lat' dir='ltr'><strong>llelvetioruinl</strong></span> 
     </span>
     <span class='ocr_line' id='line_1_24' title="bbox 81 2223 1036 2300; baseline 0.003 -18"><span class='ocrx_word' id='word_1_181' title='bbox 81 2232 113 2282; x_wconf 92' lang='lat' dir='ltr'><strong>ut</strong></span> <span class='ocrx_word' id='word_1_182' title='bbox 129 2223 271 2297; x_wconf 88' lang='lat' dir='ltr'><strong>consequi</strong></span> <span class='ocrx_word' id='word_1_183' title='bbox 285 2231 401 2299; x_wconf 89' lang='lat' dir='ltr'><strong>posset,</strong></span> <span class='ocrx_word' id='word_1_184' title='bbox 421 2231 543 2300; x_wconf 93' lang='lat' dir='ltr'><strong>pontem</strong></span> <span class='ocrx_word' id='word_1_185' title='bbox 557 2223 588 2280; x_wconf 91' lang='lat' dir='ltr'><strong>in</strong></span> <span class='ocrx_word' id='word_1_186' title='bbox 602 2223 695 2282; x_wconf 76' lang='lat' dir='ltr'><strong>Arare</strong></span> <span class='ocrx_word' id='word_1_187' title='bbox 710 2223 875 2284; x_wconf 84' lang='lat' dir='ltr'><strong>iaciendum</strong></span> <span class='ocrx_word' id='word_1_188' title='bbox 894 2234 978 2284; x_wconf 91' lang='lat' dir='ltr'><strong>curat</strong></span> <span class='ocrx_word' id='word_1_189' title='bbox 992 2233 1036 2285; x_wconf 90' lang='lat' dir='ltr'><strong>at·</strong></span> 
     </span>
     <span class='ocr_line' id='line_1_25' title="bbox 80 2303 1069 2385; baseline 0.002 -21"><span class='ocrx_word' id='word_1_190' title='bbox 80 2322 141 2381; x_wconf 90' lang='lat' dir='ltr'><strong>qne</strong></span> <span class='ocrx_word' id='word_1_191' title='bbox 160 2306 201 2364; x_wconf 89' lang='lat' dir='ltr'><strong>ita</strong></span> <span class='ocrx_word' id='word_1_192' title='bbox 222 2307 385 2365; x_wconf 87' lang='lat' dir='ltr'><strong>exercitum</strong></span> <span class='ocrx_word' id='word_1_193' title='bbox 406 2304 541 2365; x_wconf 88' lang='lat' dir='ltr'><strong>traducit.</strong></span> <span class='ocrx_word' id='word_1_194' title='bbox 580 2303 703 2365; x_wconf 85' lang='lat' dir='ltr'><strong>Helvetii</strong></span> <span class='ocrx_word' id='word_1_195' title='bbox 724 2309 879 2385; x_wconf 90' lang='lat' dir='ltr'><strong>repentino</strong></span> <span class='ocrx_word' id='word_1_196' title='bbox 901 2310 965 2368; x_wconf 90' lang='lat' dir='ltr'><strong>eius</strong></span> <span class='ocrx_word' id='word_1_197' title='bbox 985 2307 1069 2368; x_wconf 86' lang='lat' dir='ltr'><strong>ad·2</strong></span> 
     </span>
     <span class='ocr_line' id='line_1_26' title="bbox 80 2387 1037 2468; baseline 0.008 -24"><span class='ocrx_word' id='word_1_198' title='bbox 80 2392 172 2448; x_wconf 86' lang='lat' dir='ltr'><strong>ventu</strong></span> <span class='ocrx_word' id='word_1_199' title='bbox 186 2391 339 2457; x_wconf 87' lang='lat' dir='ltr'><strong>commoti,</strong></span> <span class='ocrx_word' id='word_1_200' title='bbox 362 2406 430 2449; x_wconf 91' lang='lat' dir='ltr'><strong>eum</strong></span> <span class='ocrx_word' id='word_1_201' title='bbox 444 2388 490 2456; x_wconf 93' lang='lat' dir='ltr'><strong>id,</strong></span> <span class='ocrx_word' id='word_1_202' title='bbox 513 2387 591 2464; x_wconf 91' lang='lat' dir='ltr'><strong>quod</strong></span> <span class='ocrx_word' id='word_1_203' title='bbox 610 2389 668 2466; x_wconf 90' lang='lat' dir='ltr'><strong>ipsi</strong></span> <span class='ocrx_word' id='word_1_204' title='bbox 688 2389 791 2450; x_wconf 91' lang='lat' dir='ltr'><strong>diebus</strong></span> <span class='ocrx_word' id='word_1_205' title='bbox 807 2410 848 2450; x_wconf 87' lang='lat' dir='ltr'><strong>xx</strong></span> <span class='ocrx_word' id='word_1_206' title='bbox 862 2408 1037 2468; x_wconf 87' lang='lat' dir='ltr'><strong>aegerrume</strong></span> 
     </span>
     <span class='ocr_line' id='line_1_27' title="bbox 79 2470 1037 2541; baseline 0.004 -10"><span class='ocrx_word' id='word_1_207' title='bbox 79 2470 285 2540; x_wconf 85' lang='lat' dir='ltr'><strong>coniecerant,</strong></span> <span class='ocrx_word' id='word_1_208' title='bbox 309 2479 341 2531; x_wconf 94' lang='lat' dir='ltr'><strong>ut</strong></span> <span class='ocrx_word' id='word_1_209' title='bbox 360 2471 469 2532; x_wconf 88' lang='lat' dir='ltr'><strong>ilumen</strong></span> <span class='ocrx_word' id='word_1_210' title='bbox 490 2472 665 2541; x_wconf 88' lang='lat' dir='ltr'><strong>transirent,</strong></span> <span class='ocrx_word' id='word_1_211' title='bbox 687 2472 770 2534; x_wconf 93' lang='lat' dir='ltr'><strong>illum</strong></span> <span class='ocrx_word' id='word_1_212' title='bbox 790 2491 849 2534; x_wconf 93' lang='lat' dir='ltr'><strong>uno</strong></span> <span class='ocrx_word' id='word_1_213' title='bbox 870 2473 917 2533; x_wconf 91' lang='lat' dir='ltr'><strong>die</strong></span> <span class='ocrx_word' id='word_1_214' title='bbox 932 2476 1037 2535; x_wconf 89' lang='grc'>1331333</span> 
     </span>
     <span class='ocr_line' id='line_1_28' title="bbox 79 2552 1037 2635; baseline 0.005 -22"><span class='ocrx_word' id='word_1_215' title='bbox 79 2552 304 2630; x_wconf 89' lang='lat' dir='ltr'><strong>intellegerent,</strong></span> <span class='ocrx_word' id='word_1_216' title='bbox 332 2553 444 2631; x_wconf 89' lang='lat' dir='ltr'><strong>legatos</strong></span> <span class='ocrx_word' id='word_1_217' title='bbox 464 2554 501 2615; x_wconf 95' lang='lat' dir='ltr'><strong>ad</strong></span> <span class='ocrx_word' id='word_1_218' title='bbox 521 2573 589 2615; x_wconf 90' lang='lat' dir='ltr'><strong>eum</strong></span> <span class='ocrx_word' id='word_1_219' title='bbox 615 2557 749 2624; x_wconf 91' lang='lat' dir='ltr'><strong>mittunt;</strong></span> <span class='ocrx_word' id='word_1_220' title='bbox 775 2557 858 2618; x_wconf 91' lang='lat' dir='ltr'><strong>cuius</strong></span> <span class='ocrx_word' id='word_1_221' title='bbox 884 2556 1037 2635; x_wconf 86' lang='lat' dir='ltr'><strong>legationis</strong></span> 
     </span>
     <span class='ocr_line' id='line_1_29' title="bbox 80 2637 1037 2717; baseline 0.004 -19"><span class='ocrx_word' id='word_1_222' title='bbox 80 2639 182 2698; x_wconf 87' lang='lat' dir='ltr'><strong>llivico</strong></span> <span class='ocrx_word' id='word_1_223' title='bbox 197 2639 338 2717; x_wconf 89' lang='lat' dir='ltr'><strong>princeps</strong></span> <span class='ocrx_word' id='word_1_224' title='bbox 351 2639 421 2705; x_wconf 83' lang='lat' dir='ltr'><strong>tuit,</strong></span> <span class='ocrx_word' id='word_1_225' title='bbox 444 2640 495 2714; x_wconf 91' lang='lat' dir='ltr'><strong>qui</strong></span> <span class='ocrx_word' id='word_1_226' title='bbox 509 2637 587 2698; x_wconf 88' lang='lat' dir='ltr'><strong>bello</strong></span> <span class='ocrx_word' id='word_1_227' title='bbox 603 2638 741 2700; x_wconf 83' lang='lat' dir='ltr'><strong>Cassiano</strong></span> <span class='ocrx_word' id='word_1_228' title='bbox 762 2639 821 2700; x_wconf 94' lang='lat' dir='ltr'><strong>dux</strong></span> <span class='ocrx_word' id='word_1_229' title='bbox 836 2638 1037 2702; x_wconf 90' lang='lat' dir='ltr'><strong>Helvetiorum</strong></span> 
     </span>
     <span class='ocr_line' id='line_1_30' title="bbox 79 2721 1069 2801; baseline 0.001 -20"><span class='ocrx_word' id='word_1_230' title='bbox 79 2721 188 2781; x_wconf 84' lang='lat' dir='ltr'><strong>iuerat.</strong></span> <span class='ocrx_word' id='word_1_231' title='bbox 226 2721 254 2781; x_wconf 91' lang='lat' dir='ltr'><strong>ls</strong></span> <span class='ocrx_word' id='word_1_232' title='bbox 273 2723 313 2782; x_wconf 91' lang='lat' dir='ltr'><strong>ita</strong></span> <span class='ocrx_word' id='word_1_233' title='bbox 334 2739 400 2781; x_wconf 89' lang='lat' dir='ltr'><strong>cum</strong></span> <span class='ocrx_word' id='word_1_234' title='bbox 421 2722 546 2783; x_wconf 82' lang='lat' dir='ltr'><strong>Caesare</strong></span> <span class='ocrx_word' id='word_1_235' title='bbox 567 2722 640 2798; x_wconf 90' lang='lat' dir='ltr'><strong>egit:</strong></span> <span class='ocrx_word' id='word_1_236' title='bbox 664 2722 695 2782; x_wconf 89' lang='lat' dir='ltr'><strong>Si</strong></span> <span class='ocrx_word' id='word_1_237' title='bbox 715 2740 817 2801; x_wconf 90' lang='lat' dir='ltr'><strong>pacem</strong></span> <span class='ocrx_word' id='word_1_238' title='bbox 837 2721 965 2801; x_wconf 91' lang='lat' dir='ltr'><strong>populus</strong></span> <span class='ocrx_word' id='word_1_239' title='bbox 979 2722 1069 2782; x_wconf 82' lang='lat' dir='ltr'><strong>lio-t</strong></span> 
     </span>
     <span class='ocr_line' id='line_1_31' title="bbox 80 2803 1037 2883; baseline 0.001 -20"><span class='ocrx_word' id='word_1_240' title='bbox 80 2821 187 2864; x_wconf 91' lang='lat' dir='ltr'><strong>manus</strong></span> <span class='ocrx_word' id='word_1_241' title='bbox 202 2803 424 2879; x_wconf 17' lang='lat' dir='ltr'><strong>cum-Helvetiis</strong></span> <span class='ocrx_word' id='word_1_242' title='bbox 438 2807 564 2874; x_wconf 86' lang='lat' dir='ltr'><strong>iaceret,</strong></span> <span class='ocrx_word' id='word_1_243' title='bbox 586 2807 617 2865; x_wconf 95' lang='lat' dir='ltr'><strong>in</strong></span> <span class='ocrx_word' id='word_1_244' title='bbox 633 2823 697 2866; x_wconf 89' lang='lat' dir='ltr'><strong>eam</strong></span> <span class='ocrx_word' id='word_1_245' title='bbox 711 2812 825 2883; x_wconf 90' lang='lat' dir='ltr'><strong>partem</strong></span> <span class='ocrx_word' id='word_1_246' title='bbox 840 2807 934 2866; x_wconf 87' lang='lat' dir='ltr'><strong>ituros</strong></span> <span class='ocrx_word' id='word_1_247' title='bbox 948 2813 1037 2881; x_wconf 90' lang='lat' dir='ltr'><strong>atque</strong></span> 
     </span>
     <span class='ocr_line' id='line_1_32' title="bbox 81 2886 1036 2965; baseline 0.001 -18"><span class='ocrx_word' id='word_1_248' title='bbox 81 2886 123 2947; x_wconf 94' lang='lat' dir='ltr'><strong>ibi</strong></span> <span class='ocrx_word' id='word_1_249' title='bbox 145 2888 262 2947; x_wconf 81' lang='lat' dir='ltr'><strong>tuturos</strong></span> <span class='ocrx_word' id='word_1_250' title='bbox 276 2887 439 2956; x_wconf 83' lang='lat' dir='ltr'><strong>Helvetios,</strong></span> <span class='ocrx_word' id='word_1_251' title='bbox 464 2887 514 2948; x_wconf 92' lang='lat' dir='ltr'><strong>ubi</strong></span> <span class='ocrx_word' id='word_1_252' title='bbox 535 2906 586 2948; x_wconf 89' lang='lat' dir='ltr'><strong>eos</strong></span> <span class='ocrx_word' id='word_1_253' title='bbox 602 2887 708 2948; x_wconf 86' lang='lat' dir='ltr'><strong>Caesar</strong></span> <span class='ocrx_word' id='word_1_254' title='bbox 728 2890 929 2948; x_wconf 90' lang='lat' dir='ltr'><strong>constituisset</strong></span> <span class='ocrx_word' id='word_1_255' title='bbox 948 2897 1036 2965; x_wconf 90' lang='lat' dir='ltr'><strong>atque</strong></span> 
     </span>
     <span class='ocr_line' id='line_1_33' title="bbox 81 2969 1069 3051; baseline 0 -22"><span class='ocrx_word' id='word_1_256' title='bbox 81 2987 148 3030; x_wconf 87' lang='lat' dir='ltr'><strong>esse</strong></span> <span class='ocrx_word' id='word_1_257' title='bbox 162 2969 317 3039; x_wconf 86' lang='lat' dir='ltr'><strong>voluisset;</strong></span> <span class='ocrx_word' id='word_1_258' title='bbox 333 2974 381 3031; x_wconf 91' lang='lat' dir='ltr'><strong>sin</strong></span> <span class='ocrx_word' id='word_1_259' title='bbox 395 2971 473 3032; x_wconf 89' lang='lat' dir='ltr'><strong>bello</strong></span> <span class='ocrx_word' id='word_1_260' title='bbox 484 2973 625 3051; x_wconf 87' lang='lat' dir='ltr'><strong>persequi</strong></span> <span class='ocrx_word' id='word_1_261' title='bbox 638 2978 850 3048; x_wconf 87' lang='lat' dir='ltr'><strong>perseveraret,</strong></span> <span class='ocrx_word' id='word_1_262' title='bbox 865 2973 1036 3034; x_wconf 78' lang='lat' dir='ltr'><strong>reminisco·</strong></span> <span class='ocrx_word' id='word_1_263' title='bbox 1052 2982 1069 3029; x_wconf 79' lang='lat'>4</span> 
     </span>
     <span class='ocr_line' id='line_1_34' title="bbox 80 3053 1037 3134; baseline 0.003 -20"><span class='ocrx_word' id='word_1_264' title='bbox 80 3063 167 3114; x_wconf 88' lang='lat' dir='ltr'><strong>retur</strong></span> <span class='ocrx_word' id='word_1_265' title='bbox 183 3062 213 3113; x_wconf 91' lang='grc'><strong>33</strong></span> <span class='ocrx_word' id='word_1_266' title='bbox 225 3056 333 3115; x_wconf 86' lang='lat' dir='ltr'><strong>veteris</strong></span> <span class='ocrx_word' id='word_1_267' title='bbox 347 3055 525 3116; x_wconf 90' lang='lat' dir='ltr'><strong>incommodi</strong></span> <span class='ocrx_word' id='word_1_268' title='bbox 536 3053 638 3133; x_wconf 91' lang='lat' dir='ltr'><strong>populi</strong></span> <span class='ocrx_word' id='word_1_269' title='bbox 645 3054 770 3116; x_wconf 87' lang='lat' dir='ltr'><strong>Romani</strong></span> <span class='ocrx_word' id='word_1_270' title='bbox 784 3065 814 3116; x_wconf 87' lang='grc'><strong>33</strong></span> <span class='ocrx_word' id='word_1_271' title='bbox 822 3057 964 3134; x_wconf 84' lang='lat' dir='ltr'><strong>pristinae</strong></span> <span class='ocrx_word' id='word_1_272' title='bbox 979 3058 1037 3117; x_wconf 85' lang='lat' dir='ltr'><strong>vir·</strong></span> 
     </span>
     <span class='ocr_line' id='line_1_35' title="bbox 80 3135 1069 3218; baseline 0.001 -22"><span class='ocrx_word' id='word_1_273' title='bbox 80 3137 156 3197; x_wconf 90' lang='lat' dir='ltr'><strong>tutis</strong></span> <span class='ocrx_word' id='word_1_274' title='bbox 170 3135 380 3199; x_wconf 84' lang='lat' dir='ltr'><strong>Helvetiorum.</strong></span> <span class='ocrx_word' id='word_1_275' title='bbox 419 3138 504 3209; x_wconf 83' lang='lat' dir='ltr'><strong>Quod</strong></span> <span class='ocrx_word' id='word_1_276' title='bbox 524 3139 672 3215; x_wconf 83' lang='lat' dir='ltr'><strong>inproviso</strong></span> <span class='ocrx_word' id='word_1_277' title='bbox 688 3156 780 3199; x_wconf 93' lang='lat' dir='ltr'><strong>unum</strong></span> <span class='ocrx_word' id='word_1_278' title='bbox 796 3156 903 3218; x_wconf 89' lang='lat' dir='ltr'><strong>pagum</strong></span> <span class='ocrx_word' id='word_1_279' title='bbox 918 3140 1038 3201; x_wconf 88' lang='lat' dir='ltr'><strong>adortus</strong></span> <span class='ocrx_word' id='word_1_280' title='bbox 1052 3147 1069 3197; x_wconf 78' lang='lat' dir='ltr'><strong>o</strong></span> 
     </span>
     <span class='ocr_line' id='line_1_36' title="bbox 81 3221 1038 3298; baseline 0.002 -18"><span class='ocrx_word' id='word_1_281' title='bbox 81 3229 176 3289; x_wconf 89' lang='lat' dir='ltr'><strong>esset,</strong></span> <span class='ocrx_word' id='word_1_282' title='bbox 199 3238 267 3281; x_wconf 87' lang='lat' dir='ltr'><strong>oum</strong></span> <span class='ocrx_word' id='word_1_283' title='bbox 281 3222 316 3291; x_wconf 92' lang='lat' dir='ltr'><strong>ii,</strong></span> <span class='ocrx_word' id='word_1_284' title='bbox 334 3223 384 3298; x_wconf 93' lang='lat' dir='ltr'><strong>qui</strong></span> <span class='ocrx_word' id='word_1_285' title='bbox 398 3221 509 3282; x_wconf 85' lang='lat' dir='ltr'><strong>flumen</strong></span> <span class='ocrx_word' id='word_1_286' title='bbox 523 3223 711 3291; x_wconf 89' lang='lat' dir='ltr'><strong>transissent,</strong></span> <span class='ocrx_word' id='word_1_287' title='bbox 728 3225 789 3283; x_wconf 90' lang='lat' dir='ltr'><strong>suis</strong></span> <span class='ocrx_word' id='word_1_288' title='bbox 803 3222 944 3284; x_wconf 92' lang='lat' dir='ltr'><strong>auxilium</strong></span> <span class='ocrx_word' id='word_1_289' title='bbox 958 3225 1038 3284; x_wconf 82' lang='lat' dir='ltr'><strong>ferre</strong></span> 
     </span>
     <span class='ocr_line' id='line_1_37' title="bbox 80 3305 1038 3384; baseline 0.001 -21"><span class='ocrx_word' id='word_1_290' title='bbox 80 3322 144 3364; x_wconf 90' lang='lat' dir='ltr'><strong>uon</strong></span> <span class='ocrx_word' id='word_1_291' title='bbox 158 3311 295 3381; x_wconf 91' lang='lat' dir='ltr'><strong>possent,</strong></span> <span class='ocrx_word' id='word_1_292' title='bbox 316 3322 355 3365; x_wconf 91' lang='lat' dir='ltr'><strong>ne</strong></span> <span class='ocrx_word' id='word_1_293' title='bbox 376 3305 415 3365; x_wconf 91' lang='lat' dir='ltr'><strong>ob</strong></span> <span class='ocrx_word' id='word_1_294' title='bbox 436 3323 500 3365; x_wconf 90' lang='lat' dir='ltr'><strong>eam</strong></span> <span class='ocrx_word' id='word_1_295' title='bbox 514 3322 579 3365; x_wconf 89' lang='lat' dir='ltr'><strong>rem</strong></span> <span class='ocrx_word' id='word_1_296' title='bbox 594 3313 644 3366; x_wconf 91' lang='lat' dir='ltr'><strong>aut</strong></span> <span class='ocrx_word' id='word_1_297' title='bbox 658 3323 729 3366; x_wconf 86' lang='lat' dir='ltr'><strong>suae</strong></span> <span class='ocrx_word' id='word_1_298' title='bbox 743 3324 924 3384; x_wconf 86' lang='lat' dir='ltr'><strong>magnopere</strong></span> <span class='ocrx_word' id='word_1_299' title='bbox 939 3307 1038 3367; x_wconf 85' lang='lat' dir='ltr'><strong>virtuti</strong></span> 
     </span>
     <span class='ocr_line' id='line_1_38' title="bbox 81 3386 1075 3470; baseline 0.002 -24"><span class='ocrx_word' id='word_1_300' title='bbox 81 3386 230 3447; x_wconf 90' lang='lat' dir='ltr'><strong>tribueret</strong></span> <span class='ocrx_word' id='word_1_301' title='bbox 244 3395 294 3447; x_wconf 90' lang='lat' dir='ltr'><strong>aut</strong></span> <span class='ocrx_word' id='word_1_302' title='bbox 307 3389 388 3465; x_wconf 89' lang='lat' dir='ltr'><strong>ipsos</strong></span> <span class='ocrx_word' id='word_1_303' title='bbox 403 3387 578 3466; x_wconf 81' lang='lat' dir='ltr'><strong>despiceret</strong></span> <span class='ocrx_word' id='word_1_304' title='bbox 617 3388 656 3449; x_wconf 89' lang='lat' dir='ltr'><strong>Se</strong></span> <span class='ocrx_word' id='word_1_305' title='bbox 674 3390 715 3450; x_wconf 91' lang='lat' dir='ltr'><strong>ita</strong></span> <span class='ocrx_word' id='word_1_306' title='bbox 735 3408 751 3450; x_wconf 92' lang='lat' dir='ltr'><strong>a</strong></span> <span class='ocrx_word' id='word_1_307' title='bbox 772 3389 906 3470; x_wconf 88' lang='lat' dir='ltr'><strong>patribus</strong></span> <span class='ocrx_word' id='word_1_308' title='bbox 920 3390 1037 3451; x_wconf 84' lang='lat' dir='ltr'><strong>maiori-</strong></span> <span class='ocrx_word' id='word_1_309' title='bbox 1052 3397 1075 3448; x_wconf 73' lang='grc'><strong>3</strong></span> 
     </span>
    </p>
   </div>
   <div class='ocr_carea' id='block_1_3' title="bbox 81 3469 1057 3556">
    <p class='ocr_par' dir='ltr' id='par_1_4' title="bbox 81 3469 1057 3556">
     <span class='ocr_line' id='line_1_39' title="bbox 81 3469 1057 3556; baseline 0.005 -27"><span class='ocrx_word' id='word_1_310' title='bbox 81 3470 198 3547; x_wconf 84' lang='lat' dir='ltr'><strong>busque</strong></span> <span class='ocrx_word' id='word_1_311' title='bbox 213 3472 276 3531; x_wconf 82' lang='lat' dir='ltr'><strong>suis</strong></span> <span class='ocrx_word' id='word_1_312' title='bbox 290 3469 434 3542; x_wconf 88' lang='lat' dir='ltr'><strong>didicisse,</strong></span> <span class='ocrx_word' id='word_1_313' title='bbox 453 3479 484 3533; x_wconf 92' lang='lat' dir='ltr'><strong>ut</strong></span> <span class='ocrx_word' id='word_1_314' title='bbox 498 3473 592 3556; x_wconf 83' lang='lat' dir='ltr'><strong>magis</strong></span> <span class='ocrx_word' id='word_1_315' title='bbox 606 3473 718 3539; x_wconf 85' lang='lat' dir='ltr'><strong>virtute</strong></span> <span class='ocrx_word' id='word_1_316' title='bbox 734 3492 827 3556; x_wconf 89' lang='lat' dir='ltr'><strong>quam</strong></span> <span class='ocrx_word' id='word_1_317' title='bbox 840 3473 913 3539; x_wconf 84' lang='lat' dir='ltr'><strong>dolo</strong></span> <span class='ocrx_word' id='word_1_318' title='bbox 928 3482 1057 3539; x_wconf 80' lang='lat' dir='ltr'><strong>conten·</strong></span> 
     </span>
    </p>
   </div>
   <div class='ocr_carea' id='block_1_4' title="bbox 0 0 1186 3870">
    <p class='ocr_par' dir='ltr' id='par_1_5' title="bbox 0 0 1186 3870">
     <span class='ocr_line' id='line_1_40' title="bbox 0 0 1186 3870; baseline 0 0"><span class='ocrx_word' id='word_1_319' title='bbox 0 0 1186 3870; x_wconf 95' lang='lat' dir='ltr'><strong> </strong></span> 
     </span>
    </p>
   </div>
  </div>
 </body>
</html>
