2356 3870
158 202 217 266 102
431 204 578 260 BELLUM
592 203 844 260 HISPANIENSE.

118 355 260 437 aplaces
291 373 328 417 ex
360 358 447 434 cquis
480 352 709 415 descenderunt.
740 353 808 415 -lta
841 356 951 431 exiguo
982 359 1122 432 tempore

156 459 249 520 eques
270 439 410 518 pedestre
429 437 536 519 [pedes
552 436 704 517 equestre]
728 439 877 516 proelium
892 439 993 499 lacere
1009 439 1121 516 coepit,

119 535 252 605 tuaque
276 542 327 593 eo,
349 532 382 584 ut
398 524 519 586 caedem
541 523 675 601 proxime
698 522 806 584 avallo
827 523 967 582 iecerint.
1011 520 1047 581 ln
1062 540 1123 600 quo

155 609 274 689 proelio
292 608 533 670 adversariorum
548 607 724 668 cecideruut
739 618 866 676 cxxm,
890 606 1122 684 compluresque

156 696 248 755 armis
277 695 374 762 exuti,
403 693 490 754 multi
519 691 693 754 vulneribus
722 690 833 752 adfecti
861 693 893 751 iu
920 699 1017 751 castra
1052 696 1123 751 suut

119 777 286 839 eredacti.
330 776 432 838 Nostri
460 776 715 844 ceciderunt111;
746 777 842 836 saucii
864 788 917 834 ΧΠ
945 775 1063 854 pedites
1092 782 1122 835 et

156 865 273 942 equites
294 876 328 922 v.
372 861 447 922 Eius
469 860 529 922 diei
552 861 720 938 insequenti
743 870 878 939 tempore
901 861 1027 939 pristina
1048 877 1123 919 con·

120 946 319 1008 nsuetudine
341 964 395 1024 pro
417 963 505 1006 muro
526 947 653 1024 pugnari
676 952 816 1023 coeptum
844 951 899 1005 est.
944 944 1017 1005 Cum
1041 942 1122 1004 bene

156 1048 294 1108 maguam
315 1030 539 1091 multitudinem
561 1028 691 1090 telorum
712 1031 873 1108 ignemque
888 1030 1000 1089 nostris
1015 1028 1123 1090 deien-

157 1114 300 1176 dentibus
322 1116 514 1182 iniecissent‚
538 1113 700 1174 uelandum
722 1113 1024 1191 crudelissimumque
1046 1114 1123 1173 laci-

158 1216 215 1259 nus
236 1204 307 1258 sunt
329 1200 463 1275 aggressi
485 1201 518 1258 in
540 1205 763 1277 conspectuque
778 1205 881 1258 nostro
902 1197 1046 1275 hospites,
1070 1199 1124 1276 qui

157 1285 190 1344 in
212 1281 324 1361 oppido
346 1291 445 1351 erant,
469 1282 606 1360 iugulare
629 1281 716 1342 etde
739 1300 826 1342 muro
849 1283 1033 1361 praecipites
1050 1283 1122 1342 mit·

157 1374 222 1428 tere
246 1374 424 1444 coeperunt,
456 1369 547 1427 sicuti
569 1366 647 1444 apud
677 1365 836 1434 barbaros;
864 1366 944 1446 quod
971 1374 1039 1445 post
1067 1365 1123 1426 ho·

158 1452 274 1512 minum
296 1453 472 1511 memoriam
493 1467 657 1528 numquam
679 1459 724 1512 est
746 1453 869 1512 lactum.
901 1510 904 1514 ,
941 1524 944 1529 ,

123 1543 136 1592 1
222 1533 296 1594 xvi.
340 1534 436 1595 lluins
464 1534 524 1594 diei
552 1543 686 1596 extremo
716 1545 852 1614 tempore
886 1535 1124 1613 aPompeianis

158 1618 236 1680 clam
260 1616 327 1699 [ad]
351 1627 471 1681 nostros
492 1618 668 1681 tabellarius
690 1629 736 1680 est
756 1622 883 1688 missus,
912 1626 947 1679 ut
974 1637 1008 1679 ea
1031 1628 1123 1680 nocte

158 1710 259 1764 turres
281 1720 480 1784 aggeremque
502 1704 699 1766 incenderent
714 1711 745 1765 et
763 1707 851 1765 tertia
866 1703 970 1782 vigilia
984 1705 1123 1782 eruptio·

122 1797 229 1848 tuem
251 1789 397 1850 facerent.
440 1788 483 1850 lta
506 1791 576 1866 igne
605 1787 794 1868 telorumque
823 1787 1016 1849 multitudine
1042 1789 1139 1850 iacta.

158 1890 228 1934 cum
257 1871 334 1933 bene
364 1890 500 1950 magnam
535 1879 650 1951 partem
683 1876 825 1952 temporis
853 1874 1121 1951 consumpsissent,

159 1964 290 2036 portam,
314 1974 389 2034 quae
405 1976 421 2016 e
437 1959 559 2034 regione
582 1965 613 2017 et
633 1959 666 2017 in
681 1965 845 2036 conspectu
859 1957 984 2036 Pompei
1006 1964 1121 2017 castro·

159 2058 226 2100 rum
254 2042 368 2108 luerat,
398 2046 595 2119 aperuerunt,
628 2043 791 2120 copiaeque
818 2049 900 2104 totae
927 2044 1121 2120 eruptionem

159 2124 298 2185 lecerunt
319 2142 481 2203 secumque
502 2125 675 2186 extulerunt
695 2126 839 2204 virgulta,
868 2133 972 2188 crates
1000 2125 1036 2185 ad
1059 2128 1121 2187 los·

159 2225 207 2268 sas
230 2207 420 2286 complendas
443 2216 473 2269 et
494 2209 681 2287 harpagones
702 2211 738 2270 ad
760 2229 859 2280 casas,
883 2229 958 2290 quae
973 2209 1120 2272 stramen·

158 2292 249 2352 liciae
276 2291 314 2351 ah
341 2294 454 2352 nostris
480 2293 678 2355 hibernorum
706 2314 795 2356 causa
822 2295 996 2356 aedificatae
1023 2301 1120 2363 erant,

159 2374 321 2436 diruendas
344 2377 612 2448 conscendendas,
641 2386 796 2458 praeterea
825 2387 999 2458 argeutum,
1029 2381 1120 2439 vesti·

158 2470 275 2530 menta,
298 2468 347 2531 ut,
370 2461 441 2521 dum
457 2465 553 2522 nostri
576 2465 608 2522 in
630 2463 740 2542 praeda
755 2463 943 2533 detinentur,
967 2463 1013 2524 illi
1029 2463 1121 2525 caede

159 2545 237 2606 iacta
264 2545 301 2605 ad
328 2546 479 2623 praesidia
507 2547 630 2626 Pompei
657 2565 690 2608 se
719 2551 905 2626 reciperent:
938 2566 1008 2609 nam
1040 2547 1120 2626 quod

160 2627 366 2697 existimabat,
402 2648 453 2690 eos
480 2648 567 2709 pesse
595 2638 735 2694 conatum
767 2632 903 2702 efficere,
937 2638 1026 2693 nocte
1057 2638 1122 2691 tota

121 2711 239 2772 tultra
275 2710 338 2772 ibat
360 2711 471 2774 ilumen
494 2716 611 2777 Salsum
634 2716 665 2774 in
686 2718 760 2777 anie.
814 2716 900 2788 Quod
921 2719 1034 2777 sactum
1049 2716 1123 2776 licet

159 2795 410 2877 necopinantibus
442 2799 554 2858 uostris
591 2805 671 2859 esset
705 2806 837 2877 gestum,
873 2807 974 2862 tamen
1010 2801 1122 2860 virtute

158 2882 232 2943 ireti
254 2881 391 2961 repulsos
411 2881 573 2961 multisque
589 2883 765 2944 vulneribus
786 2884 920 2945 adiectos
942 2883 1050 2963 oppido
1073 2902 1122 2944 rc·

158 2974 350 3044 presserunt,
373 2966 514 3044 praedam
537 2984 677 3046 armaque
696 2985 800 3029 eorum
823 2975 894 3029 sunt
914 2970 1002 3048 potiti
1024 2970 1122 3029 vivos·

160 3067 218 3128 que
241 3049 355 3128 aliquos
377 3057 539 3127 ceperunt,
568 3053 619 3130 qui
648 3058 769 3129 postero
790 3051 839 3114 dic
861 3059 932 3113 sunt
954 3052 1122 3113 interiecti.

121 3139 140 3188 4
160 3133 332 3212 Eodemque
355 3139 491 3212 tempore
511 3137 666 3213 transfuga
687 3135 836 3196 nuntiavit
858 3152 895 3197 ex
919 3136 1045 3216 oppido,
1074 3134 1122 3197 lu-

159 3219 259 3284 nium,
282 3220 335 3295 qni
356 3219 387 3277 in
403 3218 544 3279 cuniculo
559 3220 679 3287 lutsset,
702 3220 894 3301 iugulationq
904 3220 1124 3300 oppidanorum

159 3302 237 3362 lacta
260 3300 420 3371 clamasse,
448 3304 564 3363 lacinus
587 3322 619 3363 se
641 3303 803 3365 nefandum
823 3310 854 3365 et
875 3306 974 3366 soclus
998 3305 1123 3367 iecisse:

158 3403 227 3446 nam
258 3403 310 3445 eos
336 3386 412 3446 nihil
441 3387 603 3456 cremisse,
632 3404 725 3465 quare
753 3387 808 3449 tali
830 3406 927 3468 poena
956 3389 1124 3452 adiiceren-

154 3480 219 3540 tur,
252 3471 306 3551 qui
333 3488 386 3532 eos
408 3471 445 3532 ad
473 3489 540 3533 aras
565 3478 596 3533 ct
622 3473 706 3533 locos
727 3489 797 3533 suos
824 3476 1027 3554 recepissent,
1057 3491 1125 3536 cos·
