2356 3870
145 205 195 271 40
311 279 315 284 ,
394 207 542 263 unmuu
556 205 861 264 annumereris.

149 370 218 423 tura
241 361 343 420 facere
366 364 541 426 consuerat,
565 365 638 417 tunc
660 357 841 419 necessitate
863 355 938 418 lecit
958 352 1122 430 affluens,

150 452 185 506 ut
207 443 338 523 celerius
361 444 495 503 omnium
518 443 661 519 opinione
683 459 804 502 manum
826 447 1014 503 consereret.

118 544 134 592 1
215 526 330 588 LXXII.
375 526 444 607 Zela
467 533 512 585 est
535 524 678 605 oppidum
689 527 722 586 in
734 524 840 595 Ponto,
863 528 995 603 positum
1007 526 1121 605 ipsum,

152 620 185 673 ut
208 615 239 672 in
261 610 361 690 plano,
384 611 452 671 loco
475 613 547 670 satis
562 612 694 671 munito:
716 609 851 671 tumulus
866 609 1121 678 enimnaturalis,

152 695 247 756 veluti
269 713 360 755 manu
383 696 489 765 lactus,
514 694 680 756 excelsiore
703 693 836 772 undique
850 695 973 772 lastigie
988 697 1122 755 sustinet

115 795 132 843 2
152 798 284 841 murum.
330 779 543 858 Circumpositi
558 786 629 839 sunt
642 777 715 838 huic
730 776 840 856 oppido
855 779 957 856 magni
971 777 1123 858 multique

154 865 293 926 intercisi
313 863 442 925 vallibus
464 863 572 931 colles:
596 880 725 942 quorum
747 863 932 923 editissimus
954 880 1044 933 unus,
1069 863 1122 941 qui

153 955 278 1028 propter
312 950 471 1010 victoriam
503 946 687 1008 Mithridatis
720 954 751 1006 et
782 946 992 1008 infelicitatem
1019 947 1123 1007 Triari

153 1034 429 1111 detrimentumque
442 1034 594 1092 exercitus
606 1033 704 1091 nostri
715 1029 925 1108 superioribus
940 1030 1016 1091 locis
1032 1038 1124 1109 atque

154 1114 316 1177 itineribus
349 1133 443 1194 paene
475 1118 657 1177 coniunctus
687 1114 797 1192 oppido
830 1132 969 1192 magnam
998 1116 1032 1174 in
1061 1113 1126 1173 illis

155 1199 294 1281 partibus
316 1198 407 1260 habet
428 1198 618 1260 nobilitatem
641 1217 696 1259 nec
725 1198 819 1258 multo
847 1199 967 1276 longius
995 1197 1124 1260 milibus

118 1300 298 1364 epassuum
330 1297 372 1344 111
404 1282 489 1344 abest
517 1282 555 1343 ab
584 1282 663 1342 Zela.
715 1281 801 1342 Hunc
828 1282 929 1344 locum
951 1281 1125 1342 Pharnaces

156 1367 311 1430 veteribus
333 1375 528 1446 paternorum
544 1366 679 1426 lelicium
695 1372 863 1426 castrorum
878 1369 1004 1427 relectis
1020 1369 1124 1446 operi·

157 1453 214 1514 bus
237 1451 332 1529 copiis
354 1453 418 1512 suis
440 1448 580 1511 omnibus
602 1450 768 1528 occupavit.

121 1553 137 1601 1
220 1534 349 1595 LXXIII.
394 1534 503 1596 Caesar
530 1552 598 1594 cum
624 1533 662 1594 ab
695 1534 782 1594 boste
814 1534 897 1595 milia
928 1552 1073 1613 passuum
1098 1547 1124 1594 v

158 1627 254 1682 castra
277 1620 427 1698 posuisset
455 1618 648 1698 videretque,
678 1636 729 1679 eas
757 1617 865 1688 velles,
895 1618 1006 1698 quibus
1034 1621 1121 1698 regia

158 1712 255 1766 castra
277 1706 483 1772 munirentur,
513 1702 617 1763 eodem
638 1701 795 1762 intervallo
824 1721 878 1763 sua
900 1710 997 1765 castra
1019 1706 1119 1764 muni·

158 1799 256 1857 turns,
279 1790 307 1848 si
329 1787 419 1848 modo
442 1805 476 1848 ea
504 1786 570 1848 loca
594 1785 695 1846 bostes
722 1789 842 1865 priores
870 1807 931 1848 non
959 1791 1124 1867 cepissent,

158 1891 234 1953 quae
258 1872 354 1933 multo
377 1879 464 1932 eraut
485 1872 626 1950 propiore
642 1872 724 1948 regis
739 1874 854 1942 castris,
878 1890 1018 1950 aggerem
1041 1891 1125 1934 com·

122 1967 139 2015 2
159 1958 275 2037 portari
298 1954 383 2016 iubet
405 1958 485 2016 intra
508 1957 700 2016 munitiones.
751 1956 816 2027 Quo
845 1957 986 2017 celeriter
1012 1957 1126 2039 collato

158 2042 295 2121 proxima
317 2048 407 2100 nocte
428 2039 531 2116 vigilia
553 2047 659 2118 quarta
682 2040 854 2117 legionibus
875 2040 1017 2102 omnibus
1032 2059 1124 2120 expe·

159 2127 230 2186 ditis
267 2123 551 2203 impedimentisque
588 2127 620 2184 in
657 2127 764 2186 castris
791 2124 907 2186 relictis
935 2128 1032 2203 prima
1054 2126 1125 2187 luce

159 2226 255 2287 neque
292 2206 485 2286 opinantibus
520 2207 658 2268 hostibus
687 2226 755 2268 eum
784 2210 882 2286 ipsum
910 2210 1012 2271 locum
1034 2211 1126 2289 cepit,

160 2296 193 2354 in
215 2309 274 2372 quo
296 2291 484 2353 Mithridates
506 2292 670 2353 secundum
697 2292 848 2370 proelium
876 2293 1017 2354 adversus
1038 2295 1126 2355 'l'ria-

123 2380 241 2438 orium
263 2376 387 2438 lecerat.
432 2376 499 2438 Huc
521 2394 640 2436 omnem
673 2382 890 2454 comportatum
919 2394 1060 2454 aggerem
1089 2396 1125 2439 ex

161 2461 401 2524 castrisservitia
415 2457 582 2539 agere[nt,]
606 2462 701 2530 iussit,
726 2463 851 2538 nequis
872 2460 909 2521 ab
931 2480 1022 2540 opere
1036 2462 1130 2522 miles

161 2545 341 2616 discederet,
364 2563 434 2606 cum
456 2546 551 2623 spatio
575 2560 636 2604 nou
658 2545 785 2623 amplius
807 2563 950 2624 passuum
971 2544 1056 2607 mille
1079 2548 1126 2606 iu·

161 2632 272 2692 tercisa
294 2628 387 2690 valles
409 2637 509 2689 castra
530 2627 663 2688 hostium
678 2628 827 2690 divideret
841 2629 879 2691 ab
895 2648 987 2709 opere
1002 2632 1130 2710 incepto

162 2715 299 2777 Caesaris
322 2719 498 2774 castrorum.
647 2711 649 2716 ’

126 2811 142 2859 1
225 2797 369 2860 LXXllll.
413 2797 598 2867 Pharnaces,
629 2815 697 2857 cum
725 2797 756 2858 id
785 2807 910 2878 repente
937 2801 1035 2878 prima
1057 2800 1127 2861 luce

162 2884 438 2951 animadvertisset,
462 2883 564 2961 copias
587 2899 656 2942 suas
679 2900 783 2943 omnes
805 2901 861 2961 pro
883 2885 991 2945 castris
1013 2886 1132 2946 instru-

162 2971 217 3028 xit.
262 2968 343 3039 Quas
365 2969 544 3045 interposita
567 2973 648 3025 tanta
672 2964 809 3028 locorum
824 2967 983 3046 iniquitate
1000 2986 1131 3029 consue·

163 3053 267 3113 tudine
289 3052 385 3127 magis
408 3049 581 3128 pervulgata
603 3050 727 3110 militari
750 3050 893 3113 credebat
920 3055 1032 3113 instrui
1055 3052 1132 3114 Cae·

164 3153 214 3196 sar
235 3133 283 3194 vel
306 3135 343 3195 ad
365 3150 441 3211 opus
455 3152 542 3194 suurn
564 3133 753 3205 tardandum,
776 3155 835 3215 quo
857 3137 960 3214 plures
983 3138 1016 3198 in
1038 3137 1132 3198 annis

163 3225 357 3287 tenerentur,
391 3217 436 3278 vel
466 3217 503 3278 ad
533 3217 762 3280 ostentationem
789 3223 890 3298 regiae
917 3222 1061 3291 fiduciae,
1091 3239 1133 3282 ne

163 3304 331 3366 munitione
354 3304 450 3380 magis
472 3320 561 3381 quam
582 3320 673 3363 manu
696 3301 857 3365 defendere
880 3305 981 3366 locum
995 3306 1130 3367 Pharna·

127 3403 216 3454 aces
238 3387 400 3448 videretur.
450 3385 554 3464 ltaque
582 3387 745 3449 deterritus
769 3397 912 3460 nonest,
940 3408 999 3467 quo
1028 3393 1134 3452 minus

156 3473 263 3553 prima
294 3472 362 3534 acie
388 3488 447 3552 pro
475 3470 552 3533 vallo
579 3472 726 3533 instructa
748 3473 863 3552 reliqua
887 3491 956 3551 pars
979 3477 1134 3539 exercitus
