2356 3870
301 213 402 271 COMM.
419 215 448 270 V.
464 215 533 273 CAP.
549 216 809 273 xxxxiiii-illl.
976 214 1036 276 101

76 378 220 439 uitionem
242 395 278 437 ex
300 376 437 438 omnibus
456 377 591 458 partibus
611 380 759 441 coniciunt
778 379 1068 460 praeconibusquet

76 461 287 522 circummissis
301 463 487 540 pronuntiari
501 462 618 531 iubent,
641 481 695 523 seu
710 464 777 539 quis
793 463 892 525 Gallus
908 481 961 524 seu
975 463 1034 523 Ro·

76 563 181 607 manus
195 543 266 605 velit
279 551 349 605 ante
368 544 472 606 boram
492 547 611 606 tertiam
625 545 661 606 ad
676 564 709 606 se
723 549 860 617 transire,
876 549 941 609 sine
955 548 1034 625 peri·

76 628 143 690 culo
157 627 263 697 licere;
285 634 354 707 post
372 629 402 689 id
424 636 541 709 tempus
560 648 620 690 non
640 630 705 690 iore
725 638 917 710 potestatem
939 649 973 690 ac
993 631 1066 691 sict

75 719 194 774 nostros
214 719 473 792 contempserunt,
495 721 543 783 ut,
560 712 720 775 obstructis
738 715 914 794 inspeciem
929 716 1032 793 portis,

75 795 199 874 singulis
215 795 368 857 ordinibus
383 799 536 876 cespitum,
553 797 632 874 quod
647 816 755 858 canon
770 817 858 877 posse
872 801 1033 859 introrum-

75 898 149 960 pere
168 879 359 950 videbantur,
376 879 425 940 alii
445 880 551 941 vallum
576 899 667 942 manu
697 881 847 951 scindere,
874 881 922 942 alii
941 882 1035 941 iossas

75 963 227 1042 complere
250 965 425 1042 inciperent.
466 964 543 1025 'lum
562 964 669 1025 Caesar
695 965 831 1026 omnibus
851 967 946 1044 portis
967 970 1067 1024 eru-o

74 1048 178 1126 ptione
198 1048 274 1108 iacta
289 1049 481 1125 equitatuque
497 1049 604 1110 emisso
620 1048 757 1110 celeriter
777 1048 877 1110 hostes
891 1051 922 1110 in
937 1049 1036 1124 lugam

75 1131 136 1200 dat,
152 1132 255 1191 sicuti
269 1133 389 1192 omnino
403 1131 555 1210 pugnandi
570 1151 659 1193 causa
672 1134 827 1193 resisteret
846 1151 950 1199 nemo,
971 1150 1033 1192 ma·

75 1231 228 1293 gnumquc
240 1233 275 1275 ex
288 1216 330 1274 eis
341 1233 499 1276 numerum
510 1217 617 1276 oceidit
629 1224 715 1293 atque
728 1235 830 1277 omnes
844 1219 933 1277 aruris
945 1217 1033 1276 eruit

139 1298 198 1360 LII.
230 1298 360 1376 Longius
379 1301 522 1377 prosequi
540 1302 667 1369 veritus,
690 1300 769 1376 quod
789 1300 879 1360 silvae
899 1298 1066 1379 paludes-l

77 1399 134 1460 que
148 1381 374 1443 intercedebant
383 1399 481 1460 neque
495 1384 582 1442 etiam
589 1384 712 1462 parvulo
724 1384 901 1444 detrimento
916 1383 1035 1443 illorum

76 1466 176 1528 locum
197 1466 327 1543 relinqui
345 1465 476 1535 videbat,
498 1467 635 1527 omnibus
649 1469 711 1529 suis
730 1467 928 1529 incolumibus
944 1469 1036 1545 copiis

76 1550 182 1611 eodem
194 1550 242 1610 die
255 1549 292 1610 ad
302 1550 474 1611 Ciceronem
485 1552 628 1629 pervenit.
655 1551 806 1612 Institutas
820 1558 928 1620 turres,
945 1557 1037 1611 testu·
1052 1560 1069 1606 a

77 1635 161 1695 dines
176 1635 417 1711 munitionesque
428 1633 556 1694 hostium
568 1634 745 1702 admiratum
762 1634 879 1712 legione
892 1633 1037 1712 producta

78 1719 243 1795 cognoscit,
264 1735 326 1779 non
341 1717 488 1778 decimum
505 1734 652 1795 quemque
673 1736 738 1778 esse
751 1717 900 1795 reliquum
914 1716 1037 1776 militem

77 1804 142 1862 sine
156 1801 294 1863 vulnere:
317 1818 353 1861 ex
373 1799 421 1861 his
441 1800 578 1862 omnibus
596 1801 707 1862 iudicat
725 1800 825 1870 rebus,
847 1809 955 1877 quanto
971 1807 1070 1861 cunio

77 1884 212 1965 periculo
225 1892 255 1945 et
265 1891 374 1962 quanta
385 1902 453 1945 enm
463 1886 573 1945 virtute
584 1904 634 1945 res
645 1884 936 1946 sintadministratae.
955 1883 1036 1943 Cice·

77 1986 182 2030 ronem
198 1986 253 2047 pro
268 1970 332 2029 eius
346 1969 454 2029 merito
468 1967 676 2047 legionemque
697 1967 866 2035 conlaudat;
888 1969 1038 2028 centurio·
1053 1975 1070 2023 4

77 2070 131 2113 nes
156 2051 326 2132 singillatim
357 2051 552 2129 tribunosque
583 2052 709 2112 militum
741 2051 882 2131 appellat,
910 2067 1038 2127 quorum

78 2138 229 2214 egregiam
242 2137 334 2197 luisse
345 2137 485 2196 virtutem
499 2137 667 2196 testimonio
683 2135 834 2196 Ciceronis
849 2143 1036 2212 cognoverat.

79 2220 121 2281 lle
136 2237 208 2280 casu
221 2218 322 2281 Sabini
337 2227 367 2279 et
378 2219 480 2280 Cottae
495 2221 605 2280 certius
620 2237 656 2280 er
668 2222 788 2299 captivis
804 2221 963 2296 cognoscit.
981 2220 1037 2279 Po·
1053 2224 1070 2274 o

79 2312 160 2363 stero
171 2303 220 2364 dle
226 2306 364 2364 contione
374 2302 474 2364 habita
484 2320 548 2363 rem
560 2309 673 2381 gestam
682 2304 831 2382 proponit,
843 2302 951 2362 milites
967 2320 1037 2362 con-

78 2384 191 2448 solatur
206 2394 237 2448 et
250 2387 418 2448 confirmat:
441 2386 521 2464 quod
541 2386 751 2448 detrimentum
766 2386 852 2465 culpa
868 2393 898 2446 et
917 2388 1070 2446 temeri-o

77 2478 138 2531 tate
158 2469 249 2548 legati
269 2471 308 2532 sit
327 2478 495 2550 acceptum,
517 2469 574 2531 hoc
595 2472 735 2548 aequiore
762 2472 859 2530 animo
879 2468 1039 2530 ferundum

79 2553 175 2624 docet,
183 2554 272 2632 quod,
285 2553 428 2615 beneflcio
435 2554 559 2615 deornm
565 2553 775 2615 immortalium
785 2562 814 2614 et
820 2556 927 2614 virtute
935 2570 1039 2613 eorum

79 2638 197 2716 expiato
212 2637 408 2708 incommodo,
424 2654 523 2715 neque
534 2637 667 2699 hostibus
683 2638 794 2698 diutina
809 2636 926 2697 laetatio
941 2653 1039 2713 neque

78 2723 153 2800 ipsis
167 2721 284 2800 longior
295 2721 381 2782 dolor
394 2721 589 2798 relinquatur.

142 2804 217 2867 Llll.
240 2805 364 2866 interim
375 2805 412 2866 ad
423 2805 585 2866 labienum
596 2824 650 2884 per
660 2805 769 2866 Remos
779 2803 945 2866 incredibili
960 2803 1036 2863 cele·
1054 2811 1069 2861 1

79 2891 168 2950 ritate
187 2888 224 2948 de
250 2890 372 2950 victoria
393 2890 525 2951 Caesaris
545 2891 621 2950 sama
640 2888 806 2967 perfertur,
833 2896 881 2957 ut,
910 2905 978 2948 cum
1001 2886 1038 2947 ab

79 2972 214 3033 bibernis
225 2972 375 3034 Ciceronis
385 2971 464 3034 milia
473 2991 613 3051 passuum
627 2972 743 3033 abesset
755 2973 931 3046 circiternx,
943 2988 1038 3049 eoque

78 3063 148 3137 post
167 3055 271 3117 boram
288 3073 397 3116 nonam
418 3056 476 3117 diei
491 3056 598 3117 Caesar
613 3058 809 3136 pervenisset,
826 3064 894 3116 ante
911 3054 1038 3116 mediam

78 3146 198 3200 noctem
219 3139 256 3201 ad
281 3147 384 3219 portos
407 3146 570 3201 castrorum
593 3140 703 3201 clamor
722 3148 873 3209 oreretur,
891 3156 958 3216 quo
980 3138 1038 3200 cla·

78 3241 164 3284 more
176 3223 348 3302 significatio
360 3225 500 3285 victoriae
514 3224 729 3303 gratulatioque
743 3223 780 3284 ab
795 3223 895 3286 Remis
909 3221 1038 3284 Labieno

79 3309 173 3368 lieret.
210 3306 272 3368 llac
286 3307 363 3368 lama
383 3307 420 3368 ad
433 3307 579 3369 Treveros
598 3306 726 3386 perlata,
743 3307 973 3375 Indutiomarus,
990 3307 1072 3384 quia

79 3397 201 3470 postero
223 3391 270 3451 die
291 3399 386 3453 castra
406 3391 528 3452 Labieni
546 3409 718 3472 oppugnare
737 3391 922 3460 decreverat,
949 3397 1039 3449 noctu

78 3476 212 3555 profugit
239 3477 399 3554 copiasque
419 3493 522 3536 omnes
546 3477 578 3536 in
598 3475 745 3537 Treveros
769 3476 893 3537 reducit
931 3472 1070 3534 Caesare
