2356 3870
158 209 199 273 96
433 211 579 267 BELLUM
594 210 843 266 utsulruurtsu.

160 365 281 440 cognito
296 362 432 423 Caesaris
447 362 573 420 adventu
595 361 686 437 legati
702 360 777 421 clam
800 359 948 438 praesidia
963 358 1017 419 Gn.
1033 357 1122 420 Pom-

160 450 210 525 pei
232 446 390 507 Caesarem
412 463 480 505 cum
503 444 651 514 adissent,
674 453 777 523 petere
793 451 973 522 coeperunt,
998 445 1043 502 uti
1062 443 1122 505 sibi

123 534 259 609 apruno
291 548 408 608 quoque
444 536 580 606 tempore
613 527 780 591 subsidium
813 530 956 588 mitteret.
1015 528 1123 588 Caesar

160 632 225 674 eam
255 615 407 674 civitatem
434 614 517 673 omni
548 621 683 691 tempore
711 615 824 690 optime
851 611 888 672 de
923 609 1035 690 populo
1062 612 1121 672 Ro·

160 715 248 759 mano
271 700 409 758 meritam
432 715 497 757 esse
517 695 664 757 memorie
691 703 794 756 lenem
820 696 963 757 celeriter
991 712 1043 756 sex
1072 714 1122 756 co·

160 783 258 841 hortis
291 780 420 842 secunda
452 780 555 858 vigilia
586 779 673 841 iubet
705 781 870 858 proticisci,
907 781 971 858 pari
1006 781 1124 857 equites

124 875 299 926 tnumero.
348 864 465 935 Quibus
494 864 640 942 praefecit
673 865 826 926 bominem
855 864 919 924 eius
951 866 1124 941 provinciae

161 957 265 1011 notum
288 958 316 1010 et
338 968 399 1009 nou
426 966 531 1027 parum
559 951 719 1017 scientam,
740 948 774 1008 L.
792 945 914 1007 Vibium
934 947 1123 1008 Paciaecum.

124 1035 221 1104 5οιιί
253 1051 321 1093 cum
355 1033 391 1092 ad
425 1034 476 1094 Cn.
500 1033 623 1110 Pompei
654 1032 804 1111 praesidia
836 1034 981 1100 venisset,
1016 1032 1125 1093 incidit

162 1116 242 1176 idem
269 1120 429 1193 temporis,
464 1125 499 1175 ut
525 1123 702 1194 tempestate
739 1116 861 1177 adversa
895 1116 1124 1195 vehementique

163 1208 249 1260 vento
272 1199 489 1269 adflictaretur;
513 1219 588 1279 quae
604 1203 648 1260 vis
665 1203 851 1278 tempestatis
874 1202 914 1260 ita
930 1199 1124 1268 obscurabat,

125 1292 197 1344 out
224 1287 273 1343 vix
305 1287 474 1363 proximum
502 1301 666 1360 agnoscere
700 1291 832 1362 possent.
883 1284 976 1352 Cuius⁴
1008 1287 1124 1344 incom-

164 1367 283 1428 modum
306 1387 451 1428 summam
479 1369 642 1428 utilitatem
670 1371 744 1446 ipsis
771 1366 944 1446 praebebat.
989 1367 1033 1426 lta
1056 1385 1125 1428 cum

163 1451 199 1511 ad
222 1469 290 1511 eum
313 1458 476 1520 venerunt,
505 1450 588 1511 iubet
617 1451 702 1511 binos
731 1470 824 1530 equos
846 1452 1064 1520 conscendere,
1096 1461 1126 1511 et

162 1544 245 1595 recta
268 1553 322 1612 per
346 1537 583 1597 adversariorum
606 1535 754 1613 praesidia
773 1536 810 1596 ad
833 1535 975 1615 oppidum
998 1543 1124 1596 conten·

125 1628 142 1676 t
165 1619 248 1678 dunt.
291 1619 457 1695 Mediisque
480 1638 583 1679 eorum
605 1620 764 1698 praesidiis
786 1639 854 1679 cunr
876 1626 978 1679 essent
998 1622 1122 1694 recepti,

163 1702 336 1777 quaerenti,
367 1707 420 1778 qai
443 1712 554 1776 essent,
584 1721 661 1763 unos
689 1722 724 1763 ex
752 1706 863 1762 nostris
891 1703 1060 1782 respondit,
1093 1711 1125 1762 ut

164 1787 249 1848 sileat
284 1786 409 1847 verbum
442 1789 557 1848 facere:
598 1805 666 1848 nam
702 1787 733 1846 ld
769 1789 913 1865 temporis
945 1788 1048 1848 conari
1088 1786 1125 1846 ad

164 1889 284 1931 murum
305 1870 464 1939 accedere,
488 1881 521 1931 ut
543 1871 684 1949 oppidum
707 1873 841 1948 capiant;
865 1879 895 1930 et
917 1873 1027 1948 partim
1049 1879 1125 1930 tem·

164 1962 277 2031 pestate
300 1954 427 2032 inpediti
450 1955 556 2031 vigiles
578 1973 638 2014 non
659 1964 798 2032 poterant
826 1953 1011 2030 diligentiam
1035 1972 1124 2032 prae·

127 2047 260 2107 estare,
294 2041 402 2115 partim
436 2038 489 2097 illo
517 2056 659 2116 responso
693 2035 932 2099 deterrebantur.
982 2039 1054 2099 Cum
1089 2038 1126 2098 ad

139 2171 142 2177 .
165 2130 282 2199 portam
304 2120 606 2199 adpropinquassent,
629 2124 715 2198 signo
738 2122 806 2182 dato
829 2122 865 2181 ab
882 2123 1040 2201 oppidanis
1056 2130 1125 2182 sunt

166 2208 297 2281 recepti,
333 2213 363 2265 et
389 2204 506 2282 pedites
535 2203 665 2283 [equites
698 2206 827 2267 clamore
855 2205 950 2286 lacto]
985 2207 1126 2284 dispositi

165 2291 273 2366 partim
296 2288 340 2348 ibi
362 2298 586 2357 remanserunt,
611 2293 726 2368 equites
742 2291 872 2351 clamore
895 2292 974 2351 lacto
991 2293 1124 2368 eruptio·

128 2380 235 2432 suem
269 2374 301 2432 in
329 2372 567 2433 adversariorum
597 2382 692 2435 castra
724 2376 872 2434 lecerunt.
924 2374 975 2434 Sic
1007 2376 1040 2435 in
1072 2375 1126 2434 illo

166 2459 254 2523 lacto,
278 2474 346 2518 cum
367 2457 565 2517 inscientibus
581 2458 749 2527 accidisset,
773 2458 984 2519 existimabant
1000 2457 1124 2538 [prope]

165 2557 271 2615 magna
300 2558 369 2617 pars
392 2541 561 2610 bominum,
590 2543 642 2621 qui
667 2543 700 2601 in
721 2542 768 2602 his
791 2545 898 2603 castris
920 2545 1063 2611 luissent,
1093 2562 1125 2603 se

165 2640 258 2702 prope
282 2632 385 2701 captos
407 2642 482 2683 esse.

131 2716 145 2764 t
229 2705 294 2766 llll.
339 2707 403 2767 lloc
431 2709 523 2768 misso
559 2709 595 2769 ad
624 2709 720 2770 Uliam
751 2711 902 2788 praesidio
934 2711 1057 2779 Caesar,
1093 2718 1126 2769 ut

165 2792 340 2869 Pompeium
369 2789 406 2850 ab
435 2811 469 2852 ea
497 2796 716 2871 oppugnatione
739 2794 916 2862 deduceret,
947 2794 983 2854 ad
1012 2794 1125 2855 Cordu-

166 2873 235 2935 bam
258 2875 412 2936 contendit
433 2895 526 2955 exque
550 2879 658 2936 itinere
680 2877 821 2938 loricatos
843 2880 923 2938 viros
945 2881 1040 2939 lortes
1058 2896 1125 2938 cum

166 2960 301 3037 equitatu
315 2970 384 3020 ante
398 2963 569 3036 praemisit;
593 2963 644 3038 qui
659 2961 748 3020 simul
769 2965 800 3020 in
816 2973 1007 3040 conspectum
1023 2962 1126 3041 oppidi

129 3051 199 3102 ise
223 3042 383 3111 dederunt,
413 3041 511 3122 [cnm]
542 3045 626 3122 equis
648 3046 845 3124 recipiuntur.
888 3038 951 3107 lloc
973 3065 989 3106 a
1013 3046 1125 3107 Cordu-

166 3123 311 3186 bensibus
334 3145 519 3206 nequaquam
547 3136 662 3206 poterat
689 3131 820 3190 animum
844 3129 967 3190 adverti.
1012 3134 1126 3214 Appro·

166 3211 381 3288 pinquantibus
404 3230 440 3271 ex
463 3212 572 3290 oppido
596 3211 672 3273 bene
687 3230 793 3290 magna
807 3215 966 3275 multitudo
981 3216 1018 3275 ad
1041 3218 1126 3296 equi·

165 3301 260 3354 tatum
289 3294 506 3357 concidendum
535 3316 602 3358 cum
630 3298 775 3366 exissent,
805 3299 938 3368 loricati,
971 3309 1004 3360 ut
1037 3318 1127 3377 supra

167 3381 353 3457 scripsimus,
377 3399 413 3441 ex
428 3384 512 3461 equis
527 3382 747 3443 descenderunt
766 3392 795 3443 et
817 3402 957 3462 magnum
977 3385 1127 3461 proelium

164 3463 319 3537 feceruut,
343 3467 447 3528 sicuti
463 3483 500 3526 ex
521 3467 639 3528 infinita
660 3467 815 3529 hominum
830 3467 1022 3528 multitudine
1038 3471 1128 3547 pauci
