2356 3870
129 226 171 292 52
449 233 497 286 DE
518 231 632 287 BELLO
655 231 764 288 CIVILI

129 416 179 459 cas
194 397 327 459 civitates
342 397 558 466 arbitrabatur,
582 397 630 458 bis
649 399 783 475 graviora
798 416 889 459 onera
908 399 1084 478 iniungebat

128 483 336 560 praesidiaque
357 501 391 542 eo
411 481 576 542 deducebat
596 489 626 542 11
646 483 756 542 iudicia
777 484 808 541 in
829 485 960 561 privatos
978 485 1085 546 redde-

129 567 195 637 bat;
225 568 276 645 qui
296 565 386 626 rerba
407 573 494 646 atque
520 569 684 627 orationem
704 565 844 626 adversus
868 566 1085 646 rempublicam

129 649 316 720 habuissent,
338 669 440 711 eorum
455 649 531 710 bona
547 652 579 710 in
593 649 745 728 publicum
760 649 924 711 addicebat.
960 651 1084 713 Proriu·

129 735 206 794 ciam
234 753 349 795 omnem
375 737 407 795 in
429 752 481 795 sua
502 742 532 794 11
553 734 675 812 Pompei
695 731 784 792 verba
804 735 1011 795 iusiurandum
1032 737 1082 798 ad-

103 818 238 890 6111111.
273 819 405 896 Cognitis
424 820 462 878 iis
476 817 580 886 rebus,
602 835 676 896 quae
692 823 760 876 sunt
774 824 874 893 gestae
893 819 926 877 in
941 821 1083 881 citeriore

129 902 287 981 llispania,
309 903 419 963 bellum
439 902 573 981 parabat.
602 902 687 960 Ratio
709 908 807 960 autem
827 900 900 961 baec
920 911 983 963 erat
1000 903 1082 974 belli,

127 993 160 1045 ut
181 1005 212 1045 se
233 1004 298 1046 cum
314 999 341 1045 11
361 985 529 1063 legionibus
543 985 631 1046 Gadis
651 984 815 1053 conterret,
842 1003 930 1045 naves
948 989 1083 1048 frumen·

127 1076 249 1148 tumque
271 1088 357 1130 omne
382 1069 427 1129 ibi
450 1072 630 1130 contineret:
661 1069 844 1147 provinciam
864 1072 944 1130 enim
964 1089 1084 1133 omnem

128 1151 262 1213 Caesaris
277 1153 368 1214 rebus
382 1154 481 1213 lavere
493 1160 680 1228 cognoverat.
704 1151 737 1211 ln
753 1152 850 1212 insula
865 1153 1014 1214 frumento
1029 1174 1082 1216 na·

127 1236 271 1314 ribusque
293 1239 471 1315 comparatis
491 1235 599 1296 bellum
620 1236 687 1296 duci
709 1253 767 1295 non
789 1235 909 1296 difficile
930 1239 1081 1300 existima·

101 1320 189 1381 that.
225 1319 345 1389 Caesar,
368 1323 425 1380 etsi
440 1320 543 1381 multis
558 1321 792 1397 necessariisque
812 1319 903 1380 rebus
921 1323 953 1381 in
967 1322 1096 1384 ltaliam-

127 1402 336 1473 revocabatur,
362 1411 462 1464 tamen
482 1406 676 1464 constituerat
695 1403 804 1462 nullam
824 1413 939 1482 partem
959 1404 1030 1467 belli
1049 1411 1082 1468 in

127 1487 278 1565 Hispaniis
292 1488 476 1566 relinquere,
498 1488 576 1567 quod
590 1505 697 1564 magna
717 1505 782 1546 esse
797 1486 919 1567 Pompei
935 1488 1082 1568 beneficia

126 1579 156 1632 11
170 1589 292 1648 magnas
306 1572 459 1633 clientelas
474 1574 505 1632 iu
520 1573 659 1633 citeriore
674 1573 826 1649 provincia
842 1572 965 1634 sciebat.

100 1664 115 1713 1
189 1655 305 1716 XVllll.
327 1656 429 1735 ltaque
441 1656 556 1716 duabus
570 1654 735 1733 legionibus
746 1657 847 1715 missis
860 1659 892 1716 in
907 1657 1081 1720 ulteriorem

125 1739 296 1817 Hispaniam
318 1758 384 1800 cum
404 1738 438 1809 Q.
455 1739 569 1808 Cassio,
591 1739 713 1800 tribuno
734 1738 846 1817 plebiS,
868 1742 934 1820 ipse
949 1759 1019 1802 carm
1033 1755 1080 1804 Dc

126 1823 279 1900 equitibus
290 1827 405 1901 magnis
417 1823 576 1884 itineribus
587 1823 778 1901 progreditur
793 1823 981 1903 edictumque
992 1844 1080 1905 prae·

124 1909 231 1976 mittit,
255 1908 393 1985 adquam
414 1908 492 1967 diem
506 1909 695 1983 magistratus
716 1909 925 1986 principesque
946 1912 1080 1971 omnium

97 1993 276 2051 acivitatum
299 1990 358 2050 sibi
379 2009 444 2050 esse
465 1998 582 2069 praesto
597 1988 750 2049 Cordubae
766 1990 862 2050 vellet.
898 1989 961 2060 Quo
982 1993 1079 2053 edicto

126 2081 187 2134 tota
208 2075 357 2152 provincia
378 2074 549 2151 pervulgato
570 2073 648 2132 nulla
668 2074 726 2133 luit
745 2075 867 2142 civitas,
898 2078 971 2153 quin
991 2077 1028 2136 ad
1047 2078 1079 2138 id

123 2166 240 2235 tempus
255 2164 368 2235 partem
385 2165 502 2218 senatus
514 2155 680 2218 Cordubam
696 2157 841 2225 mitteret,
858 2176 916 2218 nou
932 2160 1077 2220 11111110-

97 2250 112 2298 3
125 2259 228 2302 manus
241 2241 328 2319 paulo
339 2243 451 2309 notior,
467 2243 539 2319 quin
554 2240 590 2300 ad
605 2240 684 2300 diem
699 2244 881 2300 conveniret.
904 2241 998 2302 Simul
1012 2245 1077 2322 ipse

126 2324 279 2400 Cordubae
299 2331 460 2385 conventus
475 2342 574 2402 perse
590 2330 689 2401 portas
704 2323 830 2384 Varroni
845 2324 962 2394 clausit,
978 2337 1077 2389 custo·

127 2409 191 2469 (lias
205 2409 379 2486 vigiliasque
400 2411 431 2468 iu
446 2407 579 2467 turribus
593 2424 737 2484 muroque
753 2407 917 2485 disposuit,
940 2409 1078 2473 cobortes

122 2493 209 2560 duas,
231 2511 306 2572 quae
327 2492 477 2551 colonicae
497 2489 732 2568 appellabantur,
755 2508 822 2550 cum
843 2510 878 2551 eo
893 2510 963 2553 casu
977 2498 1076 2556 venis·

95 2584 204 2644 411111,
220 2575 324 2636 tuendi
340 2574 441 2654 oppidi
456 2591 542 2634 causa
559 2574 635 2652 apud
650 2591 682 2632 11
697 2576 831 2636 11111011.
857 2575 954 2636 ladem
970 2577 1078 2640 diebus

121 2660 352 2726 Carmonenses,
378 2675 453 2736 quae
475 2664 520 2717 est
539 2657 625 2734 longe
652 2658 820 2718 firmissima
845 2662 937 2720 totius
956 2665 1076 2738 provin-

122 2745 184 2803 ciae
207 2744 326 2809 civitas,
349 2741 483 2801 deductis
504 2739 601 2800 tribus
622 2743 654 2800 in
673 2759 770 2801 arcem
787 2743 888 2822 oppidi
903 2745 1078 2806 cohortibus

120 2845 136 2886 a
158 2828 290 2885 Varrone
316 2826 480 2904 praesidio,
506 2842 618 2903 perse
643 2824 781 2886 cohortes
806 2829 895 2887 eiecit
916 2836 1078 2908 portasque

119 2909 288 2987 praeclusit.

97 3000 111 3049 1
187 2993 251 3052 XX.
281 2993 343 3052 Hoc
357 3011 428 3052 1110
443 2994 536 3068 magis
551 3011 711 3071 properare
726 2993 835 3063 Varro,
856 3002 890 3054 01
904 3013 971 3055 cum
983 2995 1076 3073 legio-

120 3075 210 3135 nibus
230 3094 318 3153 quam
338 3078 467 3152 primum
488 3075 577 3136 Gadis
595 3076 801 3147 contenderet,
834 3097 872 3138 ne
893 3080 1000 3140 itinere
1026 3090 1077 3141 aut

119 3162 246 3219 traiectu
268 3159 531 3218 intercluderetur:
552 3166 632 3220 tanta
647 3179 681 3220 ac
700 3169 760 3221 tam
775 3162 904 3222 secunda
924 3166 955 3223 in
970 3164 1075 3226 Caesa·
1096 3177 1099 3183 '

93 3250 184 3301 trem
200 3242 332 3302 voluntas
348 3244 516 3319 provinciae
531 3243 746 3322 reperiebatur.
766 3245 927 3323 Progresso
943 3249 971 3307 ci
985 3248 1074 3326 paulo

120 3326 235 3402 longius
256 3325 373 3386 litterae
393 3324 554 3386 aGadibus
568 3326 750 3396 redduntur,
771 3330 947 3408 simulatque
968 3334 1008 3393 sit
1023 3350 1074 3393 co·
1117 3402 1120 3407 ,

121 3410 235 3485 gnitum
250 3410 286 3469 de
302 3410 399 3469 edicto
415 3408 563 3479 Caesaris,
585 3412 771 3470 consensisse
788 3412 946 3474 Gaditanos
960 3417 1074 3494 priuci-

105 3510 169 3568 pes
183 3509 251 3554 cum
264 3491 398 3555 tribunis
413 3493 594 3563 cohortium,
610 3511 684 3574 quae
701 3504 800 3556 essent
811 3496 855 3556 ibi
869 3499 900 3556 in
912 3499 1072 3576 praesidio,
