2356 3870
146 190 212 256 248
373 189 490 246 INDEX
507 188 683 245 NOMINUM
701 187 750 245 ΕΤ
767 187 906 244 RERUM.

165 338 256 412 1o,1;
282 330 383 385 Caesar
401 331 428 384 11
446 330 570 413 legiones
594 329 624 385 in
669 345 741 398 quae
758 328 871 410 Caesari
888 328 925 384 ud
942 329 1058 411 bellum
1076 327 1136 411 urit·
1161 266 1168 423 i

166 419 205 457 ers
224 401 351 467 collocat,
369 400 416 466 VI,
431 406 512 469 44,3,
530 417 560 456 ur
578 416 624 455 666
668 401 775 467 buntur,
789 399 827 453 rb.
838 405 868 465 7;
886 401 1017 455 oratioue
1031 399 1135 455 Aeduis
1166 426 1168 431 ·

164 471 321 536 contendit,
340 470 403 539 VII,
423 477 452 536 9,
467 478 496 536 4;
524 486 624 525 acon·
668 470 831 543 persuadet,
858 471 891 524 ut
912 486 979 524 cum
1000 469 1133 525 Arverm

165 542 229 596 cilio
239 541 383 596 Gallorum
392 540 515 595 Bibracti
526 541 625 596 habito
669 556 699 594 66
717 539 896 609 coniungant,
914 545 964 608 88,
981 546 1005 595 1.
1015 546 1044 595 4.
1054 541 1133 609 (-)8

164 613 280 679 absunt,
299 617 342 679 63,
357 617 388 678 7;
415 627 465 680 per
488 614 624 666 extremos
670 611 774 678 (-10);
794 610 852 665 eius
865 610 989 679 proditio
1008 610 1049 665 ab
1062 609 1130 679 Epo

165 699 260 738 eorum
291 681 360 735 fines
387 679 488 736 Caesar
514 681 569 736 iter
593 681 624 735 in
669 680 797 751 redorige
828 678 941 734 0666661
977 680 1130 749 nuntiatur,

165 753 308 820 Sequanos
325 750 403 819 facit,
418 759 461 818 66,
472 758 501 816 23
518 751 548 805 in
561 751 624 806 Bel·
669 756 718 819 89,
729 756 759 817 8;
777 753 928 821 postquam
950 751 1058 807 fratres
1077 751 1129 806 eius

164 823 269 877 lovaois
279 839 373 878 eorum
381 821 520 890 equitibus
527 821 624 889 utitur,
669 820 707 875 ad
717 821 813 876 hostes
825 821 967 891 fugerunt,
977 828 1023 889 40,
1032 827 1060 890 8,
1074 823 1129 890 ipse

163 892 238 961 vm,
254 898 296 961 11,
307 898 331 946 2.
669 907 732 945 oum
740 891 796 945 suis
806 890 957 946 clientibus
962 889 1129 962 Gergoviam

148 964 266 1018 Liscus
290 979 413 1018 summus
443 962 625 1032 magistratus
668 960 802 1030 profugit,
814 961 852 1015 ib.
865 967 890 1016 6.
906 967 934 1025 7;
952 961 1047 1016 Aedui
1063 980 1128 1016 nuu-

164 1031 624 1102 Aeduorum,quemvergobretum
668 1031 717 1085 tiis
740 1032 776 1085 ab
799 1046 832 1086 66
855 1031 979 1100 acceptis
1002 1032 1034 1086 in
1059 1032 1128 1087 cives

330 1102 625 1227 666666
668 1101 1129 1241 erasistratus

163 1246 268 1314 purgat
277 1242 311 1297 de
319 1241 459 1296 frumento
468 1242 624 1309 normisso,
669 1242 746 1295 omni
759 1241 887 1310 equitatu
900 1241 937 1296 ad
949 1215 1067 1298 Aeduis
1079 1243 1128 1299 sol·

166 1320 212 1381 17,
238 1314 345 1381 1(-6),
370 1313 624 1382 Dumnorigemque
667 1311 818 1367 licitaudos
841 1312 983 1381 profectus
1006 1312 1128 1369 Bibracti

165 1386 285 1450 accusat,
306 1387 347 1450 18,
363 1389 387 1436 1.
399 1386 447 1451 (2.)
668 1381 813 1451 recipitur,
836 1389 922 1452 64,1.
947 1389 996 1453 66,
1010 1390 1043 1449 43
1069 1386 1131 1467 post

148 1454 262 1510 bissus
274 1452 409 1522 oppidum
417 1452 531 1522 Illyrici,
540 1452 624 1508 hodie
670 1451 854 1507 defectionem
885 1452 944 1508 eius
976 1453 1130 1509 Cauarillus

164 1521 508 1592 AlessiosiveLjesch.
527 1523 624 1579 Altero
668 1522 844 1591 pedestribus
864 1522 951 1592 copiis
970 1525 1129 1599 Aeduorum

163 1594 231 1650 belli
246 1593 336 1648 civilis
346 1609 419 1647 anno
429 1609 515 1648 naves
525 1591 624 1648 06666·
669 1593 837 1662 praeficitur,
856 1599 899 1661 61,
912 1600 937 1648 7.

163 1662 623 1720 risM.AntonioetFufioCaleno
652 1663 703 1732 (h.)
726 1663 902 1718 Livineius
929 1664 1086 1734 Regirlus
1113 1682 1130 1720 a

164 1734 281 1789 ducibus
298 1734 329 1788 in
346 1733 544 1803 Nymphaeum
560 1749 623 1803 por·
669 1733 786 1788 0666666
814 1750 877 1788 cum
904 1734 1017 1804 legione
1043 1736 1128 1791 Adra

163 1808 232 1872 tum,
252 1804 301 1873 qui
314 1805 357 1858 est
369 1803 444 1857 ultra
453 1804 560 1859 L-um
572 1804 623 1858 mi·
668 1804 738 1858 meti
758 1803 932 1873 relinquitur,
950 1805 1012 1860 Afr.
1027 1812 1074 1874 88,
1082 1813 1107 1861 8.

163 1875 203 1929 lia
221 1891 354 1944 passuum
366 1874 414 1942 III,
433 1890 461 1928 66
475 1874 623 1944 recipiunt,
650 1873 1129 1956 Longinus‚v.0assius(a-d)

25 1998 41 2009 „
164 1944 333 2012 c.111‚re,4,
347 1944 373 1998 II
386 1960 452 1998 vero
464 1960 548 1999 naves
559 1959 623 1998 con·
649 1942 792 2011 Lucam,
810 1944 918 1998 incolae
936 1945 1064 2015 regionis
1078 1948 1128 2002 lta

119 2016 132 2035 '·
150 2017 208 2077 tra
225 2015 332 2068 L-um
350 2015 379 2068 iu
402 2014 512 2068 ancoris
534 2015 623 2069 consi·
667 2014 722 2068 liae
744 2013 891 2068 inferioris.
919 2014 964 2068 Ibi
985 2015 1058 2072 Cato
1083 2034 1130 2089 666

50 2084 53 2089 ’
82 2086 87 2091 ’
164 2087 254 2152 stunt,
273 2091 320 2151 28,
336 2091 367 2150 1,
399 2100 469 2152 quas
489 2083 623 2139 Otacilius
666 2085 777 2154 legatos
796 2101 859 2138 suos
882 2085 1008 2140 16166166
1027 2086 1129 2143 civium

164 2155 287 2221 Crassus,
301 2153 350 2223 qui
363 2154 478 2222 Pompei
491 2154 569 2208 iussu
582 2154 623 2209 ibi
667 2154 855 2215 Rornanorum
868 2154 964 2224 habet,
980 2155 1045 2223 0.1,
1055 2165 1128 2227 aaa

162 2226 306 2293 praeerat,
343 2239 501 2292 expugnare
532 2226 622 2294 parat,
651 2223 1129 2290 0.]1666616666616616116666-

162 2296 200 2349 ib.
215 2301 245 2360 23
272 2294 347 2348 cives
364 2293 495 2362 Romani,
521 2294 623 2363 quibus
667 2313 731 2362 uus,
760 2295 826 2348 dum
853 2294 911 2348 filio
939 2296 1129 2354 circumvento

163 2364 296 2420 decennio
310 2366 376 2419 aute
386 2362 488 2418 Caesar
500 2364 530 2418 id
544 2365 623 2435 oppi·
667 2365 809 2433 subvenit,
840 2365 1018 2437 interficitur,
1043 2368 1078 2423 G.
1096 2369 1128 2438 V,

163 2436 230 2490 dum
239 2434 414 2502 attribuerat,
424 2435 461 2488 M.
473 2436 622 2490 Antonium
666 2441 709 2503 35,
721 2441 745 2490 7.

161 2506 309 2575 recipiunt,
319 2512 399 2572 29‚1;
413 2504 459 2559 hic
469 2505 546 2559 XXX
554 2520 622 2575 pon·
648 2504 680 2559 L.
703 2505 915 2576 Lucceius,
947 2507 1129 2564 historiarum

161 2579 242 2631 tones
260 2576 300 2630 ibi
316 2575 458 2644 relinquit,
472 2575 510 2630 ib.
518 2582 543 2644 3,
563 2575 623 2645 qui·
666 2576 793 2646 scriptor,
811 2575 926 2646 Pompei
943 2579 973 2631 et
987 2577 1129 2635 Ciceronis

161 2647 214 2700 bus
227 2645 356 2700 16666116
370 2646 470 2700 deletis
483 2644 532 2700 06.
541 2646 622 2699 Pom·
666 2646 785 2714 amicus,
814 2662 832 2700 a
857 2648 889 2701 1..
902 2647 1030 2703 Vibullio
1057 2649 1128 2704 Rufo

161 2717 241 2786 66166
254 2715 327 2770 filius
341 2716 447 2769 L-um
464 2731 621 2786 expugnare
667 2732 730 2770 cum
763 2716 896 2786 Pompeio
932 2718 967 2771 de
1000 2718 1157 2783 Caesaris,

162 2789 277 2841 conatus
290 2786 383 2840 induo
397 2787 504 2855 postre
517 2786 623 2841 infecta
667 2785 807 2840 mandatis
839 2788 943 2856 agente
974 2789 1012 2842 ad
1045 2791 1126 2844 collo

161 2857 295 2925 discedit,
313 2863 356 2925 40,
371 2862 399 2922 ὃς
433 2856 534 2911 Caesar
557 2856 623 2912 inde
667 2857 762 2925 quium
777 2856 934 2925 adhibetur,
950 2856 980 2912 0.
990 2858 1039 2926 ΙΙΙ,
1052 2865 1095 2929 18,
1104 2867 1127 2915 3.

160 2928 330 2982 frumentum
345 2926 470 2995 conquiri
482 2927 568 2994 iubet,
579 2932 621 2996 42,
648 2926 793 2981 Luceria
828 2927 963 2997 oppidum
998 2929 1128 2998 Apuliae,

161 3004 191 3065 4,
216 2999 281 3066 post
302 2996 438 3065 proelium
456 2996 622 3066 Dyrrhachi·
666 3014 739 3051 6666
762 2997 898 3052 Lucere.
930 2998 1000 3053 Post
1024 2999 1129 3056 Corfini

160 3066 407 3121 numIcohortem
426 3066 467 3121 ibi
481 3066 621 3136 praesidio
666 3066 836 3122 deditionem
871 3068 1022 3138 Pompeius
1064 3072 1129 3127 1616

161 3137 302 3206 relinquit,
322 3143 364 3203 78,
374 3143 399 3190 4.
666 3136 816 3192 (tenemium
834 3138 1033 3208 proficiscitur,
1058 3140 1089 3196 0.
1107 3143 1128 3211 I,

145 3204 621 3276 Litaviccus(al.-vicus)Ae-
665 3213 744 3274 24,1.

160 3277 232 3331 duus
250 3277 424 3346 amplissima
446 3277 554 3331 familia
571 3293 620 3331 ua·
648 3276 699 3346 (0.)
713 3277 867 3333 Lucilius
882 3279 922 3343 (0.
938 3279 1128 3351 11661616)

160 3350 205 3401 tus
228 3346 370 3417 conspirat
395 3347 620 3403 6660666616-
664 3348 1129 3435 Hirrus,(ul.falsoLucceius),

159 3417 254 3486 litavi,
274 3416 306 3471 G.
325 3417 385 3484 VII,
403 3424 485 3486 37,1;
504 3417 529 3471 X
547 3418 620 3472 mili·
664 3417 864 3488 Pompeianus,
889 3419 1128 3493 0666166166-

158 3489 209 3544 bus
246 3487 408 3545 Aeduorum
451 3488 622 3561 praeficitur,
664 3505 715 3545 666
731 3505 796 3544 cum
813 3489 853 3546 VI
870 3491 1033 3548 cohortibus
1050 3509 1070 3548 a
1084 3494 1129 3549 Vi·

1164 668 1168 683 Ὶ
