2356 3870
305 231 307 235 ’
354 220 452 276 notul.
469 219 531 276 Vlll.
548 221 617 276 CAP.
634 220 804 277 Xlll-XVll.
996 224 1056 285 177

93 385 153 443 bus
168 400 222 461 pro
238 381 312 442 vallo
327 382 459 460 legiones
474 385 634 444 instructas
649 384 791 453 conlocat,
808 387 922 461 equites
936 384 1058 444 frenatis

94 467 182 542 equis
196 467 227 525 in
243 468 371 525 statione
384 467 521 546 disponit.
551 466 706 535 Bellovaci,
723 486 789 526 cum
801 468 949 528 Romanos
964 469 999 526 ad
1013 470 1056 526 in·
1073 476 1089 524 «t

92 549 281 626 sequendum
295 559 412 628 paratos
427 551 561 611 riderent
581 567 677 626 neque
692 562 868 630 pernoctare
883 561 934 611 aut
948 552 1058 611 diutius

92 651 272 712 permanere
283 633 599 713 sinepericuloeodem
613 633 678 693 loco
690 643 821 712 possent,
833 635 891 695 tale
903 634 1058 700 consilium

93 718 143 777 sui
157 717 319 795 recipiendi
334 726 484 795 ceperunt.
511 719 627 785 Fasces,
643 724 676 776 ut
691 728 904 779 consueverant
916 717 1089 798 [namqueb

93 802 127 859 in
139 801 201 859 acie
217 799 321 860 sedere
336 800 433 860 Gallos
449 819 608 861 consuesse
619 801 824 879 superioribus
839 802 1058 862 commentariis

94 883 229 943 Caesaris
244 883 423 944 declaratum
439 883 509 963 est],
525 903 580 963 per
592 902 695 944 manus
707 892 934 944 stramentorum
951 902 985 944 ac
999 887 1056 944 u‘r·

93 965 265 1043 gultorum,
282 984 408 1043 quorum
429 986 543 1028 summa
565 977 628 1028 erat
641 970 672 1028 in
688 971 791 1028 castris
807 971 905 1046 copia,
926 970 1004 1027 inter
1025 985 1058 1027 se

93 1048 221 1109 traditos
235 1058 303 1110 ante
323 1053 416 1111 aciem
437 1051 628 1111 conlocarunt
644 1060 835 1128 extremoque
850 1061 984 1130 tempore
1000 1051 1058 1110 diei

94 1135 181 1209 signo
193 1136 383 1210 pronuntiato
396 1153 455 1195 uno
471 1141 605 1213 tempore
619 1135 824 1195 incenderunt.
847 1136 889 1195 lta
905 1135 1059 1194 continens
1072 1139 1090 1192 0

94 1216 214 1277 flamma
229 1220 327 1295 copias
343 1237 445 1278 omnes
467 1225 590 1296 repente
606 1236 621 1277 a
642 1227 801 1297 conspectu
823 1220 895 1277 texit
909 1217 1056 1277 Romano·

94 1317 174 1360 rum.
206 1299 289 1370 Quod
306 1300 356 1361 ubi
371 1303 484 1371 accidit,
500 1300 618 1361 barbari
633 1300 888 1362 vehementissimo
905 1318 994 1361 cursu
1010 1317 1057 1359 re·

95 1384 248 1460 fugerunt.

160 1466 234 1528 xv1.
272 1468 392 1538 Caesar,
415 1471 470 1528 etsi
491 1468 654 1530 discessum
675 1467 802 1529 hostium
825 1467 1087 1529 animadverteret

95 1567 157 1610 non
172 1559 289 1628 poterat
310 1552 453 1611 incendiis
473 1554 629 1631 oppositis,
651 1559 749 1612 tamen
768 1551 798 1612 id
820 1551 975 1612 consilium
991 1569 1058 1612 cum

95 1634 185 1710 lugae
200 1652 287 1695 causa
302 1638 406 1695 initum
422 1639 638 1714 suspicaretur,
658 1635 791 1712 legiones
809 1641 978 1712 promovet,
994 1643 1057 1695 tur·

96 1735 161 1778 mas
176 1720 266 1778 mittit
279 1720 315 1778 ad
330 1718 561 1794 insequendum
578 1721 642 1797 ipse
657 1720 768 1778 veritus
785 1717 912 1786 insidias,
928 1735 966 1776 ne
981 1718 1058 1778 lorte

96 1803 128 1860 in
144 1800 249 1861 eodem
270 1801 335 1862 loeo
357 1802 519 1862 subsistere
542 1801 634 1862 hostis
655 1811 742 1877 atque
764 1801 871 1861 elicere
891 1808 1009 1860 nostros
1027 1801 1058 1861 in

97 1883 196 1944 locum
212 1895 369 1946 conaretur
383 1888 528 1961 iniquum,
545 1885 657 1946 tardius
672 1884 814 1963 procedit.
856 1885 977 1960 Equites
993 1892 1091 1943 cume

96 1969 210 2043 inuare
224 1985 371 2029 summum
383 1971 485 2046 iugum
498 1977 526 2029 et
543 1969 689 2029 flammam
701 1968 902 2028 densissimam
920 1969 1060 2027 timerent

96 2069 148 2119 ac,
165 2052 190 2109 si
211 2054 260 2127 qui
282 2053 416 2130 cupidius
437 2056 631 2121 intraverant,
654 2054 701 2111 vix
723 2070 845 2112 snorum
865 2053 923 2129 ipsi
943 2053 1058 2128 priores

97 2141 198 2212 partes
219 2137 486 2196 animadverterent
505 2154 664 2212 equorum,
690 2136 810 2195 insidias
830 2136 916 2195 veriti
936 2132 1060 2194 liberam

97 2215 267 2279 facultatem
282 2219 506 2299 sui-recipiendi
520 2219 681 2280 bellovacis
697 2218 851 2279 dederunt.
882 2219 924 2278 lta
940 2219 1007 2294 luga
1023 2220 1090 2276 tie

97 2303 191 2361 moris
206 2302 292 2362 simul
304 2303 527 2380 calliditatisque
539 2303 625 2382 plena
642 2305 705 2362 sine
716 2302 776 2361 ullo
789 2302 965 2362 detrimento
980 2301 1060 2361 milia

97 2402 159 2445 non
174 2385 300 2464 amplius
321 2387 423 2447 decem
438 2390 590 2465 progressi
604 2386 705 2446 hostes
721 2385 785 2444 loco
801 2387 996 2445 munitissimo
1012 2401 1059 2444 oa·

97 2473 160 2528 stra
174 2479 346 2546 posuerunt.
383 2470 453 2529 lnde
474 2488 542 2530 eum
563 2489 651 2548 saepe
666 2472 696 2529 in
716 2469 829 2528 insidiis
850 2469 963 2544 equites
978 2465 1091 2545 pedi-4

97 2561 204 2627 tesque
220 2551 424 2631 disponerent,
446 2570 551 2630 magna
571 2554 746 2614 detrimenta
762 2553 900 2612 Romanis
920 2552 950 2610 in
965 2550 1057 2628 pabu-

96 2633 256 2695 lationibus
269 2636 445 2697 inserebant.

162 2718 248 2779 XVll.
281 2720 365 2789 Quod
387 2739 454 2780 cum
477 2719 611 2781 crebrius
632 2719 787 2784 accideret,
805 2736 841 2778 ex
857 2718 970 2796 captivo
987 2724 1091 2793 quo-1

64 2806 67 2811 '
98 2802 166 2862 dam
182 2805 316 2881 conperit
331 2804 445 2872 Caesar,
463 2804 615 2871 Correum,
632 2802 852 2862 Bellovacorum
867 2801 983 2869 ducem,
998 2801 1058 2859 lor·

98 2887 280 2946 tissimorum
295 2887 571 2965 miliasexpeditum
587 2887 731 2963 delegisse
744 2887 918 2962 equitesque
933 2885 1060 2943 exomni

98 2987 225 3031 numero
240 2969 330 3038 mille,
348 2988 422 3046 quos
436 2973 466 3029 in
481 2970 595 3030 insidiis
610 2988 646 3028 eo
660 2969 725 3029 loco
738 2967 913 3035 conlocaret,
930 2963 1061 3043 quem'in

98 3054 327 3132 loeumpropter
334 3056 448 3132 copiam
459 3055 600 3113 frumenti
608 3072 641 3111 ac
656 3052 910 3132 pabuliRomanos
917 3052 1060 3110 missuros

99 3138 311 3216 suspicaretur.
344 3137 408 3207 Quo
424 3138 542 3214 cognito
559 3137 681 3197 consilio
697 3137 828 3214 legiones
843 3135 953 3213 plures,
972 3151 1059 3211 quam
1075 3143 1091 3190 2

98 3220 222 3291 solebat,
240 3221 338 3281 educit
353 3223 589 3298 equitatumque,
607 3237 664 3297 qua
680 3220 893 3281 consuetudine
907 3218 1060 3297 pabulato-

100 3305 184 3368 ribus
199 3308 318 3366 mittere
333 3306 480 3383 praesidio
496 3311 662 3374 consuerat,
678 3305 856 3384 praemittit:
879 3301 949 3362 huic
968 3304 1060 3362 inter·

100 3391 185 3450 nouit
205 3389 311 3450 auxilia
332 3389 403 3449 levis
420 3396 600 3457 armaturae:
623 3391 686 3467 ipse
702 3407 769 3449 cum
784 3385 958 3464 legionibus,
976 3389 1094 3461 quaml

101 3482 199 3553 potest
213 3475 349 3542 maxime,
368 3474 591 3553 adpropinquat.

136 3587 159 3618 ι’,
171 3585 230 3619 wa
244 3586 352 3620 CAESAR»
875 3561 922 3624 Ὠ
