2356 3870
156 232 199 298 92
477 236 795 293 ornumornum
860 198 863 203 ’
909 270 913 291 .

156 406 215 465 tice
236 422 273 464 ex
300 402 460 464 arboribus
480 404 623 472 victuros,
645 421 734 483 quam
754 403 929 481 Pompeium
949 403 1122 468 emanlbus

129 489 344 550 adimissuros.
388 487 532 549 Libenter
558 489 648 548 etiam
673 505 710 548 ex
734 486 868 566 perfugis
889 487 1120 565 cognoscebant,

158 590 250 651 equos
265 591 367 633 eorum
382 572 515 642 tolerari,
532 572 647 651 reliqua
662 589 733 632 vero
748 574 882 632 iumenta
895 573 1053 644 interisse;
1076 575 1121 634 uti

157 663 257 717 autem
282 658 364 736 ipsos
386 656 553 717 valetudine
572 674 633 716 non
659 653 737 716 bona
757 674 824 716 cum
844 658 990 734 angustiis
1009 656 1069 717 loci
1091 663 1122 718 et

157 740 247 801 odore
262 748 358 802 taetro
373 759 411 801 ex
424 740 615 801 multitudine
627 740 804 800 cadaverum
818 748 848 801 et
863 740 1021 801 cotidianis
1036 739 1120 802 labo

156 824 250 895 ribus,
263 827 398 887 insuetos
410 843 545 904 operum,
558 832 621 885 tum
636 842 729 903 aquae
741 843 855 885 summa
866 825 1119 904 iuopiaadlectos.

131 907 264 971 somnia
279 911 359 969 enim
374 909 498 970 llumina
513 917 602 988 atque
617 927 720 969 omnes
728 911 817 978 rivos,
834 911 886 988 qui
901 908 938 969 ad
953 927 1034 969 mare
1049 927 1120 989 per·

156 993 306 1063 tinebant,
328 993 436 1055 Caesar
454 1001 505 1054 aut
527 1000 676 1054 averterat
694 1001 746 1054 aut
765 995 882 1070 magnis
902 992 1045 1073 operibus
1065 992 1120 1054 ob·

156 1085 322 1146 struxerat,
349 1085 437 1157 atque
463 1087 495 1139 ut
518 1085 604 1138 erant
629 1077 693 1138 loca
717 1085 873 1138 montuosa
894 1084 924 1137 et
949 1077 986 1138 ad
1012 1095 1121 1156 specus

158 1162 311 1238 angustiae
326 1161 460 1231 vallium,
482 1160 535 1222 bas
555 1160 677 1222 sublicis
697 1164 729 1221 in
751 1168 863 1222 terram
878 1161 1017 1222 demissis
1032 1180 1120 1240 prae·

130 1252 294 1324 tsepserat
307 1252 477 1324 terramque
493 1246 658 1315 adiecerat,
679 1253 712 1305 ut
731 1264 837 1325 aquam
853 1247 1029 1306 contineret.
1059 1246 1120 1307 lta·

157 1348 214 1409 que
230 1329 274 1389 illi
289 1331 459 1390 necessario
474 1330 538 1390 loca
553 1332 638 1409 sequi
658 1329 786 1390 demissa
802 1348 836 1390 ac
855 1329 999 1407 palustria
1012 1337 1044 1390 et
1064 1349 1121 1410 pu·

157 1421 222 1474 teos
236 1413 338 1474 lodere
354 1413 538 1490 cogebantur
553 1421 641 1493 atque
656 1414 735 1474 hunc
753 1412 887 1474 laborem
910 1414 946 1475 ad
968 1414 1121 1477 cotidiana

158 1515 249 1576 opera
264 1497 427 1568 addebant;
443 1499 495 1577 qui
509 1505 608 1559 tamen
624 1498 748 1559 iontesa
764 1497 941 1578 quibusdam
958 1499 1121 1577 praesidiis

130 1581 284 1642 taberant
307 1583 424 1660 longius
444 1590 474 1642 et
499 1582 639 1643 celeriter
659 1581 792 1644 aestibus
813 1581 1037 1643 exarescebant.
1082 1584 1121 1644 Aa

157 1666 293 1728 Caesaris
318 1668 468 1727 exercitus
492 1669 604 1746 optima
629 1667 798 1728 valetudine
824 1684 997 1746 summaque
1023 1685 1119 1746 aquae

156 1753 241 1830 copia
258 1750 407 1821 utebatur,
422 1758 486 1811 tum
501 1759 683 1812 commeatus
694 1753 775 1811 omni
791 1767 902 1827 genere
917 1758 1039 1830 praeter
1053 1753 1119 1812 lru·

156 1842 287 1896 mentum
304 1834 489 1905 abundabat;
521 1879 1119 1898 ............

157 1963 590 1988 .........
634 1918 744 1998 quibus
765 1919 875 1979 cotidie
897 1919 1004 1979 melius
1032 1917 1119 1999 [sub-

154 2001 270 2082 terere]
285 1999 353 2079 scrc
364 2011 482 2082 tempus
492 2005 694 2083 maioremque
703 2021 790 2083 spem
801 2005 972 2064 maturitate
984 2004 1119 2065 frumen·

155 2093 252 2146 torum
268 2088 394 2165 proponi
409 2086 559 2147 videbant.

130 2176 144 2227 t
218 2171 252 2232 L.
281 2171 315 2230 ln
335 2188 410 2230 novo
433 2188 542 2248 genere
564 2171 635 2232 belli
653 2191 747 2232 novae
769 2172 805 2233 ab
827 2174 962 2251 utrisque
985 2171 1119 2234 bellandi

154 2255 287 2315 rationes
312 2254 551 2333 reperiebantur.
593 2255 653 2325 Illi,
680 2254 748 2316 cum
774 2256 1055 2317 animadvertissent
1080 2274 1119 2318 ex

154 2337 290 2415 ignibus,
312 2346 398 2398 nocte
420 2339 556 2400 cobortes
571 2347 688 2400 nostras
702 2340 739 2401 ad
759 2342 942 2401 munitiones
955 2339 1117 2411 excubare,

155 2422 274 2483 silentio
289 2423 422 2500 adgressi
437 2426 568 2484 unmersi
584 2426 663 2485 intra
678 2424 898 2485 multitudinem
910 2425 1031 2502 sagittas
1044 2442 1117 2486 con·

127 2506 289 2568 eiciebant
303 2514 333 2567 et
348 2525 380 2567 se
395 2509 552 2569 confestim
569 2508 605 2569 ad
620 2527 689 2569 suos
703 2507 900 2588 recipiebant.
936 2507 1052 2578 Quibus
1062 2526 1117 2570 re·

154 2588 211 2651 bus
230 2593 325 2651 nostri
345 2608 402 2651 usu
422 2592 501 2652 docti
522 2592 595 2652 haec
616 2592 807 2671 reperiebant
828 2592 976 2661 remedia,
1004 2599 1037 2652 ut
1057 2591 1117 2654 clio

153 2672 219 2734 loco
239 2677 325 2751 ignes
339 2676 475 2736 lacerent
519 2720 1115 2737 ............

127 2937 141 2984 1
216 2926 263 2987 Ll.
292 2928 416 2989 Interim
436 2930 548 2990 certior
568 2930 664 2990 lactus
682 2929 715 2989 P.
733 2928 827 2998 Sulla,
848 2946 937 3009 quem
958 2927 1117 2991 discedens

153 3013 259 3071 castris
279 3015 466 3090 praefecerat
482 3014 605 3082 Caesar,
628 3014 737 3074 anxilio
752 3014 866 3073 cohorti
881 3014 963 3073 venit
983 3031 1049 3073 cum
1070 3011 1115 3073 le·

152 3094 291 3171 gionibus
307 3096 438 3166 duabus3
460 3099 546 3158 cuius
561 3097 688 3158 adventu
706 3098 792 3158 facile
808 3105 878 3158 sunt
898 3096 1012 3176 repulsi
1027 3096 1114 3158 Pom·

127 3179 266 3256 rpeiani.
296 3178 399 3260 Neque
415 3198 484 3241 vero
499 3191 691 3260 conspectum
709 3189 760 3242 aut
780 3184 923 3261 impetum
943 3189 1115 3241 nostrorum

152 3261 299 3330 tulerunt,
324 3265 487 3343 primisque
505 3265 628 3327 deiectis
648 3265 757 3344 reliqui
777 3284 808 3326 se
824 3272 979 3325 verterunt
999 3273 1030 3325 et
1049 3263 1115 3324 loco

125 3353 318 3407 ccesserunt.
359 3348 418 3409 Sed
439 3350 630 3428 insequentes
650 3358 783 3417 nostros,
811 3368 847 3409 ne
872 3350 989 3426 longius
1009 3366 1114 3427 prose·

151 3439 330 3509 querentur,
353 3431 433 3494 Sulla
454 3436 613 3511 revocavit.
652 3434 687 3494 llt
712 3433 849 3513 plerique
869 3430 1057 3501 existimant,
1086 3434 1114 3494 sl

137 3515 243 3576 acrius
268 3517 392 3602 insequi
416 3516 574 3594 voluisset,
601 3517 715 3582 bellum
735 3536 771 3580 eo
791 3518 843 3580 die
861 3519 994 3597 potuisse
1013 3518 1113 3579 lintre.
