2356 3870
150 217 211 280 leo
325 286 328 292 ,
479 216 519 273 cr
534 215 638 273 nunno
655 216 792 273 cunco

149 377 260 440 bellum
276 381 425 440 concitare
441 385 470 438 et
484 396 590 456 gerere
610 387 726 458 posset;
748 379 800 441 sed
816 387 913 441 tamen
934 399 966 442 se
987 389 1107 444 conten·

150 471 212 523 tum
229 464 293 523 lore
310 481 343 523 ea
358 477 464 541 poena,
481 480 569 540 quam
584 463 640 524 sibi
655 465 712 543 ipsl
728 465 955 524 contraxissent.

120 551 134 603 1
213 545 317 607 XXlll.
347 547 440 606 Nocte
451 548 620 625 insequenti
633 546 722 625 legati
737 565 881 627 responsa
895 547 936 608 ad
946 566 1017 609 suos
1033 551 1110 610 rele-

149 636 234 697 runt,
257 628 375 689 obsides
396 631 564 691 conficiunt.
601 631 789 692 Concurrunt
802 630 985 708 reliquarum
1011 633 1110 694 cirita·

149 714 222 772 tium
242 711 345 790 legati,
372 729 447 788 quae
467 713 689 775 Bellovacorum
718 714 947 794 speculabantur
963 723 1109 776 eventum.

117 795 274 856 20bsides
289 795 372 864 dant,
394 798 538 874 imperata
558 799 686 866 iaciunt,
708 807 831 878 excepto
852 798 1000 868 Commio,
1022 815 1111 876 quem

150 881 238 940 timor
253 877 431 958 prohibebat
451 881 625 957 cuiusquam
645 881 713 941 tidei
732 900 816 942 suam
832 883 1017 942 committere
1032 881 1110 942 salu·

118 969 218 1023 atem.
255 963 329 1023 Nam
356 964 512 1041 superiore
537 981 614 1024 anno
634 963 718 1024 Titus
739 963 901 1033 Labienus,
930 965 1055 1026 Caesare
1079 967 1111 1025 in

150 1045 241 1106 Galba
267 1048 406 1107 citeriore
431 1047 478 1106 ius
496 1046 628 1115 dicente,
657 1065 725 1107 cum
741 1046 905 1109 Commium
926 1050 1108 1127 conperisset

149 1128 1108 1199 sollicitarecivitatesetconlurationemcontraCaesaremlacere,

148 1212 350 1273 infidelitatem
378 1215 441 1273 eins
467 1215 530 1273 sine
555 1213 614 1272 ulla
641 1214 762 1292 pertidia
787 1213 925 1274 iudicavit
957 1215 1112 1293 comprimi

119 1330 134 1354 a
147 1315 246 1374 posse.
283 1296 378 1366 Quem
399 1299 467 1373 quia
493 1315 553 1356 non
578 1296 777 1357 arbitrabatur
802 1305 938 1358 vocatum
963 1299 994 1358 in
1015 1306 1112 1358 castra

147 1387 371 1448 ventorumne
392 1379 562 1458 temptando
578 1382 740 1458 cputiorem
760 1381 885 1450 laceret,
903 1380 1007 1443 Gaium
1023 1380 1110 1442 Volu-

148 1480 253 1523 senum
270 1463 451 1534 Quadratum
467 1464 561 1533 misit,
580 1465 630 1540 qui
650 1482 719 1525 eum
738 1481 793 1542 per
807 1462 1024 1525 simulationem
1040 1482 1110 1524 con·

147 1546 232 1624 loqui
252 1556 371 1608 curaret
391 1546 636 1608 interficiendum.
672 1546 716 1609 ad
737 1565 802 1608 eam
822 1565 886 1608 rem
902 1546 1032 1608 delectos
1046 1547 1110 1607 ido·

124 1637 228 1691 tineos
244 1631 271 1691 ei
290 1631 380 1692 tradit
400 1631 606 1706 centuriones.¹
622 1688 625 1695 ,
639 1630 712 1692 Cum
731 1632 762 1692 in
782 1629 971 1707 conloquium
989 1638 1109 1691 uentum

153 1723 232 1775 esset
252 1722 295 1784 et,
318 1722 351 1774 ut
367 1722 558 1783 convenerat,
580 1733 700 1775 manum
715 1715 839 1776 Comnrii
854 1713 1019 1775 Volusenus
1034 1714 1109 1774 arri·

146 1801 274 1877 puisset,
296 1799 430 1859 centurio
446 1795 555 1878 vel[ut]
572 1800 687 1858 insueta
701 1816 735 1859 re
749 1803 903 1876 permotus
915 1796 961 1857 vel
973 1796 1111 1858 celeriter

147 1900 164 1943 a
179 1881 371 1943 familiaribus
391 1880 559 1960 prohibitus
574 1882 698 1943 Commii
718 1883 864 1943 conficere
884 1879 1035 1941 hominem
1050 1898 1109 1941 non

146 1967 256 2043 potuit:
274 1967 402 2042 graviter
418 1973 518 2025 tamen
537 1966 634 2044 primo
655 1967 716 2025 ictu
731 1963 827 2043 gladio
849 1972 937 2042 caput
950 1965 1109 2042 percussit.

115 2049 219 2110 otium
236 2050 385 2124 utrimque
409 2049 496 2125 gladii
516 2047 649 2108 destricti
669 2057 783 2117 essent,
805 2065 867 2108 non
885 2055 946 2108 tam
960 2047 1109 2125 pugnandi

148 2149 236 2208 quam
251 2131 423 2208 ditlugiendi
441 2132 497 2192 luit
516 2138 712 2209 utrorumque
733 2130 904 2194 consilium:
927 2137 1109 2198 nostrorum,

140 2213 227 2291 quod
247 2215 401 2275 mortifero
427 2214 548 2274 vulnere
570 2215 734 2276 Commium
764 2212 926 2276 credebant
952 2212 1109 2282 adlectum,

147 2297 307 2367 Gallorum,
325 2298 403 2374 quod
417 2297 532 2358 insidils
544 2297 668 2375 cognitis
682 2299 776 2378 plura,
794 2315 882 2376 quam
896 2296 1042 2368 ridebant,
1059 2314 1108 2357 en·

146 2379 349 2442 timescebant
377 2381 441 2452 Quo
452 2382 529 2442 lacto
545 2384 682 2442 statuisse
692 2383 841 2444 Commius
859 2382 1012 2442 dicebatur
1024 2399 1109 2442 num·

148 2483 236 2542 quam
252 2466 282 2524 in
299 2473 491 2544 conspectum
506 2467 680 2542 cuiusquam
694 2464 819 2527 Romani
834 2468 943 2526 venire.

45 2576 48 2581 ⁹
119 2555 132 2607 l
211 2548 326 2608 llllllll.
358 2547 594 2609 Bellicosissimis
615 2549 751 2626 gentibus
767 2549 889 2610 devictis
904 2549 1026 2618 Caesar,
1044 2566 1109 2608 cum

148 2633 262 2691 rideret
281 2631 391 2692 nullam
411 2634 469 2692 iam
490 2651 555 2693 esse
576 2634 736 2702 civitatem,
759 2649 834 2709 quae
855 2631 966 2692 bellum
980 2639 1109 2711 pararet,

150 2732 208 2792 quo
224 2715 280 2775 sibi
294 2718 463 2785 resisteret,
485 2715 537 2777 sed
558 2714 717 2776 nonnullos
737 2733 774 2775 ex
793 2715 911 2795 oppidis
932 2715 1104 2792 demigrare,

150 2818 186 2860 ex
202 2801 280 2878 agris
295 2799 438 2879 diffugere
453 2799 488 2859 ad
503 2817 645 2879 praesens
663 2801 822 2878 imperium
844 2798 1026 2867 evitandum,
1042 2796 1108 2877 plu·

117 2891 198 2944 tres
212 2886 242 2944 in
254 2892 355 2962 partes
370 2885 530 2944 exercitum
543 2883 691 2943 dimittere
706 2883 867 2944 constituit.
897 2882 935 2943 M.
951 2883 1110 2943 Antonium

151 2975 339 3042 quaestorem
351 2986 417 3028 cum
432 2967 548 3045 legione
563 2966 735 3028 duodecima
751 2965 807 3027 sibi
821 2967 982 3042 coniungit.
1009 2965 1039 3024 C.
1056 2965 1110 3024 Fa·

150 3049 233 3110 bium
246 3048 374 3128 legatum
390 3069 457 3112 cum
472 3050 643 3111 cohortibus
656 3070 719 3112 xxv
734 3051 822 3111 mittit
836 3052 867 3109 in
883 3049 1109 3109 diversissimam

150 3141 265 3212 partem
281 3133 406 3205 Galliae,
428 3134 506 3211 quod
527 3134 568 3194 ibi
584 3133 723 3210 quasdam
745 3136 874 3194 civitates
894 3132 1029 3193 inarmis
1045 3147 1111 3189 esse

152 3215 288 3277 audiebat
301 3234 399 3294 neque
415 3218 445 3279 C.
463 3218 617 3279 Caninium
631 3217 769 3278 Rebilum
784 3217 923 3296 legatum,
940 3217 990 3292 qui
1005 3215 1036 3274 in
1051 3211 1109 3272 illis

42 3333 45 3338 ·
152 3299 323 3377 regionibus
338 3309 410 3370 erat,
427 3302 498 3362 satis
512 3303 611 3362 firmas
631 3300 703 3362 duas
721 3300 853 3379 legiones
868 3297 978 3361 habere
1000 3298 1109 3357 existu-

121 3384 258 3444 ttmabat.
289 3385 322 3445 T.
340 3385 500 3446 Labienum
517 3386 600 3446 adse
616 3391 732 3453 evocat:
748 3384 896 3463 legionem
910 3390 1010 3444 autem
1025 3381 1110 3458 quin·

152 3477 211 3528 tam
227 3467 380 3535 decimam,
397 3485 471 3545 quae
486 3487 553 3530 cum
569 3486 604 3528 eo
618 3469 717 3529 luerat
730 3470 761 3529 in
776 3468 915 3535 bibernis,
937 3469 969 3527 ln
984 3473 1109 3543 togatam
