2356 3870
831 152 835 164 Ι

125 218 165 282 48
447 215 485 270 ΒΕ
500 213 605 270 usito
621 213 759 270 settled

94 389 110 436 4
124 380 180 440 bus
196 398 230 439 eo
245 380 458 457 pervenissem,
475 377 512 437 ad
527 376 652 439 salutem
667 377 889 439 contenderent.
924 375 1027 437 Maiori
1041 382 1084 436 ta·

125 481 193 523 rnen
207 465 287 541 parti
300 460 417 539 placuit,
430 460 488 521 boc
502 470 654 522 reservato
669 461 705 523 ad
722 468 887 521 extremum
902 458 1024 520 consilio
1038 460 1084 519 in·

44 617 47 623 .
125 548 212 607 terim
228 548 273 606 rei
289 553 425 605 eventum
435 546 570 622 experiri
585 551 615 605 et
629 552 724 606 castra
739 543 909 604 defendere.

94 637 108 686 1
186 629 250 690 llll.
274 629 362 688 Brevi
382 631 475 707 spatio
496 629 668 698 interiecto,
693 630 741 688 vix
767 636 801 688 ut
823 629 859 687 iis
879 626 986 694 rebus,
1013 641 1086 703 quas

126 713 362 780 constituissent,
385 711 572 772 conlocandis
593 721 682 790 atque
707 709 946 772 administrandis
967 716 1086 788 tempus

126 797 256 865 daretur,
272 794 373 855 hostes
389 814 425 856 ex
440 794 577 856 omnibus
588 795 723 875 partibus
737 797 822 873 signo
833 793 901 855 dato
913 792 1084 861 decurrere,

93 879 237 959 tlapides
252 894 398 957 gaesaque
412 881 444 940 in
458 877 566 938 vallum
588 881 733 940 conicere.
771 879 872 940 Nostri
891 879 988 956 primo
1008 878 1085 936 inte·

125 966 186 1041 gris
200 963 312 1023 viribus
331 963 448 1022 fortiter
462 979 629 1041 repugnare
643 980 741 1040 neque
760 961 854 1023 ullum
868 961 981 1023 frustra
995 959 1086 1020 telum

126 1066 161 1107 ex
177 1047 243 1107 loeo
258 1047 414 1124 superiore
428 1047 555 1114 mittere,
571 1053 605 1105 ut
617 1062 753 1122 quaeque
766 1063 836 1125 pars
848 1051 1015 1105 castrorum
1028 1061 1084 1104 nu·

126 1131 191 1191 data
206 1128 413 1190 defensoribus
427 1130 524 1208 premi
537 1129 700 1199 videbatur,
723 1148 757 1190 eo
780 1146 940 1190 occurrere
958 1134 988 1188 et
1003 1128 1082 1187 auxi·

94 1213 197 1273 tlium
217 1216 313 1283 ferre,
336 1212 388 1272 sed
408 1211 464 1271 hoc
484 1214 633 1290 superari,
657 1212 736 1290 quod
757 1212 949 1273 diuturnitate
968 1229 1086 1290 pugnae

127 1297 226 1358 hostes
241 1297 351 1357 defessi
364 1295 478 1374 proelio
490 1296 680 1367 excedebant,
697 1295 748 1356 alii
756 1298 879 1374 integris
891 1293 1002 1356 viribus
1018 1312 1084 1355 suc·

94 1379 285 1448 eredebant;
309 1396 436 1456 quarum
455 1396 557 1441 rerum
584 1398 600 1439 a
625 1383 737 1441 nostris
762 1386 887 1459 propter
906 1379 1086 1459 paucitatem

125 1465 190 1524 fieri
209 1462 282 1524 nihil
302 1469 432 1541 poterat,
454 1481 489 1522 ac
508 1480 568 1522 non
588 1463 676 1523 modo
697 1464 812 1524 defesso
834 1481 871 1525 ex
884 1479 984 1543 pugna
999 1479 1085 1522 exce·

126 1546 222 1615 dendi,
240 1546 292 1608 sed
307 1565 345 1607 ne
360 1548 460 1608 saucio
476 1546 595 1623 quidem
611 1548 674 1608 eius
688 1546 755 1617 loci,
771 1546 823 1608 ubi
838 1548 1019 1617 constiterat,
1035 1563 1081 1606 re·

125 1629 278 1707 linquendi
294 1649 329 1691 ac
343 1633 390 1691 sui
404 1630 568 1709 recipiendi
582 1630 705 1691 facultas
719 1630 854 1692 dabatur.

96 1721 108 1770 1
188 1715 220 1774 V.
238 1714 312 1775 Cum
326 1715 384 1774 iam
399 1712 525 1792 amplius
539 1713 621 1775 horis
636 1732 688 1775 sex
700 1716 887 1776 continenter
901 1720 1086 1792 pugnaretur

126 1816 159 1857 ae
170 1815 231 1858 non
242 1797 339 1858 solum
351 1798 437 1867 vires,
450 1797 600 1871 sedetiam
613 1797 672 1858 tela
683 1806 802 1859 nostros
813 1798 983 1867 deficerent,
996 1804 1086 1875 atque

125 1879 225 1942 hostes
245 1883 343 1942 aerius
362 1883 508 1941 instarent
527 1880 821 1959 languidioribusque
844 1882 956 1942 nostris
977 1879 1085 1942 vallum

126 1963 262 2026 scindere
278 1972 307 2024 et
320 1966 415 2025 fossas
435 1963 585 2043 complere
600 1966 782 2044 coepissent,
803 1981 912 2043 resque
934 1972 1013 2026 esset
1025 1966 1085 2026 iant

94 2048 162 2108 aad
184 2055 350 2108 extremum
369 2047 513 2125 perducta
534 2065 648 2118 casum,
670 2048 793 2110 Publius
813 2049 932 2109 Sextius
946 2048 1083 2120 Baculus,

125 2133 214 2210 primi
238 2130 291 2209 pili
312 2132 461 2200 centurio,
489 2147 578 2208 quem
597 2131 721 2192 Nervico
741 2131 856 2211 proelio
882 2131 1084 2211 compluribus

126 2215 293 2275 confectum
313 2212 485 2275 vulneribus
507 2215 649 2284 diximus,
671 2224 701 2275 et
719 2217 791 2277 item
806 2216 894 2278 Gaius
909 2215 1083 2285 Volusenus,

126 2298 264 2359 tribunus
278 2297 413 2366 militum,
429 2299 473 2357 vir
489 2304 519 2358 et
533 2298 648 2360 consilii
661 2301 760 2377 magni
775 2306 804 2359 et
819 2301 949 2370 virtutis,
965 2298 1001 2360 ad
1016 2298 1083 2360 Gal·

125 2380 193 2442 bam
208 2381 371 2442 adcurrunt
391 2389 479 2458 atque
498 2399 587 2443 unam
603 2399 668 2443 esse
689 2400 773 2462 spem
793 2381 895 2444 salutis
915 2382 1037 2452 docent,
1059 2384 1084 2444 si

95 2470 111 2522 3
126 2467 282 2544 eruptione
296 2465 370 2525 facta
388 2472 553 2526 extremum
567 2466 708 2526 auxilium
727 2467 943 2545 experirentur.
981 2466 1084 2546 ltaque

126 2549 291 2609 convocatis
312 2548 534 2610 centurionibus
555 2549 691 2611 celeriter
710 2550 818 2612 milites
839 2552 981 2614 certiores
1003 2553 1079 2622 facit,

125 2618 277 2711 paulisper
300 2633 532 2693 intermitterent
559 2632 706 2712 proelium
735 2652 770 2694 ac
794 2636 998 2697 tantummodo
1023 2635 1083 2697 tela

125 2717 215 2776 missa
236 2717 408 2794 exciperent
426 2732 518 2793 seque
539 2735 575 2777 ex
594 2715 696 2778 labore
721 2718 894 2790 reficerent,
920 2727 989 2800 post
1014 2719 1082 2780 dato

125 2801 208 2877 signo
224 2817 260 2860 ex
275 2801 379 2860 castris
394 2807 586 2879 erumperent
600 2807 688 2878 atque
703 2820 821 2864 omnem
835 2821 919 2883 spem
934 2804 1037 2866 salutis
1050 2804 1082 2864 in

125 2885 231 2944 virtute
245 2892 401 2962 ponerent.
532 2884 534 2888 '

95 2972 107 3021 1
187 2967 233 3027 v1.
258 2967 342 3038 Quod
356 2969 430 3028 iussi
444 2972 528 3038 sunt,
548 2968 660 3029 faciunt
674 2988 708 3030 ac
721 2969 820 3032 subito
836 2969 973 3032 omnibus
986 2973 1082 3050 portis

126 3051 281 3127 eruptione
295 3051 370 3110 faeta
385 3063 482 3129 neque
496 3053 707 3129 cognoscendi,
724 3054 793 3130 quid
808 3055 907 3126 fieret,
922 3071 1021 3132 neque
1036 3056 1082 3116 sui

94 3140 110 3188 2
126 3131 282 3209 colligendi
296 3132 430 3195 hostibus
444 3134 613 3196 facultatem
628 3135 808 3215 relinquunt.
845 3139 889 3200 lta
904 3146 1082 3200 commutata

125 3217 242 3277 fortuna
256 3235 315 3286 eos,
328 3220 420 3295 quiin
435 3237 518 3296 spem
529 3220 742 3298 potiundorum
753 3229 919 3283 castrorum
930 3231 1080 3293 venerant,

126 3299 256 3378 undique
272 3304 488 3363 circumventos
502 3304 683 3365 interficiunt
699 3313 728 3366 et
743 3325 779 3366 ex
794 3306 948 3368 hominum
962 3306 1081 3368 milibus

126 3383 251 3463 amplius
266 3406 343 3457 xxx,
366 3404 455 3464 quem
474 3405 633 3448 numerum
653 3387 849 3451 barbarorum
869 3390 905 3451 ad
920 3399 1016 3452 castra
1030 3409 1080 3452 ve·

121 3468 204 3526 nisse
218 3470 383 3541 constabat,
402 3469 471 3552 plus
491 3472 577 3532 tertia
590 3479 676 3551 parte
689 3474 845 3536 interfecta
865 3473 997 3553 reliquos
1010 3492 1074 3554 per
