2356 3870
173 197 216 260 42
499 194 537 250 nd
553 191 656 249 BELLO
673 189 811 247 Gannico

173 359 246 420 dere
262 377 296 419 ac
311 358 368 418 tela
384 359 484 426 vitare,
497 356 590 417 hostis
605 371 703 432 neque
718 373 735 415 a
750 355 848 415 fronte
860 370 896 412 ex
911 350 1054 412 inferiore
1068 348 1139 412 loco

175 442 336 504 subeuntes
347 443 544 502 intermittere
560 447 590 499 et
603 439 640 500 ab
655 447 783 514 utroque
794 436 890 498 latere
901 438 1012 497 instare
1026 444 1055 496 et
1070 454 1134 498 rem

175 544 241 587 esse
255 529 286 586 in
302 532 426 604 angusto
442 524 526 593 vidit,
550 539 648 600 neque
663 522 756 584 ullum
772 540 838 583 esse
853 520 1032 589 subsidium,
1055 522 1134 597 quod

141 612 316 671 asummitti
329 616 443 689 posset:
467 616 551 668 scuto
572 607 608 668 ab
633 607 798 668 novissimis
818 606 871 666 uni
892 603 976 666 militi
991 604 1133 673 detracto,

174 693 253 771 quod
267 695 332 773 ipse
348 711 382 754 eo
394 695 458 753 sine
473 698 557 753 scuto
573 698 703 761 venerat,
716 693 747 751 in
762 691 888 769 primam
904 690 997 749 aciem
1011 706 1133 767 prooes-

173 779 212 838 sit
227 776 511 853 centurionibusque
525 776 698 837 nominatim
713 773 867 854 appellatis
883 771 1016 849 reliquos
1028 771 1133 834 cohor·

174 867 251 922 tatus
266 861 374 922 milites
391 863 474 939 signa
487 860 600 920 inferre
616 867 646 919 et
659 858 827 938 maniprdos
841 855 941 918 laxare
955 857 1057 927 iussit,
1075 874 1129 933 quc

141 943 287 1005 otacilius
301 945 406 1023 gladiis
422 946 465 1004 uti
480 950 610 1023 possent.
635 942 724 1005 Cuius
739 942 867 1003 adventu
881 959 935 1020 spe
950 939 1040 1000 lnlata
1056 940 1132 1000 mili·

172 1027 251 1088 tibus
267 1047 301 1089 ac
315 1028 517 1105 redintegrato
532 1028 646 1096 animo,
670 1044 736 1087 oum
756 1044 812 1105 pro
826 1043 859 1086 se
875 1026 1001 1102 quisque
1015 1026 1046 1084 in
1062 1043 1130 1086 con·

171 1119 276 1190 spectu
290 1113 480 1190 imperatoris
501 1112 589 1171 etiam
608 1112 639 1170 in
660 1110 800 1171 extremis
820 1109 883 1170 suis
904 1108 996 1169 rebus
1012 1126 1131 1187 operam

171 1213 279 1255 navare
295 1201 433 1274 cuperet,
448 1194 570 1273 paulum
584 1192 714 1254 hostium
727 1195 857 1273 impetus
872 1192 1005 1253 tardatus
1020 1200 1074 1253 est.

139 1283 153 1334 1
232 1277 332 1340 XXVI.
347 1279 453 1340 Caesar
466 1296 533 1338 oum
544 1279 699 1356 septimam
710 1276 867 1356 legionem,
882 1293 957 1352 quae
968 1277 1049 1337 iuxta
1061 1295 1131 1337 con·

170 1363 300 1431 stiterat,
322 1364 394 1422 item
410 1362 532 1438 urgueri
547 1361 583 1423 ab
598 1361 683 1422 hoste
699 1361 832 1430 vidisset,
855 1359 991 1421 triburms
1006 1360 1131 1421 militum

168 1446 292 1515 monuit,
306 1451 340 1505 ut
349 1443 492 1524 paulatim
500 1462 569 1515 ‚sese
579 1444 711 1523 legiones
723 1445 938 1522 coniungerent
949 1452 979 1505 et
990 1462 1130 1505 conversa

137 1536 154 1585 2
168 1529 252 1606 signa
265 1530 297 1588 in
311 1527 413 1590 hostes
429 1530 584 1589 inferrent.
622 1528 686 1599 Quo
701 1530 779 1589 lacto
797 1546 865 1589 oum
880 1527 955 1588 alius
970 1527 1019 1589 alii
1032 1528 1130 1590 subsi-

169 1611 251 1672 dium
265 1613 367 1681 ferret,
383 1628 481 1690 neque
493 1613 640 1682 timerent,
656 1629 695 1672 ne
709 1614 805 1672 aversi
819 1610 856 1671 ab
867 1611 952 1673 hoste
968 1613 1129 1673 circumve·

169 1697 314 1764 nirentnr,
328 1695 469 1756 audacius
482 1697 623 1757 resistere
637 1712 672 1756 ac
686 1697 793 1756 lortius
807 1712 941 1773 pugnare
956 1703 1127 1774 coeperunt.

137 1784 154 1834 3
168 1778 290 1839 lnterim
297 1779 404 1840 milites
413 1778 562 1857 legionum
575 1779 709 1848 duarum,
717 1795 793 1856 quae
803 1780 836 1838 in
846 1779 1004 1839 novissimo
1013 1780 1128 1856 agmine

168 1862 316 1940 praesidio
331 1862 549 1941 impedimentis
564 1864 691 1931 inerant,
702 1862 816 1941 proelio
828 1863 963 1923 nuntiato
979 1881 1068 1923 cursu
1083 1866 1128 1923 in·

136 1953 154 2002 4
169 1947 258 2007 citato
272 1947 305 2006 in
319 1964 435 2008 summo
450 1945 525 2006 colle
540 1945 576 2007 ab
591 1945 727 2007 hostibus
742 1945 1009 2024 conspiciebantur,
1035 1952 1064 2006 et
1078 1947 1128 2008 Ti·

168 2040 217 2091 tus
231 2030 379 2093 Labienus
394 2031 643 2094 castris-hostium
657 2032 769 2113 potitus
785 2036 815 2095 et
829 2047 866 2094 ex
880 2028 945 2093 loco
961 2032 1128 2110 superiore,

169 2131 245 2192 quae
259 2133 309 2175 res
323 2116 355 2175 in
376 2118 486 2178 nostris
506 2120 610 2179 castris
631 2124 818 2195 gererentur,
840 2119 1027 2198 conspicatus
1048 2117 1127 2179 deci·

136 2205 245 2259 tmam
264 2198 413 2276 legionem
432 2200 563 2263 subsidio
578 2204 688 2264 nostris
702 2205 792 2264 misit.
831 2202 888 2274 Qui
908 2221 975 2265 cum
991 2220 1027 2262 ex
1043 2203 1127 2279 equi·

169 2291 231 2343 tum
247 2290 277 2343 et
292 2284 427 2345 calonum
441 2287 519 2364 luga,
537 2303 595 2362 qno
610 2288 641 2347 in
655 2286 721 2348 loco
735 2305 785 2349 res
801 2293 892 2357 esset,
910 2294 1081 2365 quantoque
1096 2288 1127 2348 in

167 2366 301 2446 periculo
318 2376 347 2430 et
362 2376 458 2430 castra
473 2377 503 2430 et
516 2369 648 2448 legiones
665 2377 695 2431 et
708 2371 869 2450 imperator
881 2377 1060 2440 versaretur,
1077 2389 1125 2431 co·

167 2453 353 2529 gnovissent,
369 2451 442 2513 nihil
457 2454 494 2514 ad
509 2453 690 2515 celeritatem
704 2453 761 2515 sibi
775 2453 884 2531 reliqui
897 2454 1043 2515 lecerunt.

136 2543 150 2591 1
229 2535 342 2597 XXVII.
367 2535 481 2598 Horum
502 2537 628 2599 adventu
649 2546 728 2599 tanta
746 2557 849 2599 rernm
870 2539 1059 2600 commutatio
1081 2545 1127 2598 est

165 2619 256 2688 laeta,
273 2627 307 2679 ut
321 2621 430 2690 nostri,
453 2622 541 2682 etiam
556 2624 607 2699 qui
621 2620 793 2683 vulneribus
808 2623 934 2683 coniecti
948 2619 1124 2701 procubuis-

166 2710 241 2773 sent,
258 2705 349 2765 soutis
364 2704 457 2764 innixi
470 2705 619 2783 proelium
633 2706 879 2784 redintegrarent
914 2704 991 2766 'lum
1007 2704 1125 2766 calones

166 2789 341 2868 perterritos
356 2787 456 2849 hostes
467 2791 629 2868 conspicati
645 2791 732 2851 etiam
742 2792 872 2851 inermes
887 2790 1008 2850 armatis
1020 2806 1123 2848 occur·

133 2878 284 2941 ererunt,
307 2874 421 2948 equites
435 2889 520 2942 vero,
545 2880 577 2934 ut
592 2874 805 2953 turpitudinem
819 2874 906 2950 lugae
921 2873 1028 2932 virtute
1043 2870 1109 2932 dele

165 2962 243 3024 rent,
260 2955 398 3017 omnibus
411 2957 443 3017 in
457 2955 530 3017 locis
543 2964 723 3036 pugnarunt,
740 2974 799 3035 quo
814 2974 847 3018 se
860 2957 1031 3034 legionariis
1046 2954 1123 3014 mili·

135 3046 152 3098 3
167 3038 245 3099 tibus
259 3041 454 3117 praeferrent.
491 3042 529 3101 nt
542 3040 643 3102 hostes
659 3043 746 3101 etiam
760 3042 792 3101 in
806 3047 938 3101 extrema
952 3057 1006 3118 spe
1021 3037 1127 3099 salutis

165 3129 276 3183 tantam
290 3124 430 3184 virtutem
446 3126 666 3201 praestiterunt,
684 3132 726 3193 ut,
742 3123 809 3184 cum
823 3124 913 3203 primi
928 3140 1032 3182 eorum
1047 3122 1122 3181 ceci·

166 3205 293 3274 dissent,
322 3208 451 3285 proximi
469 3207 634 3268 iacentibus
653 3209 827 3269 insisterent
852 3213 941 3283 atque
968 3224 1004 3265 ex
1019 3223 1122 3265 eorum

133 3301 151 3348 t
164 3287 339 3368 corporibus
353 3298 536 3369 pugnarent;
560 3290 605 3352 his
626 3291 747 3352 deiectis
763 3297 793 3351 et
807 3290 985 3353 coacervatis
1001 3289 1121 3349 cadave-

165 3372 258 3443 ribus,
276 3375 326 3450 qui
340 3382 541 3454 superessent,
558 3383 591 3436 nt
606 3393 643 3435 ex
657 3374 772 3435 tumulo
787 3373 846 3435 tela
859 3376 891 3434 in
905 3378 1024 3435 nostros
1040 3374 1121 3432 ooni-

132 3463 269 3517 ocercnt
289 3465 319 3518 et
334 3457 395 3536 pila
409 3459 573 3537 intercepta
587 3460 790 3519 remitterent:
814 3466 847 3520 nt
867 3475 928 3518 non
942 3457 1122 3533 nequiquam
