2356 3870
150 197 192 262 82
435 203 581 258 BELLUM
602 202 824 259 AFRICANUM.

149 370 200 414 res
224 352 381 413 Caesarem
403 370 464 413 non
486 352 653 429 fefellerat:
677 370 806 433 namque
828 352 982 431 expeditos
1000 371 1037 414 ex
1052 355 1115 415 sin·

150 436 230 514 gulis
252 435 423 513 legionibus
445 438 578 497 tricenos
601 437 712 496 milites
735 454 801 497 esse
823 438 959 497 iusserat.
1009 437 1116 518 ltaque

151 539 203 581 eos
225 522 257 579 in
279 522 444 600 equitatum
466 520 592 581 Labieni
615 522 757 582 inmissos
778 522 889 581 turmis
904 539 1029 582 suorum
1044 539 1116 600 sup·

114 617 130 666 o
150 606 247 682 petias
268 606 370 665 mittit.
414 605 488 664 Tum
510 604 660 666 Labienus
682 606 836 666 conversis
857 607 942 684 equis
959 607 1116 682 signorum

114 702 130 748 c
151 697 313 767 conspectu
328 691 508 767 perterritus
521 691 695 769 turpissime
705 690 812 766 lugere
825 689 989 750 contendit.
1013 689 1117 750 blultis

150 774 216 832 eius
239 775 361 841 occisis,
385 772 593 852 compluribus
614 771 778 834 vulneratis
811 773 925 833 milites
953 773 1116 852 legionarii

150 856 187 916 ad
215 875 267 917 sua
296 875 328 917 se
362 859 513 935 recipiunt
546 859 631 934 signa
663 865 752 936 atque
785 859 845 918 iter
879 859 1033 934 inceptum
1069 859 1116 918 ire

152 948 327 1019 coeperunt.
370 940 521 1002 Labienus
543 959 598 1019 per
620 942 722 1018 iugum
745 958 894 1001 summum
923 940 1011 1001 collis
1042 940 1115 1001 dex·

151 1033 268 1085 trorsus
291 1025 397 1102 procul
420 1024 563 1102 subsequi
586 1042 646 1084 non
670 1024 795 1085 destitit.

116 1126 128 1172 1
213 1107 339 1168 LXXVI.
382 1108 542 1187 Postquam
571 1107 678 1168 Caesar
713 1108 749 1169 ad
784 1107 925 1187 oppidum
954 1108 1116 1170 Sassuram

150 1194 246 1259 venit,
281 1192 522 1270 inspectantibus
556 1191 735 1253 adversariis
763 1193 924 1253 interiecto
960 1193 1115 1271 praesidio

151 1275 317 1353 Scipionis,
342 1294 410 1336 curn
433 1278 496 1336 suis
519 1276 662 1336 auxilium
685 1277 765 1336 lerre
788 1294 848 1336 non
870 1274 1027 1345 auderent,
1050 1279 1114 1338 ior-

150 1361 225 1420 titer
247 1368 432 1438 repugnante
460 1358 492 1419 P.
516 1359 670 1428 Cornelio,
704 1367 825 1421 evocato
858 1358 1025 1437 Scipionis,
1059 1363 1115 1440 qui

151 1442 192 1503 ibi
214 1451 369 1521 praeerat,
403 1451 490 1522 atque
519 1461 535 1502 a
563 1443 756 1504 multitudine
785 1446 989 1504 circumvento
1018 1446 1115 1505 inter·

151 1528 291 1605 lectoque
304 1528 413 1605 oppido
426 1529 541 1606 potitur
552 1534 640 1606 atque
652 1527 696 1587 ibi
707 1529 860 1587 frumento
873 1529 1021 1588 exercitui
1044 1528 1114 1588 dato

151 1619 272 1689 postero
305 1609 353 1671 die
382 1612 418 1673 ad
447 1612 589 1690 oppidum
612 1611 769 1672 Thisdram
802 1613 955 1690 pervenit3
989 1613 1021 1670 in
1054 1630 1114 1690 quo

151 1694 310 1757 Considius
332 1713 386 1774 per
408 1694 438 1756 id
460 1703 579 1774 tempus
601 1696 700 1756 luerat
727 1712 796 1754 cum
824 1693 932 1772 grandi
960 1695 1114 1773 praesidio

114 1800 129 1846 2
151 1780 335 1858 coborteque
358 1798 410 1840 sua
426 1779 635 1858 gladiatorum.
680 1779 788 1839 Caesar
803 1778 907 1857 oppidi
922 1786 1027 1839 natura
1044 1797 1113 1857 per-

151 1871 252 1942 specta
280 1871 368 1942 atque
396 1865 497 1942 inopia
525 1863 563 1923 ab
597 1864 819 1942 oppugnatione
851 1865 916 1922 eius
948 1863 1114 1924 deterritus

150 1949 288 2025 protinus
310 1949 465 2025 proiectus
488 1950 611 2008 circiter
627 1947 709 2007 milia
725 1964 866 2024 passuum
882 1958 936 2004 1111
952 1946 989 2005 ad
1006 1964 1113 2025 aquarn

150 2032 223 2091 lacit
246 2038 343 2090 castra
366 2038 456 2109 atque
480 2031 550 2091 inde
573 2031 620 2091 die
636 2038 743 2109 quarto
759 2046 896 2106 egressus
912 2030 991 2091 redit
1006 2048 1113 2091 rursus

151 2114 243 2174 adea
267 2123 378 2183 castra,
412 2133 487 2193 quae
519 2115 555 2175 ad
583 2115 681 2192 Aggar
713 2113 869 2174 habuerat.
924 2114 1006 2174 ldem
1039 2115 1114 2175 lacit

151 2198 252 2276 Scipio
275 2207 361 2276 atque
385 2200 417 2257 in
439 2198 557 2276 antiqua
581 2207 677 2258 castra
701 2200 802 2282 copias
824 2197 951 2257 reducit.

115 2306 128 2354 1
214 2280 353 2341 llllXVll.
397 2281 607 2342 Thebenenses
628 2284 761 2352 interim,
785 2283 838 2360 qui
860 2281 916 2341 sub
940 2281 1059 2343 dicione
1083 2290 1113 2341 et

151 2373 297 2444 potestate
319 2365 411 2425 lubae
434 2383 498 2426 esse
521 2373 725 2435 consuessent,
749 2367 780 2426 in
796 2373 927 2426 extrema
944 2367 1009 2425 eius
1024 2368 1113 2443 regni

149 2452 274 2527 regione
297 2453 457 2510 marituma
480 2450 570 2510 locati
592 2451 753 2511 interiecto
776 2452 860 2528 regio
888 2449 1040 2528 praesidio
1069 2449 1111 2509 le·

150 2542 233 2610 gatos
257 2533 293 2593 ad
316 2534 472 2594 Caesarem
493 2536 632 2603 mittunt,
661 2551 727 2593 rem
754 2552 771 2593 a
799 2550 831 2593 se
853 2542 968 2610 gestam
991 2532 1112 2602 docent,

150 2624 255 2694 petunt
289 2625 448 2695 orantque,
476 2624 510 2676 ut
537 2620 601 2677 suis
634 2619 765 2678 iortunis
799 2617 927 2696 populus
948 2617 1112 2685 Romanus,

113 2718 129 2765 n
149 2716 216 2760 cum
234 2699 309 2760 bene
326 2702 427 2761 meriti
444 2707 552 2768 essent,
576 2700 721 2761 auxilium
737 2703 840 2761 lerret.
885 2701 992 2761 Caesar
1007 2719 1112 2761 eorum

150 2785 278 2846 consilio
300 2784 426 2863 probato
449 2783 595 2844 blarcium
617 2783 756 2863 Crispum
778 2784 935 2845 tribunum
963 2803 1031 2844 cum
1062 2802 1112 2845 co·

151 2869 290 2929 hortibus
313 2869 412 2929 tribus
434 2875 465 2928 et
486 2870 650 2946 sagittariis
671 2871 888 2947 tormentisque
905 2868 1113 2947 compluribus

114 2969 129 3016 3
150 2953 301 3031 praesidio
323 2951 496 3013 Thabenam
518 2954 620 3013 mittit.
664 2952 776 3012 Eodem
799 2960 935 3031 tempore
959 2971 994 3011 en
1017 2953 1112 3029 legio-

151 3036 241 3096 nibus
263 3036 403 3096 omnibus
429 3037 556 3105 militeS,
590 3038 643 3116 qui
675 3044 726 3096 aut
758 3035 863 3096 morbo
897 3035 1036 3114 impediti
1062 3043 1114 3097 aut

151 3127 319 3181 commeatu
341 3120 411 3181 dato
435 3138 502 3181 cum
525 3122 619 3197 signis
641 3139 700 3180 non
723 3127 884 3198 potuerant
899 3128 967 3180 ante
981 3123 1113 3181 transire

151 3207 183 3265 in
204 3205 352 3275 Africam,
382 3205 419 3265 ad
445 3204 529 3265 milia
557 3219 627 3274 1111,
662 3208 778 3283 equites
808 3215 909 3272 cccc,
943 3204 1114 3265 funditores

151 3290 357 3369 sagittariique
380 3289 462 3351 mille
485 3306 544 3348 uno
568 3295 733 3349 commeatu
755 3289 875 3348 Caesari
901 3296 1114 3349 occurrerunt.

115 3373 253 3451 altaque
277 3392 344 3434 cum
368 3374 416 3433 bis
438 3375 534 3450 copiis
562 3380 592 3432 et
620 3372 760 3433 omnibus
788 3371 960 3449 legionibus
984 3372 1114 3441 eductis,

151 3459 232 3520 sicut
253 3466 318 3518 erat
339 3461 522 3525 instructus,
551 3454 648 3535 v[111]
678 3456 802 3518 milibus
824 3474 964 3534 passuum
988 3456 1026 3516 ab
1050 3459 1115 3518 suis
