2356 3870
376 196 475 254 colui.
492 195 521 254 V,
537 197 607 253 CdP.
623 197 828 254 xxii-town.
1016 199 1056 263 89

103 367 198 440 Atque
218 358 324 420 harum
349 367 448 420 tamen
474 361 605 420 omnium
629 358 778 438 legionum
797 360 920 423 hiberna
940 371 1085 440 praeteri

102 463 181 513 eam,
198 461 287 522 quam
303 443 392 503 Lucio
407 442 513 504 Roscio
528 445 558 503 in
573 445 787 522 pacatissimam
802 452 833 505 et
846 447 1057 522 quietissimam

96 535 213 608 partem
228 526 394 588 ducendam
409 527 545 594 dederat,
565 525 684 587 milibus
698 545 838 606 passuum
853 537 972 590 centum
987 548 1056 589 con·

97 610 278 672 timebantur.
316 609 383 688 Ipse
406 611 535 678 interea,
558 609 653 687 quoad
668 610 799 688 legiones
814 611 979 673 conlocatas
993 621 1085 673 mu·8

96 697 218 773 uitaque
233 693 357 754 hiberna
372 694 571 771 cognovisset,
587 695 617 753 in
633 693 724 753 Gallia
738 697 849 755 morari
864 697 1023 756 constituit.

160 777 246 838 XXV.
276 777 348 837 Erat
367 777 398 836 in
418 775 595 837 Carnutibus
617 794 731 836 summo
758 776 823 837 loco
844 784 930 839 natus
949 779 1083 856 'laege-1

96 863 171 930 tius,
201 862 284 921 cuius
304 860 432 920 maiores
450 860 482 920 in
502 877 554 919 sua
575 861 690 919 ciuitate
711 877 836 936 regnum
856 860 1055 922 obtinuerant.

96 945 173 1006 lluic
194 944 301 1005 Caesar
320 961 376 1020 pro
397 945 461 1003 eius
482 944 589 1003 virtute
615 950 703 1019 atque
730 945 760 1003 in
785 960 818 1003 se
843 943 1085 1013 benevolenciam

96 1027 177 1106 quod
196 1029 229 1088 in
248 1027 385 1087 omnibus
405 1025 490 1086 bellis
510 1025 652 1102 singulari
674 1027 737 1086 eius
758 1044 849 1105 opera
863 1028 960 1088 luerat
974 1046 1056 1095 usus,

96 1112 243 1172 maiorum
257 1109 356 1171 locum
371 1111 549 1170 restituerat.
571 1109 705 1170 Tertium
719 1111 778 1170 iarn
792 1108 872 1171 hunc
886 1129 995 1171 annum
1011 1118 1086 1171 re·³

96 1200 252 1274 gnantem,
274 1194 401 1253 inimicis
422 1192 521 1254 multis
542 1192 638 1271 palam
654 1211 690 1252 ex
705 1194 820 1254 civitate
836 1200 865 1253 et
879 1195 915 1253 iis
930 1195 1056 1254 auctori·

96 1279 166 1345 bus,
185 1295 253 1337 eum
267 1277 490 1337 interfecerunt.
512 1276 652 1336 Defertur
667 1294 700 1336 ea
712 1295 760 1336 res
772 1276 807 1335 ad
820 1277 984 1337 Caesarem.
1007 1276 1086 1337 lllel

90 1362 225 1436 ueritus,
248 1359 327 1437 quod
343 1359 378 1420 ad
393 1359 494 1437 plures
515 1358 697 1437 pertinebat,
720 1378 757 1420 ne
778 1361 879 1420 civitas
895 1377 998 1421 eorum
1013 1360 1057 1420 in·

96 1444 186 1523 pulsu
207 1443 362 1511 deficeret,
384 1442 507 1504 Lucium
521 1441 662 1503 Plancum
684 1461 750 1503 cum
770 1442 887 1520 legione
905 1461 939 1503 ex
955 1442 1057 1521 Belgio

97 1526 237 1588 celeriter
250 1528 281 1586 in
297 1527 439 1588 Carnutes
454 1525 601 1605 proficisci
615 1525 698 1585 iubet
712 1526 811 1602 ibique
827 1525 966 1594 hiemare,
984 1543 1056 1603 quo·

97 1626 224 1687 rumque
253 1627 343 1688 opera
371 1618 549 1687 cognoverat
574 1608 743 1685 Tasgetium
767 1611 971 1677 interiectum,
1002 1608 1057 1669 hos

98 1691 319 1771 conprehensos
334 1691 370 1752 ad
391 1709 423 1752 se
448 1692 575 1752 mittere.
609 1691 729 1752 Interim
745 1692 781 1752 ab
797 1691 933 1752 omnibus
954 1691 1085 1769 legatiso

97 1784 330 1854 quaestorequc,
353 1774 460 1853 quibus
478 1773 611 1853 legiones
631 1774 806 1843 tradiderat,
834 1777 943 1835 certior
962 1775 1057 1836 iactus

98 1871 156 1929 est,
183 1861 214 1919 in
234 1858 358 1919 hiberna
378 1864 554 1938 perventum
573 1857 732 1934 locumque
751 1856 884 1919 hibernis
905 1876 969 1919 esse
989 1877 1053 1918 mu·

99 1946 202 2003 nilum.

159 2025 259 2086 XXVI.
288 2023 398 2085 Diebus
413 2025 531 2084 circiter
546 2042 602 2092 xv,
626 2022 734 2100 quibus
754 2026 783 2084 in
798 2023 922 2085 hiberna
936 2032 1056 2084 ventum
1069 2030 1083 2083 1

98 2117 156 2176 est,
180 2109 297 2167 initium
317 2109 465 2186 repentini
484 2106 629 2166 tumultus
651 2124 684 2166 ac
704 2106 878 2168 delectionis
899 2114 997 2168 ortum
1012 2115 1057 2169 est

98 2191 134 2251 ab
148 2189 318 2268 Ambiorige
338 2198 368 2250 et
388 2190 558 2258 Catuvolco;
582 2191 648 2267 qui,
671 2208 737 2250 cum
758 2191 887 2250 adfines
907 2193 992 2267 regni
1011 2193 1085 2251 sule

98 2273 207 2335 Sabino
229 2273 388 2350 Cottaeque
408 2281 526 2352 praesto
546 2274 672 2334 luissent
698 2275 939 2350 lrumentumque
960 2274 991 2334 in
1011 2274 1055 2334 hi·

98 2356 191 2418 berna
217 2358 484 2435 conportadssent,
512 2355 704 2417 Indutiomari
729 2357 852 2417 Treveri
876 2358 986 2417 nuntiis
1011 2359 1055 2417 in·

97 2439 176 2519 pulsi
189 2456 261 2501 suos
276 2441 496 2501 concitaverunt
516 2439 672 2516 subitoque
688 2441 839 2519 oppressis
862 2439 1056 2517 lignatoribus

97 2540 205 2602 magna
217 2539 308 2584 manu
322 2523 358 2583 ad
373 2530 470 2584 castra
485 2530 686 2602 oppugnatum
701 2530 856 2583 venerunt.
890 2523 963 2584 Cum
978 2523 1084 2584 cele-³

97 2607 170 2668 riter
184 2607 280 2666 nostri
295 2624 375 2666 arma
391 2607 537 2684 cepissent
554 2605 721 2682 vallumque
733 2606 954 2667 adscendissent
968 2614 1056 2685 atque

97 2706 155 2751 una
170 2706 208 2750 ex
230 2696 314 2767 parte
329 2689 466 2768 Hispanis
487 2689 636 2766 equitibus
658 2690 771 2750 emissis
791 2691 922 2767 equestri
942 2689 1056 2767 proelio

97 2771 268 2852 superiores
282 2773 421 2842 luissent,
437 2772 591 2851 desperata
607 2790 641 2833 re
655 2771 756 2834 hostes
766 2790 836 2833 suos
852 2772 888 2833 ab
903 2789 1054 2850 oppugna·

98 2856 178 2916 tione
199 2854 391 2916 reduxerunt.
429 2857 505 2917 Tum
532 2875 585 2916 suo
611 2874 695 2917 more
715 2855 986 2925 conclamaverunt,
1013 2857 1085 2916 utis

95 2938 187 3017 aliqu
207 2954 244 2998 es
263 2941 372 3001 nostris
393 2937 429 3000 ad
456 2938 643 3016 conloquium
669 2939 818 3019 prodiret:
844 2938 954 3000 lrabere
979 2957 1054 3009 sese,

96 3038 172 3101 quae
188 3020 226 3082 de
240 3040 275 3084 ro
289 3024 439 3083 communi
453 3023 552 3084 dicere
566 3022 688 3091 vellent,
706 3021 814 3099 quibus
829 3022 918 3084 rebus
933 3030 1053 3084 contro·

94 3105 209 3167 versias
222 3107 316 3166 minui
329 3124 417 3185 posse
436 3113 599 3186 sperarent.

158 3185 282 3250 xxvn:
303 3190 427 3251 blittitur
448 3189 484 3251 ad
505 3208 555 3250 eos
577 3188 773 3266 conloquendi
795 3207 881 3250 causa
897 3189 985 3250 Caius
1000 3191 1082 3251 rin-1

92 3275 214 3354 pineius
243 3290 335 3352 eques
363 3274 528 3341 Romanus,
564 3273 715 3334 lamiliaris
745 3273 844 3344 Quinti
873 3273 994 3342 Titurii,
1025 3280 1062 3338 et,

93 3357 224 3430 Quintus
240 3357 342 3418 lunius
361 3376 397 3418 ex
411 3357 550 3435 llispania
571 3357 702 3433 quidam,
726 3359 777 3434 qui
796 3358 853 3417 iam
874 3364 943 3418 ante
963 3358 1055 3417 missu

92 3440 231 3503 Caesaris
251 3441 287 3501 ad
302 3441 501 3520 Ambiorigem
522 3441 665 3502 ventitare
687 3446 858 3507 consuerat;
881 3439 959 3519 apud
979 3455 1054 3517 quos
