2356 3870
353 192 451 249 totth.
467 194 497 251 11.
514 194 583 252 CAP.
598 196 802 252 XXX—XXXV.
1014 201 1054 260 45

93 354 240 418 militibus
252 357 392 417 iniuriam
406 359 583 436 acciperent.
621 358 679 427 lili,
701 367 769 419 ante
783 361 871 428 inito,
894 368 926 420 ut
939 359 1055 420 intelle·
1070 369 1087 416 2

92 447 177 501 ctum
193 448 252 509 est,
270 440 408 510 consiho,
424 440 504 518 quod
519 440 668 503 deditione
683 443 758 502 lacta
774 451 893 503 nostros
908 443 1055 522 praesidia

92 523 278 584 deducturos
299 531 350 584 aut
369 523 496 602 denique
516 524 716 603 indiligentius
737 534 905 587 servaturos
920 526 1054 587 eredide-

91 615 171 676 rant,
187 609 296 686 partim
311 625 378 668 cum
393 609 443 677 iis,
461 625 536 684 quae
550 611 737 669 retinuerant
756 618 786 670 et
806 610 986 679 celaverant,
1009 629 1055 669 ar·

91 693 166 759 mis,
183 693 293 771 partim
307 693 398 751 scutis
413 709 450 751 ex
465 694 575 752 cortice
589 693 674 753 lactis
688 698 739 753 aut
752 692 910 754 viminibus
923 695 1053 760 intextis,

93 791 171 850 quae
187 773 295 842 subito,
311 780 346 834 ut
359 777 503 853 temporis
518 777 659 852 exiguitas
673 776 851 854 postulabat,
867 776 995 855 pellibus
1009 778 1055 837 in·

92 858 256 928 duxerant,
277 859 364 918 tertia
384 858 496 935 vigilia,
523 875 581 936 qua
605 861 726 920 minime
751 860 862 920 arduus
882 860 918 919 ad
938 867 1056 920 nostras

91 942 276 1002 munitiones
291 958 432 1002 ascensus
445 941 608 1011 videbatur,
632 942 769 1003 omnibns
791 945 883 1022 copiis
897 945 1055 1022 repentino

92 1042 131 1084 ex
147 1024 257 1104 oppido
280 1027 466 1103 eruptionem
486 1026 632 1086 lecerunt.
670 1025 822 1096 Celeriter,
846 1034 880 1087 ut
900 1034 969 1087 ante
984 1027 1055 1088 Cae·
1071 1033 1087 1084 3

92 1126 143 1169 sar
153 1109 326 1188 imperarat,
342 1107 460 1186 ignibus
474 1109 688 1187 significatione
699 1110 784 1180 lacta,
802 1129 837 1170 ex
849 1113 992 1189 proximis
1008 1127 1055 1169 ca·

90 1191 190 1253 stellis
209 1210 246 1252 eo
266 1209 445 1252 concursum
466 1198 525 1261 est,
550 1199 773 1270 pugnatumque
793 1193 830 1253 ab
855 1193 991 1254 hostibus
1016 1195 1088 1253 itas

92 1277 204 1336 aeriter
220 1282 280 1344 est,
303 1282 337 1335 ut
351 1280 373 1335 ‘a
385 1276 456 1335 viris
470 1273 598 1336 lortibus
612 1277 642 1334 in
659 1283 790 1336 extrema
813 1294 866 1355 spe
881 1276 984 1337 salutis
998 1277 1054 1336 ini-

92 1375 154 1436 quo
169 1357 237 1419 loco
250 1366 354 1419 contra
368 1376 429 1428 eos
442 1361 493 1435 qui
503 1376 539 1418 ex
549 1357 625 1418 vallo
637 1358 829 1437 turribusque
841 1359 899 1420 tela
912 1361 1054 1428 iacerent,

91 1442 222 1521 pugnari
236 1440 347 1512 debuit
361 1459 429 1502 cum
440 1443 471 1502 in
483 1460 543 1502 una
553 1443 663 1503 virtute
677 1445 774 1503 omnis
784 1461 853 1523 spes
866 1442 969 1504 salutis
984 1461 1055 1503 con·

92 1528 223 1588 sisteret
261 1525 374 1587 Occisis
393 1524 431 1586 ad
451 1523 604 1585 hominum
629 1524 748 1586 milibus
774 1534 928 1602 quattuor,
949 1526 1087 1603 reliquie

91 1612 125 1670 in
139 1608 283 1689 oppidum
297 1610 401 1670 reiecti
415 1616 495 1669 sunt.
524 1608 670 1669 Postridie
686 1611 749 1669 eius
764 1609 822 1668 diei
836 1611 972 1670 refractis
986 1628 1056 1688 por·
1071 1616 1088 1666 6

92 1695 141 1762 tis,
158 1710 227 1753 cnm
241 1693 301 1752 iam
315 1691 489 1752 detenderet
502 1709 600 1761 nemo,
617 1699 705 1769 atque
720 1693 897 1753 intromissis
912 1692 1055 1753 militibus

92 1777 205 1837 nostris
220 1777 382 1836 sectionem
398 1777 462 1836 eius
482 1774 584 1854 oppidi
602 1777 772 1835 universam
787 1776 894 1837 Caesar
914 1777 1052 1837 vendidit.

91 1859 137 1922 nb
151 1861 199 1930 iis,
216 1860 269 1936 qui
284 1866 430 1928 emerant,
447 1860 576 1937 capitum
590 1875 734 1919 numerus
749 1858 785 1918 ad
801 1877 870 1918 eum
884 1857 995 1920 relatus
1012 1865 1086 1920 estt

92 1942 211 2004 milium
226 1944 438 2021 quinquaginta
452 1943 551 2003 trium.

155 2025 302 2087 XXXllll.
336 2026 449 2087 Eodem
474 2033 609 2105 tempore
634 2044 650 2086 a
677 2025 782 2086 Publio
811 2025 934 2094 Crasso,
965 2041 1055 2102 quem

91 2129 163 2172 cum
177 2107 296 2188 legione
315 2127 375 2171 una
389 2110 512 2170 miserat
531 2108 568 2169 ad
582 2109 725 2178 Venetos,
742 2108 894 2180 Venellos,
911 2108 1053 2178 Osismos,

92 2192 297 2262 Curiosolitas,
309 2191 445 2262 Esubivs,
461 2191 612 2261 Aulercos,
624 2192 771 2262 Redones,
789 2209 864 2269 quae
880 2200 951 2254 sunt
964 2194 1053 2253 mari·

91 2285 195 2337 tumae
210 2277 341 2337 civitates
355 2275 566 2353 Oceanumque
580 2271 742 2354 attingunt,
764 2278 874 2337 certior
888 2277 984 2337 lactus
1000 2282 1053 2345 est,

91 2378 200 2422 omnes
215 2377 265 2420 eas
280 2361 410 2421 civitates
424 2361 456 2418 in
470 2359 618 2420 dicionem
628 2367 865 2437 potestatemque
880 2358 983 2440 populi
994 2358 1053 2420 Ro·

91 2445 175 2506 mani
190 2461 256 2504 esse
270 2444 414 2505 redactas.

156 2526 272 2588 XXXV.
305 2526 357 2589 His
382 2524 474 2588 rebus
497 2527 588 2604 gestis
614 2527 695 2586 omni
714 2525 807 2588 Callia
831 2533 949 2606 pacata,
975 2531 1084 2585 tantal

92 2610 185 2672 huius
199 2609 271 2671 belli
285 2610 320 2671 ad
335 2609 479 2671 barbaros
492 2611 594 2689 opinio
607 2609 720 2689 perlata
733 2617 787 2681 est,
799 2613 843 2670 uti
858 2608 894 2670 ab
908 2611 945 2670 iis
960 2611 1055 2669 natio·

92 2693 197 2764 nibus,
221 2709 296 2770 quae
310 2701 393 2756 trans
406 2693 544 2755 Rhenum
562 2691 741 2763 incolerent,
762 2695 951 2754 mitterentur
965 2692 1054 2770 legati

92 2777 130 2840 ad
145 2777 318 2848 Caesarem,
341 2779 392 2855 qui
412 2795 445 2837 se
467 2776 584 2838 obsides
604 2777 739 2846 daturas,
759 2779 904 2856 imperata
925 2777 1054 2837 iacturas

92 2860 317 2942 pollicerentur.
363 2860 442 2931 Quas
461 2859 623 2938 legationes
644 2860 760 2930 Caesar,
787 2858 866 2936 quod
891 2860 922 2918 in
942 2858 1056 2920 ltaliam
1070 2869 1109 2945 2·

93 2944 306 3025 Illyricumque
320 2944 513 3024 properabat,
533 2944 607 3005 inita
625 2945 759 3023 proxima
774 2948 886 3003 aestate
906 2942 942 3003 ad
958 2961 990 3004 se
1004 2962 1052 3004 re·

93 3031 169 3090 verti
184 3029 279 3090 iussit.
316 3028 399 3107 lpse,
414 3029 445 3087 in
461 3027 619 3097 Carnutes,
635 3025 732 3088 Andes
747 3027 958 3103 Turonesque,
979 3034 1086 3104 quaet
1160 3025 1161 3028 ’

93 3113 228 3174 civitates
242 3113 426 3192 propinquae
440 3111 486 3172 his
506 3110 579 3172 locis
594 3116 693 3180 erant,
713 3111 767 3173 ubi
786 3110 897 3174 bellum
912 3119 1045 3190 gesserat

93 3193 264 3275 legionibus
283 3196 315 3257 in
333 3193 524 3257 hibernacula
546 3194 696 3264 deductis,
718 3197 749 3256 in
769 3194 882 3257 ltaliam
901 3197 1055 3274 profectus

94 3287 148 3341 est
190 3279 236 3341 Ob
251 3295 360 3357 easque
373 3298 423 3342 res
438 3298 475 3341 ex
489 3278 595 3342 litteris
609 3278 743 3340 Caesaris
762 3278 872 3341 indies
888 3279 1056 3355 quindecim
1070 3285 1087 3336 4

94 3363 272 3444 supplicatio
287 3363 406 3426 decreta
422 3369 480 3430 est.
498 3361 577 3439 quod
591 3368 659 3423 ante
673 3363 704 3424 id
718 3374 836 3443 tempus
851 3363 956 3423 accidit
970 3361 1053 3423 nulli

479 3517 682 3532 ..ηε-...η
