2356 3870
432 217 507 274 OAP.
522 217 594 272 XI—
601 217 662 276 XV.
968 212 1027 277 101

67 387 119 448 spe
143 367 296 437 nonnulli,
320 367 391 427 dum
413 369 480 428 sine
503 367 640 445 periculo
667 384 789 428 murum
816 366 978 428 ascendere
997 358 1031 429 et

68 452 178 532 oppido
201 454 293 529 potiri
316 468 403 529 posse
426 471 458 512 se
482 460 618 530 sperant,
641 458 763 530 postero
785 451 888 512 dicad
910 468 1030 512 murum

68 555 143 615 opus
171 537 272 596 lacere
300 544 480 614 coeperunt,
514 544 543 596 et
573 534 648 596 bene
676 553 783 613 magna
810 537 922 613 prioris
949 538 1030 596 muri

69 629 153 700 parte
181 620 296 681 deiecta
321 663 412 679 ......
456 619 521 691 Quo
548 619 627 679 lacto
655 619 692 679 ab
727 618 900 698 oppidanis,
934 638 969 680 ac
1002 621 1066 680 sit

69 722 190 765 suarum
212 706 342 781 partium
359 712 474 772 essent,
498 706 665 765 conservati
681 747 789 763 .......
806 705 913 764 missos
928 706 1029 766 lacere

69 790 228 856 loricatos,
253 790 305 866 qui
327 787 471 865 praesidii
493 806 580 849 causa
602 789 766 866 praepositi
786 787 896 867 oppido
911 805 927 846 a
942 788 1029 848 Pom·

70 876 138 952 peio
167 880 282 941 essent,
317 872 453 932 orabant.
504 871 620 942 Quibus
652 871 809 950 respondit
841 871 964 939 Caesar,
999 891 1030 933 se

70 954 266 1017 condiciones
288 955 373 1023 dare,
402 973 463 1016 non
485 959 623 1034 accipere
647 958 848 1017 consuevisse.
893 953 938 1015 lbi
962 963 1068 1016 cumo

70 1045 102 1101 in
125 1040 269 1118 oppidum
290 1042 497 1107 revertissent,
522 1040 617 1099 relato
640 1058 786 1118 responso
808 1040 938 1100 clamore
961 1038 1030 1098 sub-

71 1124 131 1185 lato
161 1126 243 1183 onrni
270 1141 380 1200 genere
409 1124 540 1185 telorum
561 1126 671 1185 emisso
698 1141 831 1203 pugnare
862 1141 917 1202 pro
945 1142 1031 1184 muro

72 1218 135 1269 toto
158 1215 337 1287 coeperunt;
367 1208 593 1287 propterquod
618 1210 682 1268 lere
708 1226 815 1286 magna
845 1225 914 1286 pars
936 1208 1032 1267 bomi-

71 1311 158 1361 num,
192 1293 243 1371 qui
275 1293 308 1352 in
335 1295 443 1353 castris
470 1294 583 1353 nostris
609 1301 725 1362 essent,
758 1311 819 1352 non
847 1291 1031 1361 dubitarunt,

71 1379 144 1455 quin
167 1378 356 1453 eruptionem
371 1395 406 1436 eo
422 1376 470 1436 die
494 1384 594 1437 essent
614 1378 735 1436 facturi.
779 1377 823 1436 lta
845 1394 955 1436 corona
971 1377 1031 1436 cir·
1053 1382 1069 1432 ‘l

73 1460 209 1520 cumdata
232 1468 396 1537 pugnatum
420 1468 466 1520 est
487 1460 670 1539 aliquamdiu
691 1461 969 1529 vehementissime,
992 1463 1032 1520 si·
1078 1460 1104 1529 J

72 1545 194 1622 mulque
222 1544 340 1604 ballista
374 1545 465 1605 missa
493 1563 510 1605 a
537 1547 650 1605 nostris
675 1555 792 1606 turrem
820 1543 946 1612 deiecit,
976 1561 1034 1624 qua

73 1629 322 1696 adversariorum,
347 1631 398 1706 qui
421 1630 453 1687 in
468 1646 502 1688 ea
518 1637 601 1688 turre
613 1630 745 1696 fuerant,
769 1630 902 1708 quinque
924 1629 1035 1689 deiecti

74 1721 143 1773 sunt
164 1720 195 1772 et
216 1730 309 1792 puer,
333 1715 384 1791 qui
407 1710 556 1772 ballistam
579 1712 685 1772 solitus
707 1721 772 1772 erat
792 1710 962 1772 observare.

115 1795 206 1856 llllll.
250 1796 324 1856 Eius
347 1798 408 1856 diet
429 1798 591 1874 praeterito
611 1805 746 1875 tempore
768 1796 929 1874 Pompeius
951 1804 1033 1856 trans
1056 1803 1070 1850 1

74 1880 185 1940 tlnmen
219 1879 336 1940 Salsum
370 1880 523 1940 castellum
557 1882 713 1941 constituit
745 1898 843 1958 neque
874 1898 891 1939 a
922 1882 1035 1941 nostris

74 1962 245 2041 prohibitus
272 1964 406 2043 salsaque
433 1957 491 2025 ¹illa
519 1966 661 2044 opinione
688 1964 834 2041 gloriatus
861 1973 922 2033 est,
956 1962 1036 2042 quod

74 2065 167 2126 prope
195 2050 227 2107 in
255 2051 367 2108 nostris
395 2047 533 2127 partibus
560 2049 661 2109 locum
688 2051 845 2108 tenuisset.
889 2047 964 2108 Item
988 2050 1072 2108 ἱππ-2

75 2133 213 2210 sequenti
236 2132 284 2192 die
307 2132 409 2193 eadem
425 2132 641 2194 consuetudine
658 2132 728 2194 dum
744 2133 864 2210 longius
879 2134 1035 2211 prosequi·

76 2225 139 2284 tur,
163 2233 222 2294 quo
245 2216 311 2277 loeo
334 2219 451 2296 equites
473 2219 570 2278 nostri
592 2219 752 2278 stationem
774 2216 958 2284 habuerant,
981 2217 1035 2275 ali·

75 2309 146 2377 quot
168 2308 284 2361 turmae
301 2319 369 2361 cum
392 2301 449 2361 levi
465 2311 629 2371 armatura,
652 2305 768 2379 impetu
783 2303 863 2362 lacto
886 2300 953 2360 loco
968 2307 1037 2361 sunt

75 2383 186 2444 deiecti
209 2392 238 2445 et
259 2393 384 2464 propter
406 2387 587 2462 paucitatem
601 2394 775 2446 nostrorum
790 2386 925 2462 equitum
946 2383 1036 2444 simul

75 2486 142 2527 cum
166 2468 224 2527 levi
247 2476 396 2528 armatura
420 2471 499 2528 inter
515 2477 628 2529 turmas
643 2468 884 2529 adversariorum
904 2469 1036 2545 protriti.

75 2551 137 2611 Hoc
161 2553 192 2611 iu
215 2560 379 2630 conspectu
402 2559 598 2630 utrorumque
616 2560 782 2612 castrorum
805 2549 982 2628 gerebatur,
1006 2558 1036 2611 et
1056 2558 1074 2606 3

75 2637 188 2694 maiore
201 2635 385 2714 ⁴Pompeiani
407 2635 582 2697 exultabant
602 2637 713 2714 gloria,
741 2636 860 2712 longius
883 2635 962 2714 quod
984 2653 1037 2695 no-

77 2719 148 2776 stris
171 2719 349 2780 cedentibus
370 2724 513 2800 prosequi
535 2724 714 2798 coepissent.
759 2719 817 2790 Qui
845 2737 915 2778 oum
937 2718 1076 2798 aliquot

76 2802 143 2859 loco
180 2820 196 2861 a
232 2806 345 2862 nostris
382 2807 501 2882 excepti
534 2812 633 2864 essent
672 2811 703 2863 et
741 2805 961 2872 constitissent,
1002 2819 1039 2862 ex

76 2883 168 2944 simili
203 2887 314 2945 virtute
347 2886 478 2947 clamore
510 2888 589 2949 sacto
623 2888 750 2947 aversati
786 2893 856 2946 suut
891 2884 1039 2964 proelium

76 2971 186 3029 lacere.

138 3052 197 3113 XV.
243 3053 319 3114 Fere
342 3054 421 3132 apud
443 3056 594 3116 exereitus
614 3055 688 3116 baec
704 3061 750 3115 est
764 3055 913 3134 equestris
927 3053 1037 3133 proelii
1061 3061 1075 3109 1

76 3137 272 3198 consuetudo:
297 3157 365 3198 curn
389 3156 480 3218 eques
501 3139 539 3199 ad
561 3139 763 3201 dimicandum
788 3136 924 3217 [dimisso
946 3135 1038 3218 equo]

76 3238 144 3281 oum
172 3223 272 3300 pedite
297 3223 504 3300 congreditur,
534 3241 721 3303 nequaquam
749 3240 804 3302 par
832 3222 974 3295 babetur;
1008 3222 1039 3282 id

76 3306 153 3382 (quod
176 3309 207 3365 in
230 3306 287 3366 hoc
309 3306 420 3367 accidit
442 3308 568 3386 proelio.
613 3309 685 3369 Crun
713 3307 830 3387 pedites
856 3307 916 3368 levi
942 3325 1037 3367 arma·
1060 3313 1076 3362 2

77 3397 143 3448 tura
173 3390 243 3450 lecti
267 3391 303 3451 ad
326 3408 456 3470 pugnam
479 3392 633 3470 equitibus
655 3394 766 3452 nostris
788 3391 1040 3470 necopinantibus

76 3475 243 3543 venissent,
267 3475 357 3554 idque
380 3478 412 3536 in
434 3477 551 3556 proelio
573 3475 822 3537 animaduersum
842 3483 946 3541 esset,
971 3487 1058 3528 conx-
