2356 3870
159 225 198 288 12
477 226 516 285 llll
530 226 635 293 obito
650 227 788 286 critico

69 398 77 407 “
158 386 295 448 custodes
310 390 408 468 ponit,
425 398 471 459 ut,
488 407 564 467 quac
578 399 658 470 agat,
677 391 852 468 quibuscum
868 393 1020 471 loquatur,
1037 396 1114 454 sciro

156 472 258 550 possit.

50 545 58 572 ⁸
129 560 138 611 t
220 554 296 615 xxi.
320 555 431 616 Eodem
446 555 493 618 dle
508 557 545 619 ab
561 558 798 638 exploratoribus
814 561 924 621 certior
938 560 1043 629 lactus,
1060 557 1114 618 ho·

157 645 217 698 stes
233 638 404 701 submonte
419 641 588 703 consedisse
603 641 682 702 milia
696 661 838 723 passuum
850 642 887 704 ab
901 645 995 722 ipsius
1010 645 1115 703 castris

160 729 241 790 octo,
270 722 364 799 qualis
391 732 470 784 esset
496 733 601 786 natura
625 729 733 787 montis
761 735 791 787 et
818 726 912 803 qualis
937 727 1116 786 incircuitu

125 815 306 875 rascensus,
324 808 375 883 qui
390 811 715 884 cognoscerentmisit
747 810 958 871 Renuntiatum
975 815 1028 879 est,
1044 809 1115 868 laci-

157 888 216 949 lem
244 907 318 949 esse.
343 889 384 950 lle
399 892 486 951 tertia
501 892 597 968 vigilia
613 891 711 951 Titum
726 891 897 960 Labienum,
915 891 1044 969 legatum
1059 907 1116 970 pro

157 980 311 1051 praetore,
333 990 401 1032 cum
421 970 535 1033 duabus
549 971 715 1050 legionibus
731 981 760 1034 et
774 975 810 1033 iis
831 973 971 1042 ducibus,
993 975 1044 1051 qui
1058 975 1116 1034 iter

158 1061 371 1133 cognoverant,
399 1073 548 1115 summum
573 1059 675 1133 iugum
700 1058 808 1118 montis
835 1056 996 1118 ascendere
1015 1055 1115 1124 iubet;

126 1137 228 1215 equid
249 1139 296 1198 sul
315 1137 431 1198 consilii
444 1139 498 1205 sit,
520 1138 657 1199 ostendit
681 1138 761 1219 'lpse
781 1139 818 1199 de
834 1147 938 1215 quarte
952 1139 1049 1217 vigilia
1064 1156 1114 1198 eo·

157 1221 225 1281 dem
239 1222 361 1289 itinere,
384 1238 443 1298 qrro
458 1220 560 1281 hostes
574 1223 684 1290 ierant,
706 1222 742 1282 ad
764 1239 815 1282 eos
836 1222 987 1283 contendit
1002 1223 1114 1298 equita·

126 1312 144 1361 4
157 1312 280 1380 tumque
295 1321 413 1364 omnem
428 1310 496 1364 anto
511 1321 544 1364 se
558 1305 656 1374 mittit.
693 1305 725 1365 P.
743 1302 913 1374 Considius,
935 1305 988 1382 qui
1001 1306 1046 1366 rei
1060 1306 1115 1364 mi·

157 1387 252 1448 litaris
265 1388 463 1464 peritissimus
483 1384 648 1447 habebatur
670 1394 700 1447 et
718 1389 749 1448 in
770 1388 902 1448 exercitu
917 1387 949 1448 L.
967 1386 1066 1449 Sullae
1087 1392 1117 1447 et

158 1477 260 1550 postea
274 1471 305 1529 in
320 1469 357 1529 ll.
375 1470 473 1530 Crassi
492 1469 605 1537 fuerat,
629 1488 696 1529 cum
717 1469 953 1549 exploratoribus
974 1470 1115 1549 praemit·

158 1555 239 1614 titur.

21 1624 24 1629 ’
127 1643 140 1695 1
220 1634 424 1696 xxxturma
438 1634 514 1702 luce,
530 1651 599 1694 cum
609 1652 743 1696 summus
758 1655 843 1698 mons
859 1655 875 1696 a
888 1636 1017 1698 Labieno
1033 1645 1116 1697 tene·

159 1727 258 1786 retur,
280 1720 345 1797 ipse
360 1716 396 1778 ab
412 1717 542 1777 hostium
558 1719 662 1777 castris
682 1735 742 1778 non
756 1717 874 1796 longius
889 1719 969 1779 mille
985 1727 1014 1778 et
1031 1720 1117 1794 quin·

158 1803 256 1882 gentis
270 1800 406 1880 passibus
421 1799 547 1869 abesset,
562 1816 670 1876 neque,
687 1808 719 1860 ut
733 1807 836 1878 postea
851 1820 888 1862 ex
903 1803 1023 1879 captivis
1035 1819 1116 1861 oom-
1166 1817 1176 1840 ³

159 1887 245 1966 perit,
262 1891 313 1945 aut
326 1886 420 1963 ipsius
435 1882 578 1944 adventus
592 1891 642 1944 aut
653 1882 775 1945 Labieni
789 1886 923 1962 cognitus
939 1890 1026 1951 esset,
1041 1884 1117 1945 Con·

127 1979 144 2027 a
158 1969 252 2031 sidius
267 1984 343 2045 equo
358 1966 487 2028 admisso
502 1965 538 2026 ad
550 1983 620 2026 eum
632 1969 768 2037 accurrit,
781 1967 860 2037 dicit,
873 1975 1015 2037 montem,
1028 1984 1118 2044 quem

160 2050 321 2114 aLabieno
337 2051 477 2128 occupari
498 2048 639 2117 voluerit,
660 2049 697 2111 ab
718 2049 853 2112 hostibus
875 2053 985 2112 teneri:
1008 2050 1039 2112 id
1053 2067 1118 2111 sea

130 2135 279 2196 bllallicis
298 2135 388 2194 armis
409 2140 497 2210 atque
517 2130 682 2210 insignibus
702 2136 883 2212 cognouisse.
922 2134 1029 2195 Caesar
1049 2151 1119 2195 suas

101 2270 112 2276 -
160 2220 259 2298 copias
274 2218 305 2277 ln
320 2218 489 2295 proximum
504 2214 610 2276 collem
625 2215 772 2288 subducit,
789 2220 880 2279 aciem
895 2219 1024 2285 instruit.
1062 2216 1117 2277 La·

161 2301 281 2369 bieuus,
304 2307 337 2360 ut
358 2306 421 2360 erat
441 2300 469 2360 ei
488 2305 680 2379 praeceptum
706 2318 722 2361 e
743 2301 884 2370 Caesare,
914 2318 951 2361 ne
971 2299 1118 2379 proellum

161 2385 368 2452 committeret,
385 2385 441 2444 nisi
456 2384 549 2462 ipsius
560 2385 662 2461 copiae
675 2402 770 2463 prope
785 2383 914 2445 hostium
929 2392 1025 2445 castra
1039 2384 1119 2444 visae

162 2475 275 2537 essent,
295 2474 332 2527 ut
345 2466 477 2543 undique
491 2484 552 2526 uno
569 2473 703 2546 tempore
717 2469 750 2529 in
764 2465 866 2529 hostes
879 2469 1008 2545 impetus
1023 2467 1118 2536 fleret,

160 2557 262 2612 monte
277 2557 421 2628 occupato
436 2557 554 2610 nostros
568 2550 743 2628 expectabat
753 2550 928 2630 proelioque
942 2549 1117 2612 abstinebat.

131 2634 253 2696 4Multo
274 2633 403 2710 denique
424 2633 471 2694 die
491 2650 546 2711 per
567 2633 771 2713 exploratores
787 2633 894 2696 Caesar
915 2636 1067 2712 cognorit,
1090 2640 1120 2694 et

161 2724 292 2778 montem
313 2735 330 2777 a
344 2719 406 2778 suis
422 2719 519 2777 teneri·
533 2723 563 2776 et
576 2717 726 2779 Helvetios
746 2725 842 2779 castra
856 2718 983 2778 movisse
999 2724 1029 2778 et
1043 2717 1119 2778 Con·

162 2801 269 2862 sidium
290 2801 396 2860 timore
416 2801 624 2878 perterritum,
646 2800 725 2877 quod
746 2819 805 2863 non
824 2801 959 2871 vidisset,
980 2819 1035 2880 pro
1057 2801 1120 2860 viso

129 2890 145 2941 b
161 2884 217 2946 sibi
230 2885 427 2945 renuntiasse.
461 2882 503 2943 Eo
519 2882 575 2953 die,
593 2901 652 2960 quo
668 2892 826 2946 consuerat
839 2883 1004 2954 intervallo,
1019 2882 1121 2944 hostes

162 2969 297 3045 sequitur
325 2975 354 3028 et
374 2966 454 3027 milia
474 2984 614 3045 passuum
635 2968 691 3028 tria
717 2967 753 3028 ab
775 2986 878 3029 eorum
899 2969 1003 3029 castris
1024 2974 1120 3028 castra

162 3053 255 3130 ponit.
354 3099 357 3102 .

134 3139 147 3190 1
227 3134 328 3195 lllllll.
353 3134 498 3196 Postridie
514 3136 577 3195 eius
596 3135 669 3204 diei,
693 3135 771 3212 qnod
793 3135 912 3195 omnine
933 3133 1055 3195 biduum
1071 3150 1121 3193 su·

164 3225 298 3298 perorat,
326 3236 393 3278 cum
415 3220 557 3279 exercitui
578 3219 761 3280 trumentum
782 3219 880 3279 metiri
901 3223 1069 3296 oporteret,
1092 3222 1123 3278 et

164 3301 243 3379 quod
258 3320 275 3362 a
289 3300 440 3372 bibracte,
462 3303 570 3381 oppido
585 3302 755 3364 Aeduorum
775 3301 862 3380 longe
882 3303 1011 3362 maximo
1026 3307 1056 3362 et
1071 3318 1121 3361 co·

164 3387 340 3464 piosissimo,
355 3403 415 3446 non
430 3385 556 3465 amplius
570 3386 688 3448 milibus
702 3404 843 3465 passuum
855 3405 936 3448 xvrn
949 3384 1060 3453 aberat,
1076 3384 1122 3443 rel

161 3470 374 3531 frumentariae
388 3469 631 3549 prospiciendum
646 3471 834 3532 existimavit:
857 3471 915 3530 iter
930 3468 966 3529 ab
981 3466 1122 3529 lleleetiis
