2356 3870
426 205 502 264 GAP.
516 205 728 268 XVIII-XXI.
1014 205 1057 273 53

94 361 164 433 post
185 353 266 414 diem
288 367 346 425 vt,
369 374 457 434 quam
469 357 600 418 Africam
624 358 738 418 Caesar
760 359 868 436 attigit,
892 360 925 419 in
943 363 1057 439 campis

94 438 278 517 planissimis
299 442 527 520 purissimisque
550 441 588 502 ab
609 442 683 503 bora
705 442 767 502 diei
789 444 893 520 quinta
908 461 1004 521 usque
1020 445 1057 505 ad

94 522 169 583 solis
191 540 331 583 occasum
353 530 398 584 est
419 524 614 587 decertatum.
666 525 701 586 ln
723 544 759 587 eo
780 527 897 606 proelio
919 527 1057 588 Petreius

94 607 227 685 graviter
249 608 328 668 ictus
351 627 387 668 er
409 610 474 669 acie
496 611 632 671 recessit.
1031 615 1034 625 “

158 690 220 750 llll.
253 691 360 752 Caesar
375 694 498 754 interim
514 700 611 754 castra
626 697 745 755 munire
760 695 944 774 diligentius,
968 715 1055 775 prae·
1077 707 1092 756 1

95 774 173 834 sidia
200 776 318 836 firmare
347 778 444 855 copiis
473 778 638 839 maioribus
672 778 841 859 vallumque
875 779 913 840 ab
947 780 1056 859 oppido

94 859 228 937 Ruspina
252 877 346 939 usque
376 861 413 920 ad
440 879 523 922 mare
552 862 662 924 ducere
691 869 721 924 et
749 881 766 922 a
795 865 902 923 castris
930 863 1059 927 alterum

94 942 210 1012 eodem,
234 962 292 1022 quo
315 946 409 1005 tutius
430 945 510 1007 ultro
534 948 674 1025 citroque
697 965 865 1008 commeare
888 947 1058 1026 auxiliaque

94 1028 160 1087 sine
182 1028 318 1106 periculo
335 1028 395 1089 sibi
409 1047 589 1092 succurrere
610 1037 743 1110 possent,
766 1031 826 1091 tela
848 1039 1057 1109 tormentaque

93 1129 132 1171 ex
154 1111 281 1172 navibus
304 1114 336 1171 in
360 1121 457 1174 castra
480 1121 685 1193 comportare,
709 1117 859 1192 remigum
881 1120 998 1193 partem
1021 1133 1058 1175 er

93 1195 205 1265 classe,
240 1195 407 1267 Gallorum,
442 1197 644 1269 Rhodiorum,
669 1197 917 1277 epibatarumqne
941 1216 1057 1260 armare

93 1285 126 1340 et
153 1280 185 1339 in
212 1286 310 1340 castra
338 1298 478 1352 evocare,
512 1285 572 1352 uti,
595 1285 622 1343 si
649 1289 766 1361 posset,
796 1281 900 1343 eadem
929 1284 1056 1351 ratione,

93 1380 152 1441 qua
175 1362 354 1434 adversarii,
383 1365 458 1425 levis
485 1373 635 1427 armatura
658 1368 815 1427 interiecta
837 1368 918 1426 inter
940 1369 1058 1444 equites

94 1464 165 1506 suos
186 1449 442 1526 interponeretur,
465 1451 688 1529 sagittariisque
711 1469 748 1509 er
770 1450 910 1511 omnibus
930 1449 1059 1511 naribus

93 1530 210 1608 ltyreis,
233 1530 318 1609 Syris
340 1537 371 1591 et
392 1535 539 1612 cuiusque
561 1535 683 1611 generis
703 1534 801 1594 ductis
816 1536 848 1594 in
864 1540 960 1593 castra
976 1553 1057 1595 com·

93 1613 234 1693 pluribus
262 1615 472 1694 frequentabat
499 1634 568 1676 suas
595 1618 697 1695 copias
723 1650 767 1665 —·
798 1615 939 1680 audiebat
967 1620 1093 1688 enims

94 1698 267 1777 Scipionem
289 1705 358 1778 post
380 1699 461 1760 diem
482 1702 608 1760 tertium
631 1701 698 1760 eius
719 1700 796 1770 dlei,
826 1719 885 1779 quo
908 1700 1058 1779 proelium

93 1783 208 1843 lactum
231 1793 310 1853 erat,
335 1783 592 1864 adpropinquare,
616 1786 718 1862 copias
741 1802 809 1845 suas
832 1801 902 1844 cum
923 1783 1058 1845 Labieno

94 1874 124 1927 et
146 1866 267 1926 Petreio
289 1869 492 1945 coniungere3
515 1870 603 1929 cuius
625 1871 729 1946 copiae
752 1868 906 1945 legionum
935 1880 1001 1927 v111
1028 1876 1059 1929 et

94 1953 229 2029 equitum
262 1962 304 2009 111
343 1951 462 2012 milium
495 1969 560 2013 esse
596 1950 812 2013 nuntiabantur
839 1984 891 2020 -,
922 1952 1094 2013 cilicinase

93 2035 238 2096 ferrarias
267 2036 433 2106 instruere,
468 2038 591 2114 sagittas
619 2035 737 2114 telaque
766 2037 812 2096 uti
839 2036 947 2096 fierent
975 2055 1057 2096 com·

93 2118 182 2197 plura
205 2136 327 2188 curare,
351 2119 474 2198 glandes
495 2119 633 2192 tundere,
657 2120 747 2180 sudes
769 2136 954 2198 comparare,
976 2119 1058 2181 litte·

93 2221 145 2263 ras
166 2204 199 2262 in
214 2201 349 2264 Siciliam
369 2206 552 2284 nuntiosque
573 2207 709 2275 mittere,
732 2212 766 2264 ut
788 2203 848 2265 sibi
869 2210 968 2264 crates
995 2223 1057 2266 ma·

92 2288 261 2366 teriemque
284 2294 483 2367 congererent
497 2289 534 2349 ad
549 2291 668 2358 arictes,
692 2290 779 2350 cuius
794 2289 896 2366 inopia
910 2289 942 2348 in
957 2288 1058 2349 lllrica

94 2377 188 2441 esset,
211 2379 368 2450 praeterea
390 2373 522 2442 ferrum,
550 2371 708 2452 plumbum
729 2374 911 2433 mitteretur.
960 2371 1057 2432 Etiam
1077 2383 1097 2435 4

94 2455 365 2526 animadvertebat,
395 2458 549 2517 lrumento
577 2473 609 2517 se
637 2458 670 2516 in
691 2456 793 2517 lllrlea
819 2457 879 2515 nisi
907 2457 1058 2533 inportato

94 2541 140 2599 uti
162 2558 224 2600 non
245 2557 351 2619 posse:
380 2543 485 2620 priore
515 2541 597 2601 enim
626 2558 703 2601 anno
725 2545 850 2618 propter
872 2537 1058 2600 adversario·

93 2641 163 2683 rum
184 2623 327 2695 delectus,
351 2624 431 2704 quod
453 2624 645 2705 stipendiarii
667 2631 801 2686 aratores
822 2622 935 2684 milites
958 2632 1059 2686 essent

93 2708 183 2776 lacti,
217 2726 344 2769 messem
377 2728 438 2770 non
471 2727 536 2770 esse
564 2710 687 2778 lactam3
721 2715 879 2787 praeterea
910 2724 947 2767 ex
975 2709 1060 2768 omni

94 2791 198 2850 Africa
220 2792 406 2852 frumentum
430 2792 617 2853 adversarios
639 2795 672 2852 in
693 2810 788 2870 pauca
810 2789 919 2869 oppida
934 2794 965 2849 et
978 2789 1057 2849 bene

93 2873 210 2935 munita
240 2882 442 2952 comportasse
471 2893 650 2954 omnemque
672 2877 828 2952 regionem
849 2872 971 2934 Africae
994 2875 1057 2932 exi·

95 2958 217 3018 nanisse
239 2959 407 3028 frumento,
432 2958 540 3038 oppida
562 2965 682 3038 praeter
704 2976 738 3018 ea
760 2975 869 3036 panca,
899 2973 974 3035 quae
998 2958 1058 3035 ipsi

96 3044 160 3102 suis
175 3041 337 3121 praesidiis
352 3044 433 3103 tueri
447 3049 596 3121 poterant,
620 3041 736 3120 reliqua
751 3041 832 3101 dirui
847 3046 936 3118 atque
951 3039 1055 3111 deleri,

96 3134 253 3187 eteorum
275 3126 389 3187 incolas
411 3129 491 3188 intra
513 3145 567 3187 sua
588 3125 739 3205 praesidia
766 3127 900 3202 coegisse
931 3127 1055 3186 commi-

95 3226 194 3287 grare,
219 3228 307 3289 agros
329 3211 464 3273 desertos
487 3229 521 3272 ac
543 3216 672 3271 vastatos
694 3228 769 3270 esse.

158 3293 234 3355 XXI.
277 3295 339 3356 llac
361 3298 539 3358 necessitate
563 3294 670 3356 Caesar
692 3300 814 3355 coactus
835 3295 974 3371 privatos
995 3312 1056 3354 am·

96 3375 208 3440 biendo
224 3387 254 3439 et
269 3378 378 3442 blande
402 3379 580 3461 appellando
604 3378 790 3456 aliquantum
811 3395 971 3441 numerum
992 3378 1053 3438 lru·

94 3464 190 3523 menti
212 3465 244 3526 in
267 3482 320 3525 sua
341 3465 492 3544 praesidia
515 3470 710 3546 congesserat
730 3468 762 3527 et
783 3481 821 3526 eo
840 3479 941 3544 parce
956 3459 1069 3519 ucena-
