2356 3870
132 252 175 318 46
457 255 505 311 DE
526 255 640 312 BELLO
663 255 773 312 CIVILI
802 305 804 309 ,

135 442 171 485 ex
186 423 272 485 Bruti
294 422 386 484 classe
406 440 496 484 naves
518 430 619 492 erant,
649 424 681 483 in
701 441 750 484 eas
772 422 928 502 impeditas
946 424 1090 503 impetum

134 510 248 569 faciunt
262 508 459 587 celeriterque
476 506 577 568 ambas
592 507 772 586 deprimunt.

111 600 125 650 ι
200 591 261 651 Vll.
297 591 356 652 Sed
376 590 551 653 Nasidianae
572 609 662 652 naves
680 591 761 651 nullo
785 592 853 653 usui
873 593 995 652 luerunt
1014 591 1092 652 cele·

135 678 268 756 alterque
283 693 382 755 pugna
396 683 603 737 excesserunt:
619 693 678 735 non
693 678 773 736 enirn
788 674 841 736 has
852 677 1094 752 autconspectus

136 762 250 840 patriae
266 765 316 820 aut
334 760 571 839 propinquorum
589 767 747 839 praecepta
769 759 811 820 ad'
827 766 993 838 extremum
1013 762 1092 820 vitae

109 844 303 924 apericulum
318 843 400 914 adire
416 843 571 921 cogebant.
599 843 701 922 ltaque
718 861 754 903 ex
775 861 809 903 eo
829 861 954 905 numero
973 845 1093 918 navium

135 927 215 990 nulla
231 928 398 989 desiderata
418 935 478 998 est;
502 945 538 988 ex
553 927 781 988 Massiliensium
801 927 894 988 classe
908 940 932 987 v
953 935 1024 988 sunt
1040 928 1092 989 de·

134 1031 270 1092 pressae,
292 1024 347 1072 1111
362 1019 481 1089 captae,
502 1029 644 1072 unacum
665 1009 834 1072 Nasidianis
847 1013 994 1090 profugit3
1014 1030 1091 1091 quae

108 1105 239 1158 somnes
258 1097 427 1156 citeriorem
445 1095 618 1174 Hispaniam
641 1097 819 1174 petiverunt.
857 1096 894 1156 m
915 1113 951 1156 cx
965 1094 1094 1174 reliquis

136 1199 194 1242 una
215 1181 378 1260 praemissa
397 1179 556 1239 Massiliam
576 1179 666 1239 huius
687 1181 784 1240 nuntii
804 1180 976 1258 perferendi
996 1183 1093 1257 gratia

136 1282 204 1324 cum
229 1267 288 1324 iam
314 1262 568 1342 adpropinquaret
597 1262 682 1332 urbi,
714 1266 810 1328 omnis
839 1282 904 1325 sese
933 1264 1093 1326 multitudo

136 1348 252 1417 effudit,
275 1354 304 1407 et
323 1365 357 1407 re
379 1348 495 1423 cognita
516 1354 616 1408 tantus
635 1347 732 1407 luctus
755 1349 885 1425 excepit,
907 1354 941 1408 ut
960 1348 1034 1409 urbs
1054 1349 1093 1409 ab

110 1431 272 1493 lhostibus
287 1437 372 1510 capta
388 1430 492 1490 eodem
505 1433 630 1509 vestigio
647 1430 808 1493 videretur.
834 1432 1033 1493 Massilienses
1047 1439 1093 1493 ta·

136 1534 205 1576 men
219 1515 314 1576 nihilo
330 1515 428 1575 secius
442 1514 479 1574 eal
500 1514 703 1576 defensionem
718 1515 802 1576 urbis
817 1515 932 1596 reliqua
948 1535 1093 1596 apparare

136 1607 307 1678 coeperunt.

109 1690 125 1744 1
199 1683 272 1745 Vlll.
302 1683 355 1745 Est
370 1683 606 1746 animadversum
621 1683 658 1744 ab
678 1684 866 1762 legionariis,
888 1685 938 1763 qui
959 1684 1093 1747 dextram

136 1774 252 1848 partem
272 1769 370 1847 operis
390 1767 650 1837 administrabant,
679 1786 715 1828 ex
736 1768 852 1829 crebris
873 1768 1003 1828 hostium
1024 1787 1093 1830 eru·

136 1852 287 1930 ptionibus
311 1869 417 1930 magno
438 1845 588 1932 sibi'lesse
611 1852 763 1931 praesidio
788 1869 890 1932 posse,
918 1854 944 1913 si
969 1852 1013 1914 ibi
1038 1872 1090 1933 pro

136 1935 256 1997 castello
277 1954 311 1997 ac
331 1936 519 2015 receptaculo
541 1937 648 1996 turrim
663 1954 699 1996 ex
718 1937 811 1997 latere
827 1934 889 1998 sub.
902 1954 988 2019 muro
1004 1938 1089 1998 lecis-

136 2028 212 2080 sent.
239 2018 331 2090 Quam
351 2021 447 2098 primo
463 2019 499 2080 ad
519 2021 692 2098 repentinos
712 2022 851 2081 incursus
865 2019 1007 2081 humilem
1023 2040 1087 2101 par·

109 2111 262 2182 aramque
276 2105 423 2164 iecerunt.
452 2102 517 2164 Huc
532 2121 564 2163 se
578 2103 766 2176 reserebant;
787 2105 867 2173 hinc,
884 2106 910 2164 si
924 2122 982 2184 qua
997 2109 1087 2166 maior

137 2194 327 2267 oppresserat
346 2189 403 2257 vis,
425 2186 666 2267 propugnabant:
692 2188 761 2248 hinc
782 2189 819 2249 ad
839 2189 1042 2267 repellendum
1063 2197 1094 2251 ct

136 2272 375 2351 prosequendum
396 2271 513 2332 hostem
527 2271 753 2350 procurrebant.
785 2271 910 2333 Patebat
929 2273 1003 2333 baec
1020 2292 1094 2354 quo-

137 2374 194 2434 que
208 2373 313 2416 versus
327 2356 418 2436 pedes
438 2368 522 2425 xxx,
544 2356 595 2417 sed
610 2358 758 2434 parietum
773 2356 937 2417 crassitudo
951 2358 1045 2436 pedes
1058 2371 1093 2420 v.

109 2439 243 2500 tPostea
256 2458 341 2509 vero,
362 2447 395 2500 ut
410 2447 455 2500 est
469 2457 571 2500 rerum
585 2442 718 2500 omniurn
733 2443 875 2518 magister
889 2458 975 2510 usus,
997 2441 1094 2503 bomi-

136 2542 208 2584 num
233 2523 366 2584 adbibita
391 2523 521 2584 sollertia
545 2526 698 2584 inventum
714 2531 774 2593 cst,
801 2541 907 2601 magno
933 2542 998 2585 csse
1024 2529 1094 2587 usui

136 2625 238 2686 posse,
260 2609 285 2668 si
304 2607 377 2668 haec
398 2615 475 2669 esset
496 2609 529 2666 in
549 2607 736 2669 altitudinem
752 2610 846 2669 turris
862 2607 947 2668 elata.
983 2607 1016 2669 ld
1038 2610 1092 2671 hae

136 2693 250 2751 ratione
265 2693 430 2770 perlectum
448 2698 503 2752 est.

111 2782 125 2834 1
199 2774 288 2836 vllll.
319 2775 375 2837 Ubi
395 2778 488 2836 turris
503 2775 626 2836 altitudo
646 2777 790 2855 perducta
805 2784 850 2836 est
870 2776 906 2836 ad
922 2776 1094 2839 contabula-

137 2863 258 2930 tionem,
267 2878 332 2920 eam
338 2863 369 2920 in
382 2861 728 2940 parietesinstruxerunt
738 2863 789 2928 ita,
797 2868 830 2920 ut
838 2863 935 2939 capita
942 2863 1093 2938 tignorum

137 2952 267 3005 extrema
288 2947 434 3022 parietum
453 2951 604 3005 structura
622 2952 810 3022 tegerentur,
828 2963 866 3004 ne
887 2945 960 3023 quid
980 2948 1094 3006 emine·

109 3035 192 3097 aret,
205 3026 258 3088 ubi
273 3029 351 3104 ignis
361 3028 491 3089 hostium
502 3028 738 3089 adhaeresceret.
754 3029 837 3088 Hanc
846 3025 907 3108 [in]
920 3047 1010 3107 super
1022 3048 1093 3090 con·

137 3111 339 3188 lignatiuncm,
360 3119 503 3191 quantum
518 3121 628 3173 tectum
642 3114 736 3192 plutei
754 3131 787 3172 ac
803 3116 956 3174 vinearum
970 3132 1092 3192 passum

137 3203 191 3263 ost,
207 3194 361 3255 latericulo
376 3196 585 3257 adstruxerunt
605 3215 752 3276 supraque
768 3214 836 3257 eum
858 3197 954 3257 locum
968 3210 996 3256 11
1011 3200 1093 3274 tigna

136 3287 305 3340 transversa
326 3281 494 3341 iniecerunt
508 3299 568 3341 non
589 3280 676 3358 longe
695 3280 732 3341 ab
754 3283 895 3341 extremis
914 3281 1092 3360 parietibus.

136 3363 245 3442 quibus
264 3364 480 3444 suspenderent
495 3382 559 3425 eam
575 3366 840 3441 contignationem,
862 3384 938 3444 quae
956 3367 1032 3425 turri
1048 3373 1094 3426 te·

130 3450 266 3523 gimento
281 3456 360 3510 esset
374 3450 482 3519 lutura,
499 3467 647 3529 supraque
663 3467 696 3509 ea
717 3451 799 3526 tigna
815 3449 927 3509 directo
943 3457 1094 3510 transver-

88 3534 171 3588 esas
191 3531 298 3594 trabes
321 3535 502 3598 iniecerunt
524 3552 636 3620 easque
657 3532 764 3596 axibus
786 3531 1002 3609 reliquerunt.
1035 3533 1104 3592 Mas
