2356 3870
199 176 340 240 COMM.I.
356 185 422 242 GAJ
438 175 942 238 uxxxv11.-00MM.11.CAP.11.
1008 173 1051 240 43

165 375 203 430 11.
238 377 397 428 Curionis
415 379 449 427 in
466 377 580 428 Africa
598 392 651 428 res
669 383 783 442 gestae
800 383 832 429 et
849 381 966 429 exitus.

157 494 185 544 G.
199 493 281 544 GurIo
294 492 415 544 Caesaris
432 494 538 558 legatus
555 494 589 544 ad
600 495 708 546 Uticam
722 496 789 546 bene
801 511 856 546 rem
868 497 939 561 gerit
954 500 1050 547 eontra

84 562 117 614 P.
135 561 243 612 Attium
260 562 369 623 Varum,
386 577 408 610 e.
421 561 695 624 XXIII-XXXVII„
717 563 763 612 sed
779 562 883 627 proelio
900 570 998 614 temere
1014 564 1049 613 ad

85 629 239 693 Bagradam
256 628 282 678 fl.
300 629 439 679 commisso
456 644 473 678 a
489 629 563 680 Vero
580 634 607 680 et
625 627 743 680 Saburra
764 629 846 680 Iubae
866 631 938 695 regis
955 630 1049 680 Numi·

85 696 182 747 dmum
199 695 334 760 praelecto
351 700 493 760 superatus
510 694 679 758 interficitur,
698 711 720 746 e
732 695 1061 747 XXXVIII-XXXXII..

85 763 233 813 Exercitus
256 762 385 828 reliquiae
407 764 506 827 partim
528 763 558 811 in
582 762 703 813 Siciliam
725 778 754 812 se
776 763 921 827 recipiunt,
948 765 1049 829 partim

85 829 162 882 Vero
175 845 204 881 se
216 829 324 893 dedunt,
337 829 434 896 partim
443 845 459 880 a
468 830 536 880 Iuba
545 835 683 892 necantur,
696 829 1049 881 0.XXXXIII.XXXXIIII.

153 1016 176 1076 l.
206 1017 281 1076 Dum
296 1016 370 1076 haec
385 1019 417 1077 in
432 1015 575 1096 Hispania
590 1023 749 1094 geruntur,
771 1017 802 1078 C.
821 1017 989 1078 Trebonius
999 981 1073 1076 iri-¹

89 1107 184 1180 gatus,
201 1103 251 1179 qui
269 1100 304 1160 ad
320 1101 570 1179 oppugnationem
585 1101 733 1162 Massiliae
748 1102 958 1174 relictus-erat,
978 1100 1048 1160 dua·

88 1184 147 1246 bus
162 1202 198 1244 ex
220 1183 355 1262 partibus
371 1201 525 1261 aggerem,
547 1187 648 1246 vineas
670 1193 827 1262 turresque
848 1184 886 1244 ad
907 1184 1075 1284 oppidum2

87 1285 179 1346 agere
202 1269 340 1329 instituit.
376 1267 441 1329 Una
463 1275 528 1329 erat
550 1270 686 1349 proxima
705 1271 806 1349 portui
826 1267 1047 1348 navalibusque,

88 1353 182 1414 altera
199 1352 234 1412 ad
250 1358 374 1429 portam,
391 1370 448 1431 qua
464 1360 510 1413 est
524 1353 621 1414 aditus
636 1372 671 1414 ex
684 1354 778 1414 Gallia
793 1360 880 1432 atque
896 1352 1046 1430 Hispania,

88 1437 127 1498 ad
147 1437 178 1496 id
199 1454 295 1506 mare,
318 1436 395 1516 quod
417 1436 533 1497 adiacet
553 1437 590 1498 ad
609 1440 718 1498 ostium
737 1437 883 1499 Rhodani.
918 1403 1074 1497 Massilia³

88 1523 170 1582 enim
191 1522 255 1581 lere
270 1539 306 1581 ex
326 1521 420 1582 tribus
437 1521 538 1601 oppidi
558 1521 695 1601 partibus
714 1523 790 1582 mari
812 1521 956 1591 adluitur3
978 1520 1048 1580 reli·

88 1625 148 1686 qua
164 1613 267 1685 quarta
282 1612 340 1674 est,
359 1622 434 1681 quae
450 1606 561 1666 aditum
576 1604 684 1666 habeat
694 1604 731 1666 ab
748 1613 838 1666 terra.
865 1604 960 1664 Huius
975 1622 1049 1682 quo·

89 1708 149 1770 que
164 1691 252 1768 spatii
268 1708 337 1766 pars
353 1709 397 1759 aa,
414 1708 488 1768 quae
504 1689 539 1748 ad
556 1706 654 1758 arcem
670 1691 810 1768 pertinet,
827 1689 885 1748 looi
899 1694 1004 1748 natura
1020 1695 1050 1747 et

78 1773 165 1834 'valle
180 1773 321 1834 altissima
333 1776 447 1834 munita
462 1773 579 1850 longam
589 1779 619 1834 et
630 1773 782 1833 dillioilem
796 1771 1048 1850 habetoppugna·
1059 1822 1077 1873 4

90 1860 214 1919 tionem.
250 1857 294 1917 lo
315 1877 349 1918 ea
370 1858 549 1936 perficienda
565 1875 655 1936 opera
676 1850 715 1917 C!
724 1855 892 1922 Trebonius
911 1873 1048 1932 magnam

88 1945 291 2003 iumentorum
313 1949 400 2018 atque
419 1942 572 2001 hominum
594 1940 802 2002 mulitudinem
824 1957 859 2000 ex
879 1940 960 1999 omni
979 1957 1048 2017 pro·

89 2027 188 2087 vinoia
203 2032 302 2096 rouat3
318 2027 427 2087 vimina
437 2021 649 2103 materiamque
660 2025 841 2104 comportari
855 2022 948 2084 iubet.
978 2021 1049 2093 Oui·

89 2110 148 2172 bus
174 2113 355 2190 comparatis
380 2108 472 2170 rebus
496 2103 635 2188 aggerem
662 2110 695 2169 in
725 2107 911 2170 altitudinem
939 2108 1050 2187 pedum

89 2208 188 2254 Lxxx
203 2196 314 2262 extruit

155 2277 192 2338 ll.
237 2279 294 2339 Sed
324 2281 398 2339 tanti
425 2286 511 2338 erant
536 2279 700 2354 antiquitus
727 2279 757 2338 in
785 2277 894 2357 oppido
916 2278 1075 2336 omnium!

90 2381 193 2424 rerum
215 2363 250 2423 ad
272 2362 383 2424 bellum
404 2368 562 2441 apparatus
582 2370 720 2441 tantaque
741 2360 898 2421 multitudo
919 2366 1050 2421 tormen-

90 2457 205 2516 torum,
228 2454 261 2508 ut
280 2465 382 2507 eorum
398 2449 458 2506 vim
474 2445 570 2507 nullae
592 2453 746 2507 contextae
765 2443 928 2505 viminibus
946 2445 1050 2503 vineae

90 2533 242 2594 sustinere
262 2538 393 2609 possent.
429 2531 549 2591 Asseres
570 2532 649 2591 enim
675 2529 784 2609 pedum
804 2535 856 2588 xil
876 2526 1077 2605 cuspidibust

90 2617 227 2696 praefixi,
243 2622 330 2692 atque
345 2613 378 2675 hi
393 2616 531 2675 maximis
546 2614 673 2675 ballistis
687 2615 782 2683 missi,
797 2629 852 2691 per
863 2624 917 2672 1111
932 2612 1052 2671 ordines

90 2701 220 2761 cratium
241 2701 272 2759 in
293 2705 374 2759 terra
395 2698 608 2775 defigebantur.
648 2697 751 2777 ltaque
777 2695 935 2776 pedalibus
958 2696 1076 2773 lignisa

91 2785 260 2845 coniunctis
271 2784 350 2844 inter
362 2801 393 2843 se
409 2784 543 2862 porticus
554 2782 775 2859 integebantur,
792 2790 878 2859 atque
892 2780 948 2840 hac
960 2796 1051 2856 agger

90 2872 173 2931 inter
193 2885 297 2927 manus
319 2867 535 2947 proferebatur.
571 2865 774 2927 Antecedebat
799 2863 916 2925 testudo
941 2863 1078 2942 peduml

90 2965 140 3014 ux
161 2951 307 3030 aequandi
330 2951 386 3012 loci
409 2969 495 3012 causa
516 2952 595 3011 lauta
610 2953 683 3027 item
699 2966 734 3009 ex
756 2949 930 3009 fortissimis
951 2947 1050 3024 lignis,

90 3036 247 3098 convoluta
270 3034 408 3096 omnibus
428 3035 534 3104 rebus,
557 3033 665 3114 quibus
684 3034 763 3111 ignis
783 3035 878 3093 iaetus
893 3038 923 3093 et
938 3031 1051 3111 lapides

91 3120 213 3182 delendi
235 3128 366 3198 possent.
403 3119 460 3179 Sed
483 3118 655 3196 magnitudo
670 3135 807 3197 operum,
831 3116 955 3179 altitudo
973 3118 1077 3177 murlo

92 3213 182 3284 atque
203 3206 348 3272 turrium,
369 3203 527 3264 multitudo
551 3208 765 3263 tormentorum
788 3218 905 3262 omnem
925 3199 1051 3262 admini·
1072 3220 1076 3223 ·

91 3290 266 3352 strationem
281 3286 426 3349 tardabat.
457 3285 587 3348 Crebrae
602 3288 690 3347 etiam
712 3304 768 3365 per
783 3284 902 3346 Albicos
919 3285 1078 3363 eruptio-t

91 3391 147 3436 nes
162 3372 274 3434 fiebant
289 3390 324 3432 ex
340 3372 447 3451 oppido
462 3373 604 3451 ignesque
620 3372 722 3448 aggeri
744 3376 774 3430 et
792 3367 927 3430 turribus
940 3369 1051 3428 iniere·

92 3456 220 3528 bantur;
235 3474 312 3539 quae
327 3456 413 3519 laoile
428 3458 522 3517 nostri
544 3455 654 3517 milites
669 3453 868 3539 repellebant,
879 3453 1063 3535 magnisupe
