2356 3870
358 219 458 276 totth
473 220 527 276 llll.
544 220 614 277 ChP.
630 219 803 277 xvir-xxi,
1016 221 1056 284 69

98 391 220 452 nerent;
249 382 298 443 hio
317 382 520 443 Romanorum
546 383 704 444 adventum
730 389 886 462 expectare
907 389 995 459 atque
1016 381 1057 442 ibi

100 469 255 533 decertare
270 454 468 527 constituisse.
501 467 586 538 Quod
601 467 652 526 ubi
669 467 775 527 Caesar
791 468 944 544 comperit,
962 468 1055 526 omni·
1072 477 1087 523 a

97 552 157 613 bus
177 550 268 611 rebus
290 551 326 609 iis
346 551 503 621 coniectis,
527 568 653 628 quarum
673 568 776 611 rerum
797 568 885 610 causa
901 550 1057 610 traducere

99 635 265 695 exercitum
285 634 493 702 constituerat,
517 643 550 695 ut
572 634 727 694 Germanis
746 642 858 694 metum
874 635 1009 703 iniceret,
1025 643 1058 694 ut

98 717 282 795 Sugambros
308 717 521 787 ulcisceretur,
549 725 583 778 ut
607 717 699 779 Ubios
725 717 880 777 obsidione
906 717 1056 786 liberaret,

98 802 205 862 diebus
225 802 346 861 omnino
367 801 470 861 decem
487 810 516 861 et
530 810 597 862 octo
613 809 695 861 trans
710 802 848 860 Rhenum
863 804 1056 879 consumptis,

99 887 171 946 satis
192 892 223 944 et
242 884 278 943 ad
297 883 415 944 laudem
436 895 466 945 et
481 885 517 945 ad
534 885 689 945 utilitatem
703 886 871 963 proiectum
887 885 1055 954 arbitratus,

98 987 132 1029 se
147 970 178 1028 in
194 967 317 1028 Galliam
331 969 444 1047 recepit
458 974 640 1046 pontemque
655 967 785 1028 rescidit.

162 1050 223 1111 XX.
248 1051 362 1128 Exigua
382 1060 467 1130 parte
483 1054 602 1113 aestatis
616 1051 733 1128 reliqua
748 1051 871 1119 Caesar,
895 1052 951 1110 etsi
964 1052 996 1110 in
1010 1049 1056 1110 his
1073 1057 1084 1107 l

97 1136 187 1203 locis,
210 1134 289 1212 quod
305 1137 399 1194 omnis
415 1135 508 1196 Gallia
523 1137 559 1195 ad
575 1137 818 1213 septemtrionem
833 1136 943 1212 vergit,
962 1144 1056 1195 matu·

97 1237 151 1280 rae
171 1226 241 1278 sunt
260 1217 387 1287 hiemes,
410 1226 508 1279 tamen
528 1221 560 1279 in
575 1220 756 1279 Britanniam
772 1220 920 1298 proticisci
935 1228 1056 1278 eonten-

99 1303 158 1371 dit,
186 1300 265 1377 quod
290 1303 428 1362 omnibus
454 1303 517 1362 iere
538 1302 657 1362 Gallicis
681 1301 767 1362 bellis
794 1300 929 1361 hostibus
949 1303 1058 1361 nostris

98 1385 170 1446 inde
184 1385 416 1445 sumministrata
431 1385 539 1445 auxilia
553 1384 744 1463 intellegebat
760 1392 797 1454 et,
815 1387 840 1446 si
856 1392 972 1463 tempus
988 1386 1058 1444 anni

98 1469 135 1529 ad
151 1467 263 1529 bellum
277 1469 442 1544 gerendum
454 1469 602 1538 deiiceret,
619 1477 717 1530 tamen
730 1487 835 1546 magno
849 1469 905 1528 sibi
917 1470 983 1528 usui
993 1470 1058 1528 iore
1073 1477 1090 1524 2

98 1550 315 1619 arbitrabatur,
341 1554 368 1611 sl
389 1551 477 1612 modo
497 1552 625 1613 insulam
647 1552 770 1621 adisset,
792 1568 886 1628 genus
907 1551 1059 1612 hominum

97 1635 311 1715 perspexisset,
327 1634 400 1704 loca,
415 1644 530 1715 portus,
547 1635 643 1696 aditus
657 1638 857 1713 cognovisset;
875 1651 950 1710 quae
962 1637 1059 1694 omnia

98 1721 163 1782 lere
184 1717 273 1778 Gallis
301 1725 386 1778 erant
404 1721 562 1796 incognita.
594 1719 697 1795 Neque
720 1720 797 1778 enim
812 1725 925 1778 temere
940 1724 1090 1794 praetera

97 1808 281 1862 mercatores
300 1800 351 1861 illo
373 1801 432 1862 adit
454 1804 625 1879 quisquam,
649 1819 746 1878 neque
762 1803 798 1860 lis
812 1803 885 1879 ipsis
901 1803 1057 1877 quicquam

99 1892 220 1962 praeter
241 1902 323 1944 oram
343 1888 519 1946 maritimam
541 1894 629 1963 atque
651 1903 700 1945 eas
720 1887 871 1960 regiones,
895 1892 1059 1961 quaesunt

104 1975 214 2030 eontra
229 1967 350 2038 Gallias,
371 1978 475 2029 notum
496 1976 549 2030 est.
580 1971 682 2045 ltaque
701 1971 811 2028 vocatis
832 1967 914 2028 adse
930 1968 1090 2044 undiquet

98 2051 323 2120 mercatoribus,
340 2069 439 2129 neque
455 2061 563 2129 quanta
579 2061 659 2113 esset
671 2052 787 2112 insulae
802 2053 984 2129 magnitudo,
1000 2070 1052 2111 ne-

97 2153 157 2212 que
177 2150 252 2211 qnae
273 2140 323 2195 aut
343 2146 469 2210 quantae
489 2138 624 2197 nationes
643 2135 824 2204 incolerent,
848 2152 946 2212 neque
968 2152 1055 2211 quem

96 2235 186 2278 usum
206 2217 278 2277 belli
298 2217 443 2279 haberent
462 2229 513 2280 aut
530 2220 638 2296 quibus
652 2221 794 2279 institutis
810 2229 982 2287 uterentur,
1005 2237 1056 2278 ne·

96 2319 157 2377 que
178 2303 228 2377 qui
249 2310 347 2362 essent
367 2302 402 2362 ad
423 2305 570 2363 maiorum
589 2305 707 2364 navium
722 2303 943 2363 multitudinem
959 2301 1057 2361 idonei

95 2391 212 2463 portus,
227 2386 361 2464 reperire
375 2394 501 2465 poterat.

161 2466 235 2527 xxi.
264 2468 307 2528 hd
328 2467 401 2529 haee
423 2469 643 2547 cognoscenda,
665 2471 838 2547 priusquam
853 2467 1000 2548 periclum
1015 2469 1086 2527 ia·l

96 2559 194 2618 ceret,
221 2551 361 2612 idoneum
387 2570 453 2613 esse
477 2552 636 2613 arbitratus
657 2553 762 2613 Gaium
783 2553 963 2613 Volusenum
990 2569 1056 2611 cum

96 2634 164 2695 navi
183 2633 269 2712 longa
289 2637 459 2712 praemittit.
492 2634 567 2697 lluic
582 2635 714 2705 mandat,
737 2645 770 2697 ut
786 2636 946 2715 exploratis
961 2637 1088 2694 omni-2

96 2718 155 2777 bus
179 2716 269 2777 rebus
296 2718 333 2778 ad
358 2736 392 2778 se
416 2737 503 2796 quam
530 2721 659 2799 primum
680 2727 856 2780 revertatur.
902 2720 969 2796 lpse
991 2725 1089 2778 cuma

96 2799 235 2860 omnibus
254 2802 347 2879 copiis
367 2804 398 2862 in
418 2802 549 2864 Morinos
569 2803 782 2882 proficiscitur,
806 2801 884 2879 quod
904 2801 973 2860 inde
995 2809 1058 2861 crat

95 2884 289 2943 brevissimus
309 2885 340 2943 in
355 2886 537 2947 Britanniam
559 2888 711 2947 traiectus,
743 2878 808 2945 Huc
823 2902 912 2944 naves
928 2883 1089 2960 undiquet

96 2984 133 3025 ex
149 2967 281 3030 finitimis
295 2968 470 3044 regionibus
486 2977 529 3039 et,
547 2987 633 3046 quam
651 2970 807 3047 superiore
823 2977 934 3028 aestate
949 2968 985 3028 ad
1001 2970 1056 3028 Ve-

96 3050 228 3109 neticum
243 3049 355 3110 bellum
371 3052 509 3113 elleeerat
523 3053 662 3122 classem,
683 3052 765 3112 iubet
781 3055 947 3112 convenire.
978 3052 1088 3112 Inte-5

96 3135 156 3192 rim
181 3133 305 3193 oonsilio
332 3136 395 3194 elus
420 3139 537 3213 cognito
559 3146 588 3196 et
608 3155 663 3215 per
683 3144 865 3197 mercatores
885 3136 1000 3216 perlato
1021 3134 1057 3195 ad

94 3217 267 3285 Britannos,
281 3235 297 3277 a
313 3219 505 3296 conpluribus
519 3220 634 3279 insulae
651 3220 816 3280 civitatibus
832 3220 867 3280 ad
885 3238 952 3280 eum
966 3219 1057 3295 legati

95 3299 234 3368 veniunt,
256 3300 307 3376 qui
322 3299 520 3378 polliceantur
535 3302 652 3363 obsides
668 3304 739 3363 dare
755 3315 844 3378 atque
858 3305 985 3381 imperio
1000 3321 1053 3380 po·

93 3381 158 3460 puli
182 3381 309 3443 Romani
337 3384 553 3462 obtemperare.
599 3386 711 3457 Quibus
738 3387 859 3456 auditis,
890 3384 1085 3447 liberalitert

91 3464 247 3528 oollicltus
271 3465 481 3544 hortatusque,
507 3478 541 3528 ut
559 3471 590 3529 in
612 3489 645 3531 ea
666 3472 811 3531 sententia
832 3479 1052 3543 permanerent.
