2356 3870
92 205 156 268 168
315 201 432 256 INDEX
450 200 630 256 NOMINUM
647 200 695 255 ET
713 200 849 256 RERUM.

107 344 214 414 patria,
233 345 370 398 terrarum
387 359 452 412 pars
476 342 567 411 tertia,
612 342 689 398 tibus
715 343 785 396 iacit
810 343 954 412 certiores,
980 349 1032 414 26,
1055 350 1077 403 1.

91 415 213 473 Africa
240 414 277 467 ab
299 413 377 467 Attio
395 413 470 467 Varo
497 413 569 468 obti-
614 419 630 466 3
652 413 707 478 (I'r.
722 430 748 482 p.
761 420 820 468 151.
838 433 864 468 v.
881 420 905 468 1.
915 421 941 469 3.
953 415 1040 486 (-5.)
1051 434 1079 486 p.

108 489 201 553 netur,
231 483 280 553 qui
303 483 477 539 Tuberonem
503 483 569 537 inde
615 488 674 538 154.
693 501 719 538 v.
735 486 785 553 5.),
803 484 919 539 Alienus
938 502 972 541 eo
990 502 1080 541 novas

109 553 381 621 arcet3M.Cottaeo
394 553 526 625 profugit,
539 553 568 608 C.
614 553 708 622 copias
739 554 829 608 mittit
855 555 891 609 ad
919 554 1078 625 Caesarem,

108 630 129 696 I,
149 632 192 693 30,
211 633 236 678 2.
255 631 280 678 3.
300 632 343 692 31,
362 632 386 681 2,
407 628 467 694 (3.),
487 623 569 678 Curio
614 629 661 691 34,
680 631 709 690 4,
729 623 890 679 Caesariani
907 628 976 681 ante
995 628 1080 697 parta

109 700 138 753 et
161 694 312 761 Quintilius
334 696 423 750 Varus
448 712 481 751 eo
508 712 568 764 per·
613 694 889 764 ibi-consumperant,
904 702 990 765 47,4,
1011 697 1078 753 Cae·

107 767 232 835 veniunt,
251 767 285 835 Il,
305 772 347 834 23,
364 773 386 820 1.
405 774 448 835 28,
467 772 496 830 1,
516 765 568 819 Cu·
613 781 658 819 sar
675 764 852 820 CAvienum
865 768 900 821 tr.
914 767 974 821 mil.
991 769 1023 822 et
1040 769 1079 823 ΙΙΙ

108 840 150 892 rio
178 853 280 892 eama
303 836 420 893 Caesare
446 837 568 890 militum
613 836 788 891 centuriones
806 836 871 890 inde
890 837 1017 909 relegat,
1037 846 1078 906 54,

107 909 174 964 fidei
192 907 367 962 commissam
386 907 462 976 dicit,
481 913 524 975 32,
538 914 567 973 3,
612 912 637 960 4.
662 912 691 972 5,
718 907 749 960 P.
769 906 896 976 Ligarius
918 925 954 962 ex
980 926 1080 980 pugne

110 979 235 1035 Caesaris
256 979 286 1032 in
304 976 441 1046 Hispania
461 994 505 1032 res
527 994 567 1032 se·
611 976 773 1030 Pharsalica
792 994 824 1032 eo
848 979 884 1031 ad
901 978 1012 1034 Varum
1031 996 1077 1035 vc·

109 1051 217 1105 eundae
243 1065 276 1103 eo
308 1048 496 1117 perferuntur,
525 1054 567 1116 37,
612 1049 819 1116 nerat,64,1;
847 1049 1020 1103 frumentum
1038 1050 1080 1105 151

109 1127 134 1174 2.
155 1120 270 1188 (bellum
288 1118 329 1172 ibi
347 1135 364 1173 a
384 1118 501 1173 Curione
520 1135 567 1188 ge·
611 1118 641 1171 in
664 1119 801 1186 specubus
824 1119 906 1173 condi
929 1120 1017 1188 solet,
1037 1126 1079 1190 65,

110 1193 196 1258 stum,
215 1192 353 1258 23-44.),
373 1190 385 1242 Ι
405 1189 480 1258 legio
500 1188 567 1243 an-
616 1194 645 1253 1,
663 1203 752 1242 novae
772 1189 868 1256 copiae
883 1190 918 1244 ad
929 1189 1079 1245 Caesarem

109 1261 177 1315 saris
200 1261 237 1314 ad
260 1259 319 1314 eius
345 1260 412 1314 litus
438 1259 568 1326 defertur,
613 1273 646 1312 5ο
664 1259 793 1324 veniunt,
813 1265 859 1328 ΙΙ,
879 1266 908 1325 3,
940 1261 1081 1331 reliquiae

109 1331 153 1385 Al.
173 1338 201 1395 9,
220 1338 250 1395 3,
277 1347 342 1399 pars
366 1330 482 1385 dimidia
504 1329 568 1384 Ale·
614 1328 1079 1399 555151555Ρ5515515515511515

108 1401 241 1455 xandriae
269 1401 295 1454 ei
323 1400 497 1468 attribuitur,
527 1406 569 1468 14,
613 1399 778 1467 Hispaniam
796 1400 974 1471 profugiunt,
997 1402 1034 1456 Η.
1056 1410 1078 1472 1,

110 1478 134 1526 5.
167 1477 213 1541 28,
242 1477 271 1537 2,
298 1470 428 1524 Vatinius
455 1471 485 1524 in
512 1470 571 1524 issa
616 1474 639 1524 1.
678 1469 728 1534 Qu.
757 1469 852 1525 Cicero
885 1487 947 1525 eam
979 1474 1079 1543 petere

109 1542 201 1597 insula
233 1540 387 1611 cognoscit,
421 1539 569 1596 Octavium
614 1539 722 1608 dicitur,
741 1541 812 1594 Hirr,
827 1541 871 1594 rr.
890 1560 917 1610 p.
929 1548 990 1597 159.
1010 1562 1039 1599 v.
1054 1551 1078 1599 2.

109 1629 141 1668 eo
160 1612 233 1667 velle
251 1612 397 1682 navigare,
417 1617 459 1681 47,
478 1618 508 1677 4,
537 1610 568 1677 Q.
614 1611 651 1664 ab
669 1612 736 1664 extr.
757 1642 790 1667 -.
809 1612 877 1666 Inde
895 1613 950 1666 adi.

109 1683 219 1738 Cassius
241 1699 259 1736 a
277 1681 395 1737 Caesare
418 1700 452 1737 ex
469 1682 568 1751 Hispa·
596 1684 632 1748 5.)
647 1680 780 1736 Africus
796 1681 1078 1754 (int.ventus),me·

109 1755 157 1808 515
179 1771 212 1808 55
235 1752 352 1808 traicere
374 1753 497 1821 iubetur,
526 1759 568 1820 51,
614 1751 675 1805 dius
697 1752 770 1806 inter
792 1753 937 1807 meridiem
956 1757 987 1808 et
1005 1754 1078 1810 occi-

110 1833 134 1879 1.
155 1830 197 1892 56,
212 1830 242 1890 5,
261 1823 362 1878 Caesar
379 1823 409 1877 in
427 1823 486 1877 eius
504 1839 568 1877 con·
613 1821 737 1888 dentem,
771 1840 825 1890 quo
857 1823 942 1878 flante
976 1823 1081 1881 Caesar

109 1897 236 1964 spectum
254 1895 339 1962 venit,
357 1894 416 1947 Afr.
428 1900 453 1962 2,
464 1900 489 1961 5,
507 1893 568 1947 nul·
613 1892 775 1974 provehitur
784 1892 960 1947 Britanniam
971 1911 1079 1965 versus,

108 1966 167 2019 lum
194 1964 253 2019 eius
279 1966 391 2033 portum
417 1966 509 2018 tutum
532 1964 568 2017 ab
613 1962 770 2016 mtermisso
806 1963 965 2018 dextrorsus
1001 1967 1081 2021 ultra

108 2035 231 2090 hostium
248 2035 385 2102 praesidio
403 2035 462 2088 fore
477 2035 568 2103 putat,
614 2049 677 2087 eam
703 2033 836 2101 defertur,
870 2031 900 2086 G.
925 2035 964 2103 V,
991 2041 1023 2104 8,
1049 2043 1079 2103 2,

109 2113 138 2172 3,
163 2111 191 2169 5,
228 2121 263 2158 ex
293 2121 327 2158 55
358 2105 451 2173 Scipio
483 2104 569 2158 lubae
613 2103 810 2172 Nymphaeum
844 2104 931 2174 tegit,
965 2103 995 2159 C.
1030 2106 1079 2175 ΠΙ,

109 2175 266 2242 equitatum
295 2174 359 2243 5115,
388 2182 417 2242 8,
436 2181 467 2240 5,
500 2173 567 2228 Cae·
614 2179 657 2241 26,
676 2180 700 2227 4.

109 2245 213 2299 sariani
238 2245 280 2299 ibi
306 2261 335 2298 se
361 2261 476 2298 numero
497 2244 567 2298 infe-
595 2244 828 2298 -umbellum
846 2243 997 2299 aCurione
1012 2262 1079 2301 corrv

108 2315 194 2369 riores
216 2317 313 2369 contra
335 2331 452 2385 magnas
475 2315 570 2384 copias
613 2316 658 2368 tra
684 2313 793 2368 Attium
820 2316 925 2369 Varum
956 2318 1078 2386 gestum,

108 2386 231 2440 hostium
245 2385 384 2455 expositos
402 2386 506 2453 vident,
528 2392 569 2454 10,
614 2384 643 2439 C.
663 2386 697 2454 Il,
716 2391 759 2452 32,
780 2391 821 2439 12.

109 2464 138 2521 3,
170 2456 309 2510 Labienus
332 2473 395 2510 cum
421 2458 569 2510 veteranas
596 2456 634 2524 5.)
644 2455 840 2509 Africanum
854 2456 1078 2526 bellum,Cae·

109 2526 235 2581 Caesaris
269 2527 393 2608 legiones
429 2527 505 2580 nolle
536 2542 569 2580 eo
614 2526 682 2580 saris
701 2527 832 2580 adversus
843 2526 1008 2596 Labienum,
1019 2528 1079 2585 Sci·

107 2597 225 2650 transire
247 2597 381 2664 audisset,
408 2596 463 2650 suis
482 2597 569 2665 copiis
613 2596 725 2665 pionem
748 2596 798 2664 al,
821 2597 865 2650 551
889 2596 997 2652 Hirtius
1021 2615 1078 2655 non

107 2666 228 2720 triennio
246 2666 286 2720 ibi
303 2666 419 2720 retentis
442 2666 568 2732 confidit;
613 2666 748 2735 interfuit,
768 2666 800 2721 G.
814 2667 888 2720 VIII.
907 2668 995 2735 praef.
1015 2674 1042 2723 8.

108 2737 192 2804 paulo
206 2739 270 2804 post
279 2735 403 2791 Caesaris
417 2737 569 2792 adventum
597 2755 672 2791 —us
694 2737 879 2805 exercitus,
898 2738 916 2792 i.
936 2754 960 2791 e.
981 2737 1077 2794 Curio·

108 2808 149 2861 ibi
167 2807 335 2875 decertetur,
357 2814 398 2875 19,
408 2814 473 2872 3.4;
500 2806 569 2862 Cae·
613 2807 713 2876 nis,'C.
732 2809 781 2876 III,
801 2814 842 2876 10,
862 2815 886 2862 5.

108 2894 152 2932 sar
174 2878 214 2931 ibi
241 2878 368 2932 materiei
391 2881 420 2931 et
436 2878 570 2932 frumenti
595 2878 804 2949 Agedincum
831 2878 965 2947 oppidum
991 2878 1077 2934 Seno·

107 2948 203 3016 inopia
221 2948 342 3016 laborat,
361 2954 403 3017 20,
423 2954 448 3001 3.
467 2955 493 3002 4.
513 2949 567 3017 (Fr.
612 2966 688 3018 num,
707 2949 756 3002 ubi
774 2948 895 3017 primum
908 2949 956 3016 VI,
975 2948 1008 3003 G.
1028 2950 1077 3019 VI,

129 3061 134 3072 .
160 3024 219 3072 150.
246 3035 272 3071 v.
297 3025 321 3072 8.
349 3019 385 3073 55
408 3020 501 3088 5555),
529 3019 566 3072 Μ.
613 3026 660 3088 44,
680 3025 704 3088 3,
723 3019 823 3073 deinde
841 3020 868 3072 11
887 3018 1013 3077 Caesaris
1037 3021 1077 3076 le·

106 3037 177 3142 ICato
205 3088 368 3156 Pompeium
395 3104 457 3142 eam
483 3089 567 3143 mira-
635 3088 709 3144 'ones
732 3089 870 3157 hiemant,
893 3089 957 3156 VII,
979 3097 1026 3159 10,
1047 3097 1077 3157 4,

106 3158 159 3212 5111
177 3158 319 3213 celeritate
335 3158 472 3227 recepisse
490 3159 567 3229 dicit,
638 3159 752 3215 abienus
788 3160 983 3230 supplemento
1024 3160 1077 3215 im·

107 3235 154 3296 22,
183 3235 215 3295 2,
247 3227 407 3283 Caesariani
438 3229 568 3298 exiguam
612 3231 780 3299 pedimentis
815 3230 902 3284 totius
938 3230 1078 3285 exercitus

7 3360 10 3365 ,
108 3299 169 3353 eius
196 3301 306 3368 partem
333 3300 442 3367 tenent,
471 3304 514 3368 24,
534 3307 566 3367 3,
612 3301 751 3369 praesidio
773 3301 814 3355 ibi
832 3300 929 3354 relicto
949 3300 981 3354 in
998 3301 1077 3355 Pari·

108 3368 210 3424 Caesar
238 3386 333 3424 omnes
357 3370 415 3423 eius
438 3369 567 3425 civitates
614 3370 669 3425 sios
689 3371 865 3440 Senonesque
883 3370 1077 3440 proficiscitur,

106 3441 140 3494 de
160 3457 209 3494 suo
228 3440 361 3506 adventu,
386 3440 516 3493 Alienum
539 3442 569 3494 55
615 3447 706 3509 57,1,
728 3457 814 3511 reque
832 3441 872 3496 ibi
897 3441 968 3495 5555
987 3444 1079 3512 gesta,

96 3511 248 3568 Rabirium
277 3510 314 3569 de
340 3509 400 3569 eius
425 3510 570 3567 calamita·
615 3511 663 3565 uti
686 3512 780 3565 animo
803 3514 1004 3579 proposuerat,
1033 3516 1077 3581 52,
