2356 3870
360 197 459 256 cudit.
476 198 516 255 vl.
533 197 602 255 CAP.
618 198 712 255 I-Vl.
957 203 1017 266 107

59 357 258 430 Conantibus,
282 363 456 440 priusquam
470 361 500 420 ld
516 363 592 422 ellici
612 370 728 440 posset,
751 362 855 424 adesse
869 362 1017 425 Romanos

59 445 222 504 nuntiatur.
252 442 426 506 Necessario
448 448 594 506 sententia
613 444 759 506 desistunt
778 446 951 525 legatosque
966 447 1049 508 de·2

58 527 201 607 precandi
216 545 303 588 causa
318 528 355 588 ad
370 528 525 589 Caesarem
540 531 674 596 mittunt:
697 529 808 590 adeunt
821 549 876 609 per
889 531 1006 592 Aeduos

58 627 189 689 quorum
212 613 374 688 antiquitus
395 613 509 673 eratin
530 612 588 673 fide
610 614 718 689 civitas.
756 613 897 674 Libenter
912 615 1049 676 Caesare

58 693 229 773 petentibus
249 694 358 756 AeduIs
384 694 434 755 dat
459 696 572 756 veniam
598 698 878 775 excusationemque
901 700 1016 777 accipit,

59 776 137 856 quod
161 779 304 838 aestivum
326 788 444 857 tempus
470 781 606 840 instantis
634 779 718 850 belli,
749 799 810 840 non
839 784 1018 858 quaestionis

59 880 125 922 esse
140 861 311 923 arbitratur.
343 861 502 924 Obsidibus
516 865 670 942 imperatis
685 872 819 933 centum,
841 863 896 925 hos
909 865 1019 926 Aeduis
1033 877 1049 925 t

59 944 270 1006 custodiendos
289 947 389 1008 tradit.
424 947 536 1008 Eodem
551 947 694 1008 Carnutes
708 947 821 1025 legatos
841 948 1050 1026 obsidesqueo

58 1031 191 1099 mittunt,
208 1031 253 1090 usi
267 1028 509 1109 deprecatoribus
519 1031 629 1100 Remis,
647 1049 774 1109 quorum
790 1039 874 1092 erant
884 1034 916 1092 in
927 1031 1018 1093 clien-

59 1113 136 1175 tela:
159 1113 262 1175 eadem
282 1114 383 1175 ierunt
403 1133 557 1193 responsa.
594 1115 714 1193 Peragit
734 1115 891 1177 concilium
913 1116 1051 1177 Caesare

59 1197 237 1275 equitesque
249 1199 378 1275 imperat
394 1198 566 1259 civitatibus.

123 1282 157 1340 V.
191 1280 252 1341 llac
270 1288 356 1358 parte
371 1281 481 1343 Calliae
501 1289 604 1360 pacata
624 1289 704 1343 totus
719 1292 750 1344 et
763 1290 862 1344 mente
878 1289 908 1344 et
922 1285 1019 1344 animo
1036 1291 1049 1341 1

59 1367 90 1425 ln
112 1362 225 1424 bellum
239 1364 439 1425 Treverorum
455 1373 485 1425 et
497 1366 674 1444 Ambiorigis
694 1368 812 1427 insistit.
846 1366 1020 1428 Cavarinum
1034 1375 1051 1423 2

61 1467 129 1510 oum
150 1449 282 1525 equitatu
303 1449 456 1510 Senonum
475 1467 578 1510 secum
600 1451 749 1528 proficisci
768 1450 866 1521 iubet,
894 1453 1020 1527 nequis
1050 1477 1054 1482 ’

59 1539 113 1593 aut
134 1550 171 1592 ex
190 1530 280 1593 huius
298 1533 451 1593 iracundia
472 1539 523 1594 aut
538 1551 574 1593 ex
590 1552 639 1602 eo,
664 1533 742 1610 quod
762 1541 927 1602 meruerat,
952 1533 1019 1594 odio

61 1617 185 1677 civitatis
206 1623 306 1676 motus
328 1618 441 1677 existat.
476 1616 529 1677 llis
550 1616 641 1677 rebus
664 1619 846 1685 constitutis,
870 1617 950 1696 quod
963 1625 1051 1695 pros

62 1698 216 1779 explorato
231 1699 374 1770 habebat,
394 1700 594 1777 Ambiorigem
609 1699 723 1779 proelio
737 1717 798 1761 non
813 1717 879 1761 esse
895 1717 1017 1760 concer-

60 1790 208 1853 taturum,
242 1783 358 1860 reliqua
386 1785 449 1844 eius
475 1783 595 1844 consilia
622 1785 719 1844 animo
753 1782 1016 1862 circumspiciebat.

60 1869 155 1931 Erant
174 1867 303 1945 lienapii
328 1869 490 1947 propinqui
515 1867 689 1928 Eburonum
715 1867 838 1937 finibus,
867 1870 1050 1945 perpetuisa

61 1948 220 2031 paludibus
234 1950 375 2028 silvisque
389 1953 509 2020 muniti,
531 1953 582 2028 qui
602 1953 655 2012 uni
675 1969 712 2011 ex
727 1950 819 2011 Callia
840 1949 877 2010 de
895 1967 968 2028 pace
983 1950 1020 2010 ad

62 2035 220 2096 Caesarem
233 2033 346 2112 legatos
366 2052 528 2112 numquam
549 2036 700 2096 miserant.
736 2034 809 2095 Cum
824 2033 870 2093 his
886 2052 951 2094 esse
966 2031 1018 2092 ho·

61 2121 186 2197 spitium
209 2117 374 2196 Ambiorigi
399 2118 524 2187 sciebam
554 2121 628 2179 item
651 2138 707 2198 per
731 2118 879 2179 'l'reveros
903 2119 1020 2178 venisse

62 2203 219 2263 Germanis
233 2203 264 2262 in
279 2203 435 2262 amicitiam
452 2209 638 2279 cognoverat.
672 2202 752 2263 llaec
765 2204 850 2281 prius
864 2201 908 2262 illi
921 2202 1019 2262 detra·
1035 2208 1050 2258 t

61 2285 160 2348 nenda
175 2283 283 2346 auxilia
303 2284 501 2354 existimabat,
523 2303 612 2363 quam
632 2289 729 2365 ipsum
750 2286 829 2347 bello
850 2285 1018 2355 lacesseret,

62 2387 102 2431 ne
125 2368 281 2447 desperata
300 2369 394 2430 salute
414 2377 466 2430 aut
485 2386 518 2430 se
532 2371 563 2430 in
577 2369 729 2449 Menapios
749 2369 873 2431 abderet
887 2375 937 2430 aut
952 2386 1020 2430 cum

62 2451 302 2515 Transrhenanis
317 2452 458 2530 congredi
474 2462 640 2530 cogeretur.
671 2453 734 2514 lloc
747 2455 821 2514 inito
837 2451 959 2513 consilio
974 2460 1018 2512 to·
1035 2459 1051 2509 u

62 2539 123 2598 tius
138 2537 287 2597 exercitus
306 2528 515 2617 impedimenta
529 2536 566 2597 ad
577 2536 739 2598 Labienum
750 2537 781 2596 in
793 2536 940 2596 Treveros
953 2537 1019 2596 mit·

62 2623 99 2682 tit
120 2619 254 2697 duasque
274 2618 408 2698 legiones
429 2620 466 2682 ad
489 2639 556 2681 eum
578 2622 725 2699 proficisci
745 2620 842 2688 iubet;
864 2621 930 2698 ipse
952 2637 1020 2680 oum

62 2700 232 2782 legionibus
257 2703 401 2784 expeditis
430 2707 561 2782 quinque
581 2707 613 2765 in
634 2705 785 2785 Menapios
810 2703 1017 2784 proficiscitur.

62 2787 111 2850 llli
126 2787 207 2850 nulla
228 2797 328 2849 ooacta
348 2806 439 2850 manu
458 2787 517 2849 loci
536 2788 685 2869 praesidio
704 2789 774 2849 freti
787 2789 819 2848 in
834 2786 920 2847 silvas
935 2785 1049 2864 palu-7

63 2871 178 2950 desque
192 2872 367 2950 confugiunt
381 2889 493 2949 suaque
508 2871 612 2933 eodem
627 2872 793 2933 conferunt.

148 2968 197 3025 Vl.
226 2967 334 3023 Caesar
354 2964 472 3037 partitis
493 2963 588 3035 eopils
603 2975 669 3017 oum
686 2961 758 3018 Gaio
771 2960 864 3018 Fabio
878 2962 974 3033 legato
990 2963 1044 3016 etr

64 3044 166 3107 blanco
194 3043 299 3106 Crasso
327 3049 485 3119 quaestore
512 3038 707 3119 celeriterque
740 3039 852 3099 effectis
880 3036 1021 3117 pontibus

64 3128 127 3190 adit
142 3128 309 3206 tripertito,
325 3123 459 3187 aedificia
474 3125 612 3203 vicosque
627 3122 766 3191 incendit,
784 3139 889 3199 magno
903 3123 1020 3202 pecoris

64 3219 155 3291 atque
169 3210 321 3272 bominum
334 3227 458 3270 numero
470 3209 593 3285 potitur.
626 3206 738 3277 Quibus
750 3206 840 3266 rebus
851 3208 947 3267 coaeti
959 3206 1047 3266 lile-2

63 3296 147 3375 napli
169 3296 283 3374 legatos
304 3292 340 3353 ad
364 3311 432 3354 eum
446 3292 528 3371 pacis
541 3291 687 3370 petendae
702 3308 789 3352 causa
803 3291 932 3350 mittunt
969 3289 1047 3350 Illos

63 3379 223 3442 obsidibus
244 3379 374 3456 aoceptis
386 3376 526 3461 'hostium
543 3393 574 3436 se
588 3373 757 3436 habiturum
771 3392 895 3434 numero
913 3375 1021 3434 confir·

64 3474 143 3534 mat,
168 3465 193 3524 si
215 3471 266 3523 aut
280 3461 480 3539 Ambiorigem
495 3468 546 3522 ant
567 3460 629 3519 eius
643 3457 756 3536 legatos
771 3457 878 3519 linibus
899 3458 958 3519 suis
972 3473 1020 3516 re·
