2356 3870
301 203 402 259 colim
419 203 457 260 Vl.
475 203 544 259 CAP.
561 204 756 260 XVll—llell.
968 209 1029 269 115

66 371 213 439 munieet,
235 367 315 446 quod
330 385 420 446 saepe
434 367 568 428 homines
583 337 759 429 temerarios
774 378 863 447 atque
876 371 1030 446 imperitos

64 452 146 514 falsis
160 450 332 514 rumoribus
349 454 455 512 terreri
468 459 498 512 et
512 452 548 511 ad
564 453 677 513 lacinus
691 453 794 532 inpelli
811 461 840 514 et
854 454 891 514 de
906 455 1029 514 summis

64 537 157 599 rebus
173 537 330 598 consilium
345 554 452 614 capere
472 538 623 614 cognitum
645 545 697 597 est.
734 538 937 615 Magistratus,
955 544 1061 613 quaet

65 630 124 681 uisa
145 629 230 691 sunt,
251 619 416 688 occultant,
437 636 572 697 quaeque
593 638 658 681 esse
681 639 715 680 ex
737 640 794 682 usu
814 623 1028 690 iudicaverunt,

65 704 245 766 multitudini
256 704 396 784 produnt.
412 704 453 764 lle
465 723 498 763 re
513 704 631 782 publica
643 707 699 765 nisi
713 724 768 784 per
774 706 932 767 concilium
947 705 1029 782 loqui

64 807 123 849 non
139 789 322 850 conceditur.
1106 790 1109 794 '

149 873 224 933 Xlll.
262 873 402 934 Germani
423 872 548 933 multum
569 871 606 933 ab
626 871 681 932 hac
707 871 922 932 consuetudine
943 873 1058 932 dille-l

62 965 143 1018 runt
175 957 249 1018 Nam
263 973 361 1034 neque
376 955 496 1017 druides
511 955 629 1025 habant,
652 957 702 1033 qui
716 955 807 1016 rebus
821 956 926 1015 divinis
941 975 1028 1034 prae·

63 1043 131 1110 sint,
149 1057 248 1117 neque
262 1042 413 1103 sacrificiis
428 1040 557 1101 student.
594 1041 725 1101 lleorum
740 1058 867 1100 numero
883 1059 934 1100 eos
950 1040 1060 1101 solosa

63 1125 192 1194 ducunt,
210 1141 284 1201 quos
299 1133 427 1185 cernunt
446 1134 475 1184 et
496 1142 623 1202 quorum
639 1131 742 1204 aperte
758 1123 864 1204 opibus
880 1126 1026 1194 iuvantur,

63 1208 165 1271 Solem
181 1215 211 1269 et
227 1208 389 1269 Vulcanum
405 1209 577 1278 athenam,
600 1208 732 1286 reliquos
753 1226 791 1269 ne
813 1209 890 1269 lama
906 1209 1027 1284 quidem

64 1300 253 1371 acceperunt.
286 1294 349 1354 Vita
370 1295 465 1353 omnis
485 1295 515 1352 in
531 1291 736 1353 venationibus
757 1300 845 1369 atque
872 1294 902 1352 in
922 1293 1060 1353 studiisa

64 1378 107 1438 rei
119 1376 259 1438 militaris
277 1378 428 1445 consistit;
452 1376 488 1436 ah
508 1376 638 1455 parvulis
653 1376 748 1438 labori
764 1396 798 1437 ac
819 1377 946 1438 duritiae
965 1387 1027 1438 stu·

63 1461 142 1522 dent.
171 1461 232 1532 Quoi
244 1460 411 1522 diutissime
425 1460 596 1540 impuberes
610 1468 853 1539 permanserunt,
870 1462 1028 1522 maximam
1042 1468 1059 1517 4

63 1547 140 1607 inter
156 1563 228 1606 suos
241 1546 343 1606 ierunt
356 1545 488 1605 landem:
512 1543 568 1605 hoc
582 1544 620 1605 ali
636 1553 796 1614 staturam,
810 1544 850 1604 nli
865 1547 943 1608 vires
957 1563 1028 1608 ner·

64 1646 176 1706 vosque
196 1629 366 1690 semimari
386 1636 502 1708 putant.
539 1629 619 1689 lntra
641 1646 752 1689 animm
766 1645 837 1687 vero
853 1627 1057 1688 desineant

63 1714 190 1773 feminae
211 1714 345 1773 notitiam
371 1711 510 1773 hahuisse
534 1714 565 1772 in
585 1713 765 1791 turpissimis
786 1710 896 1775 hahent
916 1711 1025 1773 relaust

63 1798 147 1857 cuius
162 1798 207 1857 rei
221 1796 301 1857 nulla
318 1805 363 1857 est
377 1796 543 1866 occultatio,
559 1796 640 1873 quod
655 1802 685 1856 et
698 1796 868 1874 promiscue
885 1799 913 1854 in
928 1795 1022 1854 llnmi·
1092 1818 1105 1869 ¹.

63 1880 151 1942 uibus
165 1879 343 1959 perluuntur
359 1887 389 1940 et
401 1874 529 1959 pellibus
544 1887 595 1941 aut
607 1881 705 1960 parvis
720 1897 865 1940 renonum
873 1861 1024 1957 legnnen-
1072 1856 1108 1917 ’ἶ

63 1967 100 2025 tis
115 1971 250 2035 utuntur,
265 1982 370 2042 magna
384 1966 518 2044 corporis
532 1969 618 2042 parte
632 1963 721 2024 nuda.

126 2047 217 2109 XXll.
237 2048 444 2126 Agriculturae
453 2066 513 2109 non
525 2048 655 2118 student,
672 2049 826 2125 maiorque
838 2065 907 2126 pars
923 2066 1026 2109 eorum
1043 2053 1053 2104 l

64 2135 158 2194 victus
171 2134 203 2192 in
222 2131 314 2201 lacte,
337 2145 438 2202 caseo,
461 2151 550 2193 carne
566 2134 709 2193 consistit.
746 2131 849 2209 Neque
869 2134 1057 2209 pruisquam

62 2217 126 2296 agri
136 2215 258 2278 modium
270 2222 385 2277 certum
397 2225 448 2276 aut
458 2217 533 2277 ines
544 2215 633 2277 habet
645 2217 792 2295 proprios,
805 2215 859 2278 sed
872 2219 1024 2294 ruffina·

62 2310 111 2362 tus
131 2317 166 2360 ac
186 2301 338 2379 principes
364 2302 396 2360 in
417 2319 511 2362 annos
532 2300 665 2379 singulos
684 2300 822 2378 gentibus
843 2301 1024 2378 cognationi·

61 2383 179 2461 busque
192 2382 362 2453 hominum,
378 2386 429 2462 qui
443 2392 506 2445 tum
521 2402 580 2445 mia
595 2386 745 2453 coierunt,
763 2389 905 2461 quantum
921 2393 951 2443 et
966 2401 1024 2460 quo

60 2469 128 2530 loco
140 2468 239 2528 visum
254 2476 300 2528 est
314 2470 385 2546 agri,
401 2468 574 2530 adtribuent
585 2476 675 2545 atque
684 2486 762 2528 anno
776 2476 845 2546 post
855 2468 912 2529 alio
928 2476 1023 2528 uam·

60 2555 106 2614 ire
117 2558 240 2630 coguut
277 2551 349 2613 Eius
367 2542 412 2613 rai
431 2553 538 2614 multas
554 2552 692 2614 adierunt
711 2570 828 2613 causas:
850 2570 890 2612 ne
903 2552 1055 2612 adsiduae
1155 2608 1158 2611 .

60 2635 277 2699 cumcuma
289 2638 368 2716 eapti
382 2637 512 2698 stadium
528 2636 597 2698 belli
611 2636 735 2715 gerendi
749 2636 927 2714 agricultura
944 2656 1024 2697 com-

61 2726 195 2787 mutent:
210 2735 248 2780 nc
262 2719 338 2782 latos
351 2721 424 2780 flnes
438 2739 544 2800 parare
559 2720 698 2782 studeant
710 2713 953 2806 potentidrosque
968 2720 1023 2780 lm·
1093 2729 1117 2782 d

60 2802 437 2883 mitterespsssesnomhus
451 2803 615 2884 expellant:
631 2823 669 2865 ne
680 2806 847 2865 accuratius
862 2805 898 2864 ad
913 2805 1023 2881 frigora

60 2897 151 2967 atque
167 2895 267 2948 aestus
277 2887 413 2950 ciendos
423 2889 592 2955 aedilem&
615 2907 654 2948 ne
675 2905 733 2964 qua
750 2889 856 2948 oriatur
879 2889 1024 2968 pecuniae

60 2971 217 3052 cupidus,
227 2987 331 3049 quaer
342 2972 790 3048 reiectionesdissensienesque
796 2979 974 3040 namnetum
991 2979 1053 3032 uta

59 3056 306 3132 animiaequltate
320 3055 437 3134 plebem
445 3059 625 3125 contineant,
641 3073 709 3116 cum
724 3073 794 3117 suas
810 3057 935 3135 quisque
952 3075 1024 3136 opes

60 3158 129 3202 cant
143 3140 357 3220 potentissimis
372 3142 494 3218 aequari
507 3139 611 3201 rideat.

124 3223 226 3287 xxiii.
261 3223 437 3289 timaeum·
455 3226 582 3286 marinna
607 3223 672 3285 laus
694 3232 740 3285 est
766 3242 855 3302 quam
883 3223 1054 3285 latissimel

61 3312 175 3372 ancum
194 3325 229 3369 se
253 3309 376 3370 emis
393 3308 501 3370 mathus
524 3306 700 3370 solitudines
715 3307 836 3370 habero.
866 3308 930 3370 lloc
951 3317 1054 3386 pro-2
1130 3312 1135 3318 '

60 3396 159 3474 prium
176 3393 296 3454 unitos
309 3395 486 3462 existimant,
503 3391 644 3473 expulsos
657 3394 739 3472 agris
750 3394 903 3456 linitumos
918 3391 1029 3454 cedere

59 3495 158 3557 neque
175 3492 354 3556 quemquam
369 3495 468 3556 prope
487 3476 599 3540 andere
615 3479 801 3552 considam
824 3476 920 3545 simul
928 3478 996 3542 lios
1008 3482 1078 3538 se‘a

830 3567 876 3640 80
