2356 3870
158 221 220 285 148
482 217 521 274 llll
536 215 639 273 cetto
655 215 794 272 celtico
910 270 913 274 ,

128 389 141 442 t
220 381 385 448 xxxxvn.
424 380 606 441 Consecutus
626 378 671 447 id,
695 379 775 456 qnod
791 380 888 439 animo
903 389 1113 458 proposuerat,

157 467 265 528 Caesar
285 466 418 543 receptui
437 466 503 524 cani
516 465 602 524 iussit
621 463 805 540 legionisque
824 462 969 532 decimae,
986 479 1115 538 quacum

126 557 229 618 terat,
246 551 385 610 continuo
406 549 488 624 signa
509 549 669 608 constituit.
704 547 746 607 Ac
764 545 948 623 reliquarum
962 545 1116 624 legionum

157 632 264 694 milites
279 651 339 693 non
356 632 492 692 exaudito
508 630 596 691 tubae
611 648 701 699 sono,
717 629 797 706 quod
811 631 883 690 satis
903 646 1009 707 magna
1023 627 1115 690 valles

157 715 372 785 intercedebat,
393 722 492 775 tamen
514 715 551 775 ab
570 714 698 775 tribunis
723 713 851 774 militum
875 712 1054 791 legatisque,
1082 718 1116 773 ut

127 806 221 860 serat
240 819 257 860 a
273 799 397 860 Caesare
417 805 625 877 praeceptum,
649 796 871 865 retinebantur:
898 795 950 857 sed
973 797 1041 857 elati
1061 813 1115 874 spo

158 883 263 944 celeris
279 885 417 943 victoriae
429 892 458 942 ot
472 881 601 942 bostium
616 883 685 958 luga
698 888 728 940 et
742 882 932 959 superiorum
945 887 1115 959 temporum

158 967 296 1032 secundis
311 965 432 1044 proeliis
446 965 519 1026 nibil
534 965 607 1025 adeo
628 964 754 1024 arduum
774 963 830 1025 sibi
850 981 916 1024 esse
931 964 1115 1025 existimave-

158 1059 243 1118 runt,
269 1050 347 1126 quod
368 1067 428 1109 non
448 1051 556 1108 virtute
578 1049 720 1124 consequi
739 1054 880 1126 possent,
907 1063 1005 1124 neque
1026 1046 1116 1106 ilnem

157 1135 242 1212 prius
268 1131 411 1210 sequendi
436 1133 587 1200 iecerunt,
616 1149 703 1208 quam
728 1149 816 1192 muro
840 1131 941 1210 oppidi
962 1131 1117 1210 portisque

128 1215 443 1295 aadpropinquarunt.
480 1215 556 1275 Tum
577 1233 648 1275 vero
671 1233 706 1274 ex
728 1214 867 1276 omnibus
884 1213 967 1274 urbis
981 1211 1117 1292 partibus

159 1306 223 1359 orto
239 1300 377 1368 clamore,
395 1300 445 1375 qui
455 1299 573 1375 longius
584 1298 716 1366 aberant,
732 1299 888 1376 repentino
904 1296 1033 1358 tumultu
1047 1312 1116 1375 per·

158 1384 270 1452 territI,
287 1401 354 1442 oum
369 1381 486 1444 hostem
499 1384 579 1442 intra
593 1391 695 1461 portas
716 1400 781 1442 esse
802 1383 1029 1449 existumarent,
1051 1395 1118 1440 sese

126 1471 193 1525 tex
208 1465 316 1545 oppido
332 1467 495 1526 eiecerunt.
526 1465 762 1526 llatresiamillae
777 1465 814 1526 de
833 1483 921 1526 muro
942 1471 1055 1525 restem
1068 1479 1117 1523 ar·

158 1557 340 1627 gentemque
354 1549 502 1610 iactabant
517 1556 547 1610 et
561 1556 683 1628 pectore
698 1549 778 1610 nudo
797 1550 1002 1628 prominentes
1022 1546 1118 1626 passis

158 1632 294 1695 manibus
314 1633 539 1694 obtestabantur
553 1632 717 1702 Romanos,
744 1640 778 1693 ut
799 1632 855 1693 sibi
875 1638 1034 1711 parcerent
1048 1647 1117 1699 neu,

158 1719 235 1777 siout
248 1718 363 1779 Avarici
377 1719 531 1787 iecissent,
553 1736 591 1778 ne
606 1735 623 1777 a
637 1716 813 1778 mulieribus
829 1716 949 1793 quidem
962 1722 1052 1792 atque
1072 1715 1118 1774 in·

156 1800 286 1862 lantibus
306 1801 503 1868 abstinerent:
526 1799 685 1862 nonnullae
706 1800 743 1860 de
763 1801 857 1862 muris
877 1817 933 1878 per
946 1816 1052 1860 manus
1066 1797 1118 1857 de·

132 1887 270 1945 emissae
285 1903 352 1946 sese
366 1884 508 1946 militibus
523 1884 688 1946 tradebant.
720 1883 751 1944 L.
774 1883 897 1952 Fabius,
918 1883 1054 1943 centurio
1075 1879 1117 1942 le·

160 1968 256 2044 gionis
269 1987 348 2038 vm,
365 1986 453 2045 quem
467 1972 546 2028 inter
561 1986 630 2028 suos
646 1986 682 2028 eo
697 1967 745 2028 die
764 1967 874 2029 dixisse
888 1964 1051 2034 constabat,
1067 1980 1118 2024 ex·

162 2053 246 2111 citari
261 2068 294 2111 se
307 2051 533 2112 Avaricensibus
548 2053 687 2130 praemiis
707 2066 815 2128 neque.
826 2051 1069 2117 commissurum,
1086 2054 1120 2108 ut

161 2137 245 2212 prius
267 2136 423 2211 quisquam
437 2153 557 2195 murum
572 2134 755 2203 ascenderet,
769 2141 832 2196 tres
847 2152 918 2196 suos
938 2139 1042 2193 nactus
1056 2149 1118 2191 ma·

162 2217 311 2296 cipulares
325 2224 415 2294 atque
429 2216 683 2279 abiissublevatus
698 2237 817 2280 murum
833 2216 973 2286 ascendit,
985 2213 1040 2276 hos
1054 2216 1120 2293 ipse

161 2319 266 2361 rursus
280 2302 413 2378 singulos
428 2309 586 2380 exceptans
600 2303 632 2362 in
646 2321 765 2364 murum
781 2301 895 2363 extulit.

131 2389 138 2443 ῖ
223 2384 403 2445 xxxxviii
436 2385 557 2446 Interim
571 2387 607 2454 ii,
624 2387 675 2463 qrd
689 2385 725 2447 ad
740 2385 863 2447 alteram
877 2392 993 2465 partem
1008 2381 1118 2462 oppidi,

162 2478 194 2528 ut
208 2486 299 2547 supra
313 2468 592 2537 demonstravimus,
612 2470 786 2530 munitionis
806 2486 894 2530 causa
910 2471 1117 2532 convenerant,

161 2553 258 2630 primo
273 2553 410 2613 exaudito
426 2551 568 2621 clamore,
584 2552 653 2614 inde
668 2555 756 2613 etiam
777 2553 892 2614 crebris
911 2551 1023 2612 nuntiis
1045 2550 1118 2610 inci-

161 2637 222 2704 tati,
239 2634 550 2714 oppidumaliomanis
561 2638 666 2705 teneri,
682 2638 853 2715 praemissis
859 2634 1119 2712 equitibusmagno

130 2725 146 2773 ²
163 2737 310 2780 concursu
325 2736 360 2780 eo
376 2718 603 2780 contenderunt
626 2720 738 2781 Eorum
752 2727 786 2781 ut
801 2721 927 2797 quisque
940 2719 1056 2799 primus
1069 2733 1119 2776 ve·

163 2811 260 2872 norat,
283 2802 338 2864 sub
353 2821 439 2864 muro
456 2802 637 2864 consistebat
656 2819 839 2880 suorumque
853 2804 1048 2882 pugnantium
1063 2817 1118 2861 nu·

131 2894 147 2944 a
162 2905 277 2949 merum
292 2887 426 2967 augebat.
454 2887 587 2958 Quorum
599 2905 667 2948 cum
681 2905 787 2964 magna
801 2886 958 2948 multitudo
965 2884 1120 2960 convenis·

162 2977 216 3040 set,
233 2971 483 3040 matresfamiliae,
512 2988 587 3047 qnae
612 2970 700 3048 paulo
722 2979 791 3032 ante
809 2970 950 3032 Romanis
971 2969 1008 3030 de
1033 2985 1120 3028 muro

161 3072 266 3114 manus
282 3055 451 3125 tendebant,
468 3072 538 3115 snos
553 3053 695 3115 obtestari
719 3064 749 3115 et
768 3073 852 3115 more
868 3053 979 3115 Gallico
999 3068 1120 3132 passum

163 3137 301 3216 capillum
307 3148 457 3199 ostentare
471 3137 686 3214 liberosquejn
696 3145 889 3217 conspectum
900 3139 1038 3217 prolerre
1053 3152 1120 3195 coe·

132 3229 278 3299 eperunt
313 3221 385 3282 Erat
398 3221 539 3282 Romanis
559 3239 615 3282 neo
634 3221 701 3282 loco
721 3240 778 3284 nec
797 3239 923 3283 numero
939 3231 1033 3297 aequa
1048 3236 1120 3280 con·

162 3306 269 3371 tentio;
287 3305 375 3365 simul
391 3314 420 3365 et
435 3323 525 3366 cursu
541 3312 570 3366 et
584 3308 680 3384 spatio
693 3323 810 3385 pugnae
830 3307 944 3384 fatigati
958 3321 1019 3365 non
1034 3300 1119 3364 facile

162 3395 298 3449 recentes
313 3395 402 3465 atque
416 3390 549 3467 integros
564 3389 758 3451 sustinebant

128 3479 142 3529 i
210 3471 416 3547 xxxxviiii.
445 3472 624 3534 Caesareum
638 3475 740 3551 irriquo
755 3473 821 3534 loco
833 3473 960 3552 pugnari
974 3470 1118 3531 bostium·
