2356 3870
259 197 372 254 cOMM.
387 199 408 253 l.
431 196 507 253 OAP.
522 196 822 254 LXXX-LXXXIIII.
982 191 1026 256 39

62 364 112 427 llli
129 372 158 425 ct
172 364 272 442 inopia
286 363 388 443 pabuli
404 363 537 432 adducti,
561 371 590 423 et
605 379 664 440 quo
679 370 777 423 essent
793 363 829 422 ad
849 362 880 422 id
902 362 1051 441 expedi-a

62 453 167 518 tiores,
182 449 280 508 omnia
296 449 461 507 sarcinaria
475 448 607 507 iumenta
623 448 753 508 interfici
769 446 883 507 iubent.

127 530 270 592 LXXXll.
306 530 340 591 ln
361 531 409 590 his
431 530 572 610 operibus
592 531 784 610 consiliisque
808 530 932 591 biduum
953 548 1022 591 con·
1036 537 1058 586 t.

63 618 208 686 sumitur;
231 616 320 675 tertio
337 607 385 675 die
401 631 506 692 magna
526 616 585 675 iam
600 633 669 693 pars
683 617 784 695 operis
800 615 935 676 Caesaris
954 633 1023 693 pro·

62 707 206 761 cesserat.
237 698 284 759 llli
298 698 506 778 impediendae
517 699 650 775 reliquae
661 701 837 759 munitionis
848 717 936 760 causa
950 697 1025 758 bora

62 784 188 846 circiter
203 796 280 843 v1111
300 785 386 860 signo
402 782 470 843 dato
490 781 622 860 legiones
643 783 774 844 educunt
794 785 948 861 aciemque
969 781 1025 843 sub

63 870 171 928 castris
186 869 347 927 instruunt.
374 866 481 927 Caesar
496 865 533 927 ab
545 884 635 945 opere
649 866 784 943 legiones
795 873 922 936 revocat,
939 869 1051 946 equi-2

62 958 159 1015 tatum
183 969 301 1011 omnem
328 952 486 1010 convenire
511 949 609 1020 iubet,
638 953 732 1012 aciem
756 953 894 1012 instruit:
912 956 1025 1010 contra

63 1037 236 1116 opinionem
251 1036 330 1094 enim
346 1034 472 1097 militum
494 1035 661 1114 famamque
676 1036 809 1096 omnium
822 1035 917 1096 videri
936 1052 1023 1114 proe-

62 1120 137 1181 lium
154 1118 303 1195 defugisse
317 1135 458 1195 magnum
474 1119 684 1179 detrimentum
700 1118 863 1180 adferebat.
890 1118 948 1179 Sed
965 1120 1050 1178 eis-tt

63 1202 185 1264 demde
201 1203 314 1272 causis,
336 1218 412 1278 quae
428 1208 496 1262 sunt
511 1205 662 1279 cognitae,
684 1221 743 1282 quo
760 1205 860 1264 minus
880 1203 1024 1263 dimicare

63 1286 168 1355 vellet,
190 1285 378 1355 movebatur,
404 1293 491 1365 atque
513 1285 568 1346 hoc
590 1288 678 1347 etiam
700 1289 808 1364 magis,
835 1286 914 1364 quod
936 1287 1024 1363 spatii

64 1371 196 1452 brevitas
211 1371 301 1430 etiam
312 1371 347 1430 in
361 1371 460 1446 fugam
473 1371 618 1431 coniectis
629 1371 808 1432 adversariis
822 1389 881 1431 non
896 1371 1023 1431 multum

64 1455 102 1516 ad
118 1472 262 1514 summam
276 1455 419 1514 victoriae
434 1456 535 1514 iuvare
550 1460 676 1533 poterat.
713 1455 778 1517 Non
794 1457 874 1514 enim
895 1454 1051 1533 ampliust

63 1538 176 1619 pedum
191 1536 313 1597 milibus
328 1537 444 1599 duobus
459 1536 495 1597 ab
511 1541 618 1598 castris
637 1546 735 1599 castra
757 1538 915 1599 distabant.
947 1539 1024 1598 Hinc

64 1624 140 1684 duas
154 1628 255 1700 partes
270 1623 350 1682 acies
365 1621 551 1700 occupabant
565 1622 656 1692 duae;
672 1625 761 1682 tertia
776 1621 907 1691 vacabat,
924 1622 960 1682 ad
977 1624 1023 1681 in·

63 1723 186 1768 cursum
211 1712 300 1784 atque
328 1707 473 1784 impetum
498 1705 628 1766 militum
657 1705 771 1766 relicta.
818 1705 853 1766 Si
876 1705 1051 1785 proeliumo
1147 1770 1150 1780 ¹

63 1792 318 1860 committeretur,
339 1789 544 1868 propinquitas
559 1798 722 1850 castrorum
733 1788 862 1850 celerem
877 1791 1026 1867 superatis

64 1893 103 1935 ex
119 1875 190 1951 fuga
204 1880 359 1952 receptum
375 1872 474 1933 dabat.
501 1873 564 1933 Hac
579 1873 615 1933 de
631 1890 719 1934 causa
731 1874 926 1934 constituerat
941 1875 1026 1950 signa

64 1957 266 2018 inferentibus
280 1960 431 2026 resistere,
448 1958 531 2035 prior
546 1957 661 2036 proelio
676 1976 736 2019 non
751 1957 908 2017 lacessere.

130 2040 289 2101 LXXXlll.
327 2043 414 2101 dcies
434 2047 499 2101 erat
519 2040 677 2102 Afraniana
697 2041 805 2121 duplex
823 2039 974 2118 legionum
989 2048 1051 2109 v,t

65 2127 190 2187 tertium
209 2126 241 2184 in
263 2123 405 2184 subsidiis
424 2121 527 2203 locum
548 2124 657 2186 alariae
677 2125 815 2185 cobortes
836 2124 1025 2194 obtinebant;

65 2206 204 2272 Caes‘aris
224 2208 348 2287 triplex;
370 2208 422 2268 sed
442 2211 569 2288 primam
590 2211 684 2270 aciem
705 2216 866 2289 quaternae
888 2209 1052 2269 cohortest

65 2312 106 2354 ex
120 2305 143 2352 v
157 2292 327 2369 legionibus
341 2291 497 2363 tenebant,
513 2292 567 2354 has
581 2293 779 2354 subsidiariae
795 2302 897 2352 ternae
914 2300 944 2352 et
958 2311 1026 2352 rur·

65 2395 119 2439 sus
134 2375 208 2436 aliae
224 2376 346 2436 totidem
363 2394 433 2437 suae
449 2378 592 2456 cuiusque
608 2377 737 2454 legionis
751 2375 1026 2454 subsequebantur;

66 2461 217 2537 sagittarii
230 2460 457 2538 funditoresque
472 2461 570 2521 media
591 2460 821 2521 continebantur
841 2462 919 2529 acie,
944 2462 1027 2537 equi·

65 2551 148 2605 tatus
159 2544 252 2604 latera
269 2543 414 2620 cingebat.
452 2543 516 2604 Tali
531 2547 676 2605 instructa
692 2546 756 2605 acie
780 2551 882 2605 tenere
899 2551 1054 2623 uterquea

65 2628 253 2710 propositum
269 2628 439 2687 videbatur:
471 2626 593 2699 Caesar,
614 2647 652 2689 ne
667 2631 726 2689 nisi
741 2636 861 2689 coactus
880 2626 1027 2707 proelium

67 2713 284 2780 committeret,
310 2705 376 2781 ille,
404 2718 436 2771 ut
462 2729 552 2790 opera
578 2712 713 2773 Caesaris
740 2712 911 2790 impediret.
956 2711 1028 2771 Pro·

67 2796 191 2856 ducitur
206 2801 268 2856 tum
283 2813 347 2864 reS,
370 2796 508 2871 aciesque
524 2796 560 2856 ad
583 2795 654 2856 solis
670 2813 807 2856 occasum
824 2797 1024 2863 continentum

66 2879 139 2941 inde
154 2882 274 2956 utrique
289 2881 322 2938 in
337 2886 434 2939 castra
450 2879 616 2940 discedunt.
646 2879 769 2940 Postero
785 2879 833 2938 die
848 2879 1056 2938 munitionest

67 2965 222 3024 institutas
237 2963 344 3024 Caesar
363 2970 449 3042 parat
468 2964 629 3042 perlicere;
650 2963 693 3023 illi
712 2963 817 3024 vadum
833 2962 964 3022 fluminis
979 2961 1028 3022 Si-

67 3049 149 3108 coris
164 3053 319 3126 temptare,
336 3049 361 3108 si
377 3050 504 3107 transire
518 3054 647 3126 possent.
685 3045 748 3117 Qua
768 3065 802 3107 re
824 3046 1055 3127 animadversae

67 3131 179 3193 Caesar
194 3131 357 3192 Germanos
371 3132 445 3192 levis
455 3139 623 3192 armaturae
636 3133 828 3208 equitumque
843 3138 958 3210 partem
973 3130 1028 3190 flu·

67 3233 138 3276 men
153 3217 255 3276 traicit
271 3214 450 3295 crebrasque
466 3217 498 3276 in
513 3218 589 3294 ripis
604 3216 754 3276 custodias
769 3216 908 3294 disponit.

130 3298 302 3359 LXXXllll.
333 3298 465 3360 Tandem
481 3299 619 3360 omnibus
633 3298 725 3361 rebus
740 3299 869 3369 obsessi,
891 3306 1056 3378 quartuml

66 3385 128 3442 lam
143 3382 223 3443 diem
239 3385 303 3444 sine
318 3383 426 3462 pabulo
441 3385 567 3444 retentis
582 3383 731 3454 iumentis,
747 3401 849 3462 aquae,
871 3383 1028 3460 lignorum,

66 3467 212 3528 frumenti
228 3469 338 3549 inopia,
355 3468 544 3549 conloquium
558 3475 677 3551 petunt,
692 3475 724 3531 et
740 3467 786 3542 id,
800 3469 831 3531 si
848 3467 1049 3546 beriqoss'n,
