2356 3870
359 249 471 306 COMM.
485 250 520 306 11.
543 250 619 307 OAP.
633 251 762 309 II-VI.
997 248 1041 314 45

81 435 135 479 eos
148 415 358 495 proficiscitur.
389 415 488 477 Facile
504 424 568 477 erat
584 435 620 477 ex
635 419 741 478 castris
756 415 787 477 C.
804 415 935 479 Treboni
950 427 1067 498 atquea

80 499 223 561 omnibus
238 498 444 579 superioribus
458 499 531 561 locis
545 502 717 580 prospicere
737 502 769 562 in
786 501 905 572 urbem,
928 510 962 563 ut
976 522 1039 564 om·

80 587 131 646 nis
145 585 298 652 iuventus,
319 601 394 664 quae
414 586 446 644 in
461 583 569 662 oppido
589 591 787 654 remanserat,
813 604 974 666 omnesque
990 605 1039 647 su·

80 669 211 748 perioris
231 669 337 729 aetatis
358 685 425 727 cum
446 666 551 728 liberis
578 674 665 746 atque
685 667 830 729 uxoribus
854 669 1040 750 publicisque

81 751 226 813 custodiis
248 759 299 812 aut
319 769 355 811 ex
369 769 455 812 muro
475 751 512 812 ad
537 752 649 811 caelum
671 769 775 813 manus
797 753 967 823 tenderent,
991 762 1041 815 aut

79 835 191 914 templa
214 835 337 897 deorum
362 835 571 895 immortalium
598 836 715 896 adirent
740 844 771 896 et
795 842 862 898 ante
883 838 1040 899 simulacra

59 964 63 968 -
80 920 208 1000 proiecti
224 921 379 979 victoriam
394 917 431 979 ab
450 918 494 979 dis
517 926 720 998 exposcerent.
755 919 858 998 Neque
874 928 938 982 erat
957 925 1068 1001 quis-t

80 1021 171 1083 quam
192 1004 338 1072 omnium,
360 1004 432 1082 quin
453 1003 484 1062 in
507 1004 573 1065 eius
595 1003 655 1064 diei
677 1020 747 1064 casu
767 1021 887 1079 suarum
909 1008 1039 1066 omnium

80 1088 267 1148 fortunarum
289 1092 426 1148 eventum
443 1088 606 1147 consistere
622 1088 816 1149 existimaret
853 1086 926 1149 Nam
942 1096 973 1149 et
986 1089 1066 1149 lio-o

80 1171 162 1233 nesti
179 1187 215 1231 ex
228 1173 380 1232 iuventute
396 1176 427 1231 et
441 1171 583 1246 cuiusque
594 1173 700 1232 aetatis
714 1171 890 1250 amplissimi
906 1175 1039 1234 nentina·

79 1257 137 1316 tim
158 1257 270 1315 evocati
292 1261 380 1334 atque
401 1253 550 1315 obsecrati
573 1257 656 1316 navis
677 1255 924 1326 conscenderant,
947 1264 992 1326 ut,
1015 1259 1041 1318 si

81 1337 155 1419 qnid
181 1337 295 1398 adversi
321 1338 493 1407 accidisset,
525 1355 563 1397 ne
588 1338 623 1398 ad
648 1339 813 1399 conandum
839 1339 959 1419 quidem
982 1339 1041 1401 sibi

80 1424 241 1502 quicquam
256 1421 364 1500 reliqui
384 1421 448 1481 inre
471 1420 621 1492 riderent;
644 1424 669 1482 si
684 1424 913 1500 superavissent,
928 1424 974 1484 vcl
989 1425 1041 1484 do·

80 1507 215 1567 mesticis
235 1502 341 1585 opibus
356 1505 402 1565 vel
423 1506 556 1566 externis
570 1505 687 1566 auxiliis
702 1505 738 1566 de
755 1505 849 1568 salute
870 1506 954 1567 urbis
971 1526 1040 1568 con·

81 1591 220 1651 fiderent.

148 1673 194 1734 Vl.
236 1673 397 1735 Commisso
424 1672 538 1752 proelio
562 1670 796 1734 Massiliensibus
820 1692 871 1734 res
898 1673 979 1735 nulla
1004 1674 1069 1736 adt,

82 1758 224 1818 virtutem
240 1757 350 1828 deluit3
367 1756 418 1817 sed
433 1774 580 1817 memores
595 1774 698 1817 eorum
712 1764 950 1837 praeceptorum,
966 1776 1041 1836 quae

81 1841 173 1923 paulo
189 1846 256 1901 ante
272 1840 309 1900 ab
325 1842 388 1901 suis
403 1846 586 1920 acceperant,
602 1840 659 1900 hoc
674 1842 772 1901 animo
786 1840 988 1911 decertabant,
1010 1847 1054 1901 ut¹

81 1924 198 1987 nullum
224 1924 304 1986 aliud
326 1931 442 2002 tempus
468 1924 504 1984 ad
527 1924 691 1985 conandum
717 1924 848 1986 habituri
869 1925 1043 1985 riderentur

82 2016 130 2079 et,
152 2007 261 2088 quibus
282 2009 314 2068 in
335 2025 433 2087 pugna
453 2009 531 2069 vitae
553 2007 719 2086 pericnlum
740 2007 904 2079 accideret,
926 2010 1042 2068 nonita
1076 2051 1077 2054 ,

81 2092 178 2154 multo
199 2110 231 2153 se
252 2092 435 2171 reliquorum
456 2093 563 2151 civium
584 2092 676 2152 iatum
698 2092 877 2164 antecedere
893 2093 1042 2153 existima·

82 2182 168 2245 rent,
195 2175 305 2255 quibus
324 2174 399 2236 urbe
421 2181 505 2254 capta
526 2174 628 2235 eadem
649 2183 728 2235 esset
755 2175 827 2237 belli
847 2177 966 2237 fortuna
990 2193 1042 2254 pa-

82 2260 195 2321 tienda.
237 2258 430 2339 Diductisqne
456 2260 566 2319 nostris
593 2258 734 2337 paulatim
759 2258 885 2320 navibus
914 2269 943 2320 et
971 2261 1070 2319 arti-a

82 2344 154 2405 flcio
175 2341 409 2420 gubernatorum
429 2342 457 2402 et
477 2340 637 2404 mobilitati
661 2343 778 2402 narium
804 2342 887 2404 locus
907 2342 1042 2411 dabatur,

84 2433 118 2488 et
132 2429 158 2486 si
174 2426 291 2504 qnando
306 2426 400 2487 nostri
415 2424 585 2486 facultatem
599 2427 679 2486 nacti
694 2426 802 2486 ferreis
817 2425 955 2487 manibus
968 2426 1043 2486 inie-

83 2511 143 2572 ctis
163 2528 266 2571 narem
282 2510 495 2587 religaverunt,
516 2509 648 2588 undique
670 2510 732 2570 suis
751 2508 956 2570 laborantibus
976 2517 1043 2569 suc·'

84 2593 258 2655 currebant.
294 2592 396 2673 Neque
411 2611 482 2652 vero
505 2595 657 2654 coniuncti
671 2592 783 2654 Albicis
803 2596 967 2655 comminus
987 2600 1070 2672 pua

86 2677 390 2756 gnandodeiiciebant
404 2695 501 2757 neque
515 2676 641 2737 multum
648 2676 794 2737 cedebant
806 2677 1042 2754 virtutenostris.

84 2759 182 2822 Simul
197 2779 234 2822 ex
249 2760 416 2822 minoribus
430 2760 555 2821 naribus
574 2778 681 2838 magna
695 2762 740 2821 vis
761 2761 875 2822 eminus
895 2762 985 2821 missa
1000 2767 1044 2819 te·

84 2844 183 2906 lorum
201 2845 294 2906 multa
315 2846 427 2904 nostris
441 2842 492 2924 [de
513 2841 688 2924 improviso]
710 2843 940 2922 inprudentibus
954 2850 1044 2920 atque

85 2928 241 3007 impeditis
255 2929 376 2988 uulnera
393 2927 572 2988 inferebant.
608 2928 858 3006 Conspicataeque
879 2945 969 2988 naves
989 2927 1072 2987 tri-4
1135 2973 1137 2977 Α

85 3031 186 3074 remes
200 3012 276 3085 duae
292 3029 396 3073 navem
410 3012 445 3073 D.
459 3011 564 3082 Bruti,
584 3029 659 3091 quae
676 3029 712 3071 ex
729 3012 839 3090 insigni
854 3011 940 3073 lacile
956 3027 1045 3088 agno·

86 3098 131 3157 sci
145 3102 273 3174 poterat,
289 3095 404 3157 duabus
419 3114 455 3157 ex
475 3095 612 3175 partibus
627 3113 691 3155 sese
711 3097 744 3156 in
759 3114 824 3156 eam
838 3096 1044 3156 incitaverant.

87 3178 147 3240 Sed
163 3186 277 3240 tantum
293 3198 326 3240 re
342 3181 460 3259 provisa
476 3179 587 3241 Brutus
601 3178 753 3241 celeritate
768 3182 852 3241 navis
872 3182 973 3241 enisus
989 3188 1044 3248 est,

85 3271 121 3325 ut
135 3282 225 3342 parvo
240 3273 390 3325 momento
405 3263 604 3326 antecederet.
639 3262 708 3324 lllae
723 3263 797 3325 adeo
818 3264 947 3341 grauiter
964 3265 1073 3323 intero

87 3363 120 3407 se
141 3349 283 3409 incitatae
299 3348 511 3417 condixerunt,
534 3354 565 3408 ut
579 3346 837 3409 vehementissime
858 3355 984 3427 utraque
1011 3365 1048 3407 ex

87 3448 237 3493 concursu
262 3431 448 3502 laborarent,
475 3431 567 3493 altera
587 3448 657 3491 vero
682 3432 852 3512 praefracto
868 3438 971 3492 rostro
987 3437 1058 3489 tnta

87 3513 296 3576 collabelleret.
324 3514 385 3587 Qua
399 3534 434 3578 re
449 3515 672 3592 animadversa,
689 3536 771 3602 quae
783 3518 950 3603 prosimus
963 3510 1107 3573 eximos
