2356 3870
379 226 457 284 cre.
471 226 710 285 carn-mxi.
874 191 876 195 ¹
978 223 1023 290 39

55 380 152 459 legati
179 397 196 439 a
218 377 372 438 Pharnace
394 380 481 438 missi
504 378 661 440 Caesarem
684 379 793 440 adeunt
814 386 903 458 atquc
925 381 1021 459 inpri·
1040 391 1063 440 2-

56 467 117 528 mis
132 464 342 539 deprecantur,
366 479 403 522 nc
420 465 488 522 eius
501 462 645 524 adrentus
667 463 787 524 hostilis
806 471 901 524 esset:
926 465 1022 526 factu·

55 566 128 611 rum
157 549 239 609 muira
267 547 367 607 omnia
394 546 585 617 Pharnacen,
622 566 697 626 quae
732 551 879 627 imperata
910 553 1021 609 essent.

56 633 247 710 Maximeque
268 630 557 701 commemorabant,
589 632 670 692 nulla
697 632 882 695 Pharnacem
911 632 1059 693 auxiliaa

58 725 164 779 contra
175 716 333 778 Gaesarem
344 714 487 793 Pompeio
510 715 744 786 darevoluisse,
768 736 835 779 cum
850 715 1021 786 Deiotarus,

54 803 110 882 qui
133 800 281 867 dedisset,
303 805 403 860 tamen
426 802 454 861 ei
476 801 681 861 satisfecisset.

122 882 209 946 Lxx.
254 883 364 944 Caesar
378 884 543 962 respondit,
567 903 599 945 se
622 886 687 946 fore
702 886 917 963 aequissimum
928 884 1023 946 Phar·
1039 897 1059 958 ,1

56 971 145 1038 naci,
183 971 225 1037 si,
262 986 339 1047 quae
371 969 583 1046 polliceretur,
621 977 903 1048 repraesentaturus
931 977 1022 1030 esset.

58 1053 177 1114 Monuit
198 1058 314 1126 autem,
339 1059 373 1112 ut
394 1052 525 1123 solebat,
554 1052 679 1116 mitibus
700 1053 802 1115 verbis
827 1053 955 1132 legatos,
985 1065 1060 1113 net

56 1146 112 1199 aut
133 1138 309 1198 Deiotarum
331 1136 391 1196 sibi
414 1136 586 1205 obicerent,
610 1147 661 1198 aut
683 1140 774 1199 nimis
796 1157 832 1199 eo
854 1138 1024 1216 gloriaren-

59 1231 110 1282 tur
147 1220 310 1310 beneficio,
348 1222 428 1298 quod
465 1221 576 1282 auxilia
605 1222 749 1323 Pompeio
783 1241 844 1283 non
879 1223 1023 1282 misisset

58 1307 136 1368 Nam
157 1323 190 1366 se
211 1322 310 1383 neque
332 1303 478 1366 libentius
500 1307 600 1366 lacere
605 1309 783 1391 quicquam
805 1323 894 1386 quam
910 1306 1023 1405 suppli·
1045 1317 1061 1364 3

61 1391 181 1452 cibus
173 1405 347 1487 ignoscere,
371 1406 468 1469 neque
490 1380 714 1468 provinciarum
736 1389 906 1468 publicas
898 1393 1025 1450 iniurias

56 1474 263 1536 condonare'
255 1475 294 1532 ris
316 1490 413 1550 posse,
436 1477 488 1552 qui
504 1476 652 1535 fuissent
644 1492 676 1534 rn
688 1477 765 1536 seo
752 1476 871 1536 fficiosi
915 1475 1025 1546 Quam·
1045 1485 1062 1532 4

57 1575 152 1634 qaum
175 1558 336 1635 idipsum,
360 1557 439 1636 quod
463 1567 748 1629 commemorarent,
773 1559 907 1619 officium
929 1559 1025 1618 fuisse

61 1641 168 1704 utilius
189 1641 353 1708 Pharnaci,
377 1644 430 1718 qui
452 1641 647 1720 providisset,
671 1660 709 1702 ne
730 1644 913 1712 vinceretur,
936 1661 1025 1720 quam

63 1726 136 1795 sibi,
164 1727 279 1787 cnidii
303 1725 478 1786 inmortales
506 1727 664 1785 victoriam
686 1724 876 1786 tribuissent
921 1725 1063 1826 ltaqueo

60 1827 186 1889 magnas
209 1818 239 1871 et
261 1826 367 1886 graves
389 1811 518 1870 iniurias
540 1810 650 1870 civium
673 1808 893 1879 Romanorum,
917 1812 1027 1890 quiin

60 1897 158 1958 Ponto
179 1896 326 1972 negotiati
348 1902 458 1963 essent,
482 1896 622 1972 quoniam
646 1911 677 1955 nr
699 1896 850 1970 integrum
862 1897 1026 1954 restrtuere

62 1998 124 2042 nou
140 1987 252 2058 posset,
276 1979 442 2038 concedere
458 1978 614 2039 Pharnaci
659 1977 733 2038 Nam
744 1995 842 2056 neque
856 1978 1064 2038 interfectiso

58 2067 205 2126 amissam
237 2065 328 2122 vitam
362 2080 459 2142 neque
492 2064 621 2123 exsectis
653 2062 830 2123 virilitatem
862 2064 1026 2123 restituere

63 2167 169 2229 posse;
192 2147 272 2226 quod
287 2145 408 2225 quidem
424 2147 607 2225 supplicium
622 2151 742 2224 gravius
756 2153 853 2207 morte
870 2149 950 2207 cives
968 2147 1026 2208 no-

62 2235 146 2295 mani
169 2230 333 2293 subissent.
377 2231 473 2291 Ponto
495 2250 566 2292 vero
589 2232 748 2292 decederet
762 2233 923 2292 confestim
939 2232 1026 2291 fami·
1048 2241 1063 2290 t

62 2319 177 2397 liasque
206 2315 436 2394 publicanorum
462 2319 632 2376 remitteret
659 2323 819 2394 ceteraque
852 2317 1028 2376 restitueret

63 2405 158 2464 sociis
187 2400 365 2478 civibusque
392 2400 550 2469 Romanis,
585 2418 662 2478 quae
695 2417 788 2478 penes
816 2418 886 2459 cum
914 2406 1025 2459 essent.

60 2488 97 2549 Si
112 2487 256 2554 fecisset,
286 2487 346 2545 iam
375 2491 447 2545 tunc
477 2484 537 2545 sibi
564 2487 698 2546 mitteret
726 2500 852 2544 munera
881 2500 915 2543 ac
939 2483 1064 2550 donat

59 2589 140 2651 quae
163 2568 241 2630 hene
263 2568 355 2630 rebus
377 2570 469 2645 gestis
493 2570 691 2647 imperatores
706 2567 744 2628 ah
760 2569 866 2629 amicis
888 2571 1027 2646 accipere

62 2661 262 2718 consuessent
282 2686 327 2698 -
346 2655 471 2714 miserat
493 2657 572 2716 enim
595 2653 764 2714 Pharnaces
780 2670 924 2714 coronam
939 2671 1027 2713 aure·

61 2759 113 2801 arn
134 2773 187 2798 -.
210 2738 264 2798 llis
287 2741 441 2815 responsis
465 2737 542 2799 datis
564 2738 677 2815 legatos
699 2740 826 2798 remisit.

127 2822 229 2884 cxxi.
273 2823 310 2882 At
336 2822 506 2883 Pharnaces
538 2821 706 2882 liberaliter
735 2825 834 2882 omnia
862 2821 1065 2900 pollicitust

63 2927 136 2970 cum
164 2907 362 2969 festinantem
384 2925 419 2969 ac
442 2914 689 2986 praecurrentem
712 2906 868 2966 Caesarem
891 2913 1030 2984 speraret

64 2992 211 3055 libentius
233 2993 325 3052 etiam
348 2992 535 3052 crediturum
564 2993 628 3051 suis
655 2992 830 3069 promissis,
861 3008 949 3069 quam
980 3007 1029 3050 res

63 3084 237 3158 pateretur,
260 3075 474 3155 quocelerius
496 3076 712 3154 honestiusque
735 3075 770 3135 ad
793 3093 843 3136 res
865 3078 960 3153 magis
976 3092 1028 3134 ne·

62 3164 214 3224 cessarias
236 3161 480 3240 proficisceretur
501 3194 544 3204 -
565 3161 679 3220 nernini
702 3162 782 3220 enim
806 3162 1028 3239 eratignolum,

64 3248 207 3328 plurimis
240 3246 277 3306 dc
311 3248 409 3307 causis
440 3246 477 3305 ad
504 3244 610 3306 urbem
633 3245 791 3306 Caesarem
818 3246 954 3304 revocari
976 3276 1028 3311 -,

64 3333 181 3394 lentius
211 3348 316 3410 agere,
351 3329 517 3390 decedendi
551 3330 630 3390 diem
664 3329 816 3407 postulare
849 3328 1028 3407 longiorem,

64 3420 222 3498 pactiones
237 3418 440 3492 interponere,
457 3418 489 3476 in
504 3432 618 3474 summa
633 3415 775 3474 frustrari
788 3414 898 3491 coepit
876 3412 1031 3472 tGaesar
1050 3425 1079 3468 <a

62 3505 187 3584 cognita
210 3499 373 3564 calliditate
394 3500 544 3572 hominis,
575 3499 657 3583 quod
680 3498 752 3563 aliis
772 3495 977 3578 temporibus
997 3510 1056 3551 na
