2356 3870
169 213 212 278 62
456 216 603 273 BELLUM
622 213 845 279 sumctuuu.

168 373 334 443 trucemque
350 383 480 444 pugnem
499 382 745 442 cognosceremus
767 374 858 441 atque
878 367 917 428 iis
943 369 1135 430 renuntiare·

132 468 241 515 smus.
287 452 345 523 Qui
367 450 526 512 collaudati
549 469 566 510 a
589 450 715 512 Caesare
738 451 948 531 stipendioque
972 451 1075 512 donati
1097 452 1137 514 ed

132 548 150 600 o
169 537 302 615 reliquos
317 536 460 614 perfugas
476 535 675 596 deducuntur.
720 535 855 606 erorum
871 537 1039 596 orationem
1055 536 1137 597 celc-

168 621 243 680 riter
264 623 375 680 veritas
397 618 618 698 comprobavit:
641 636 770 698 namque
792 625 913 698 postero
935 619 984 681 die
1006 637 1043 680 eu
1059 620 1135 698 legi·

169 703 278 765 onibus
299 703 357 773 his,
382 722 456 782 quas
477 704 594 765 Gaetuli
616 705 820 773 nominarunt.
843 704 957 765 milites
970 703 1135 782 legionarii

169 789 338 866 complures
361 787 399 848 ab
422 787 563 868 Scipione
587 790 617 848 in
641 795 739 848 eastra
761 787 898 849 Caesaris
924 789 1135 866 perfugerant.

132 886 147 935 1
231 872 361 934 XXXVI.
416 872 493 934 Dum
526 873 599 933 haec
632 870 668 932 ad
698 870 865 951 Ruspinam
896 879 1060 949 geruntur,
1093 871 1135 932 ll.

169 958 250 1027 Cato,
274 960 326 1036 qui
340 956 445 1016 Uticae
460 963 606 1033 praeerat
630 955 766 1017 delectus
781 955 892 1016 cotidie
908 955 1133 1026 libertinorum,

168 1044 325 1123 Afrorum,
356 1058 511 1101 servorum
538 1040 668 1118 denique
697 1048 727 1100 ct
754 1039 982 1119 cuiusquemodi
1011 1041 1136 1118 generis

168 1125 339 1192 hominum,
368 1127 420 1203 qui
448 1123 535 1184 modo
557 1142 613 1202 per
635 1130 765 1186 aetatem
788 1141 871 1184 arma
885 1124 966 1184 ferre
982 1128 1135 1202 poterant,

169 1208 281 1269 babere
303 1214 392 1285 atque
415 1206 470 1268 sub
492 1224 613 1268 manum
629 1208 763 1284 Scipioni
778 1210 811 1268 in
826 1216 924 1269 castra
944 1210 1135 1269 summittere

131 1300 147 1348 2
169 1311 229 1353 non
252 1293 436 1353 intermittit.
480 1290 584 1369 Legati
605 1293 729 1352 interim
751 1309 788 1352 ex
810 1291 919 1371 oppido
941 1290 1077 1361 Tbisdra,
1101 1292 1135 1352 iu

170 1395 228 1456 quo
250 1378 346 1436 tritici
369 1375 503 1435 modium
531 1375 616 1436 milia
649 1386 713 1435 ccc
745 1383 930 1454 comportata
960 1372 1085 1437 fuerant
1116 1391 1136 1434 a

169 1457 408 1538 negotiatoribus
430 1457 544 1519 ltelicis
566 1457 813 1539 aratoribusque‚
846 1459 882 1520 ad
905 1459 1063 1521 Gaesarem
1084 1477 1134 1520 vc·

169 1561 257 1613 nere,
290 1551 460 1622 quantaque
491 1545 579 1621 copia
606 1545 752 1605 frumenti
780 1543 860 1620 apud
881 1561 913 1605 se
935 1546 989 1613 sit,
1024 1543 1135 1606 docent

169 1629 317 1706 simulque
340 1634 492 1697 mantnt
515 1626 573 1688 sibi
596 1627 781 1706 praesidium
803 1629 913 1698 mittat,
937 1644 996 1704 quo
1012 1627 1136 1689 facilius

131 1721 201 1774 set
220 1714 406 1773 frumentum
434 1719 465 1771 et
493 1715 597 1790 copiae
631 1728 703 1772 suae
735 1719 959 1772 conserventur.
1015 1711 1134 1783 Quibus

168 1796 275 1875 Caesar
298 1798 329 1856 in
352 1797 522 1874 praesentia
544 1797 656 1871 gratias
684 1797 745 1873 egit
773 1795 1018 1875 praesidiumque
1047 1794 1133 1856 brevi

165 1887 301 1959 tempore
324 1897 356 1940 se
377 1881 541 1940 missurum
563 1879 647 1948 dixit,
671 1880 901 1958 cohortatusque
916 1879 953 1940 ad
966 1897 1039 1941 suos
1052 1882 1136 1941 cives

130 1977 147 2024 4
167 1963 253 2025 iubet
274 1964 437 2041 proficisci.
488 1963 520 2023 P.
544 1962 653 2024 Sittius
675 1965 797 2024 interim
819 1981 889 2024 cum
911 1964 1006 2043 copiis
1028 1963 1134 2025 Numi·

168 2047 235 2107 diae
257 2048 332 2107 lines
356 2048 511 2124 ingressus
533 2047 691 2108 castellum
721 2050 752 2107 in
779 2050 891 2108 montis
918 2047 986 2109 loco
1013 2050 1133 2109 munito

166 2129 306 2199 locatum,
330 2132 362 2190 in
384 2130 463 2209 quod
485 2130 559 2191 luba
582 2130 654 2190 belli
676 2129 801 2208 gerendi
824 2133 921 2209 gratia
944 2140 975 2193 et
996 2134 1133 2194 frumen·

166 2221 231 2274 tum
253 2219 283 2273 et
304 2231 355 2274 res
377 2222 508 2282 ceteras,
540 2230 616 2290 quae
638 2213 675 2274 ad
696 2214 810 2276 bellum
832 2217 901 2277 usui
928 2214 1025 2278 solent
1054 2234 1133 2287 csse,

167 2304 422 2376 comportaverat,
447 2300 474 2356 vi
497 2298 693 2376 expugnando
717 2306 761 2360 est
782 2301 906 2378 potitus.

26 2387 30 2395 '
132 2402 145 2450 1
229 2380 372 2443 xxxvii.
416 2382 691 2462 Gaesarpostquam
707 2381 877 2460 legionibus
892 2384 1043 2444 veteranis
1058 2383 1134 2446 dua·

166 2467 240 2536 bus,
264 2468 401 2546 equitatu
423 2465 540 2546 levique
564 2477 715 2528 armatura
738 2467 839 2544 copias
862 2484 930 2527 suas
945 2484 982 2528 ex
997 2469 1135 2530 secundo

167 2559 336 2612 commeatu
358 2556 496 2621 auxerat,
526 2568 616 2612 naves
645 2548 710 2630 [vr]
740 2551 895 2611 onerarias
922 2552 1024 2613 statim
1045 2552 1133 2614 iubet

165 2633 341 2711 Lilybaeum
364 2632 400 2693 ad
421 2634 574 2711 reliquum
598 2637 766 2695 exercitum
778 2635 1045 2714 transportandum
1060 2653 1133 2717 pro·

153 2719 277 2787 'ficisci;
308 2719 372 2796 ipse
399 2730 444 2779 vr.
464 2717 530 2779 lfal.
553 2716 641 2780 Febr.
671 2720 793 2781 circiter
820 2718 921 2797 vigilia
948 2721 1047 2800 prima
1074 2722 1132 2781 lm·

166 2811 262 2879 perat,
286 2801 493 2882 speculatores
516 2805 760 2883 apparitoresque
782 2820 887 2864 omnes
908 2811 942 2864 ut
963 2802 1020 2864 slbi
1042 2821 1133 2882 prae·

129 2899 145 2947 2
167 2894 213 2946 sto
236 2894 346 2948 essent.
391 2886 494 2966 ltaque
517 2886 656 2948 omnibus
670 2889 779 2950 insciis
793 2905 891 2966 neque
905 2886 1135 2966 suspicantibus

167 2970 270 3048 vigilia
298 2973 388 3031 tertla
416 2971 502 3032 iubet
530 2988 634 3032 omnes
662 2971 797 3050 legiones
829 2987 865 3032 ex
899 2973 1007 3032 castris
1041 2972 1130 3033 educl

167 3062 256 3132 atque
283 3071 317 3114 se
346 3057 491 3133 consequi
520 3054 556 3115 ad
584 3056 727 3134 oppidum
748 3057 912 3135 Ruspinam
944 3071 1064 3126 versus,
1098 3057 1134 3116 in

166 3155 224 3216 quo
247 3140 310 3216 ipse
332 3139 515 3218 praesidium
536 3137 644 3200 habuit
665 3147 695 3202 et
716 3139 795 3220 quod
816 3141 949 3216 primum
971 3138 1009 3200 ad
1024 3139 1133 3201 amici·

129 3223 238 3282 attam
266 3223 332 3282 eius
360 3223 495 3284 accessit.
550 3222 622 3286 lnde
651 3224 803 3304 parvulam
830 3223 1049 3302 proclivitatem
1076 3222 1132 3285 de·

167 3322 288 3382 gressus
320 3307 443 3367 sinistra
475 3314 560 3385 parte
592 3311 690 3387 campi
722 3315 846 3386 propter
881 3323 963 3368 mare
997 3306 1131 3386 legiones

128 3389 260 3453 educit.
303 3389 360 3451 llic
382 3407 506 3469 campus
528 3391 663 3454 mirabili
685 3391 816 3472 planicie
832 3399 913 3472 patet
927 3391 1010 3452 milia
1025 3409 1128 3470 passu·

159 3491 212 3537 um
232 3486 304 3546 1115
327 3492 417 3558 quem
440 3476 545 3557 iugum
566 3478 692 3557 cingens
713 3493 730 3538 a
751 3477 827 3538 mari
849 3482 949 3537 ortum
972 3492 1071 3555 neque
1087 3478 1133 3538 tta
