2356 3870
182 182 185 187 ’
297 218 410 276 coum.
425 220 473 276 m.
496 221 574 277 cnr.
587 221 824 277 uum-mm
988 217 1029 283 11

63 387 145 467 apud
161 386 317 448 Caesarem
339 386 475 456 lucrant,
497 387 633 467 quodque
649 405 756 448 novum
775 396 804 448 et
823 395 944 468 praeter
959 407 1029 450 con·

67 471 257 531 suetudinem
277 470 443 540 acciderat,
465 473 564 532 01111111
585 490 637 532 sua
658 472 808 550 praesidia
829 472 1029 534 circumduxit

63 562 156 634 atque
178 553 458 616 ostentationem
480 561 549 615 ante
566 555 598 615 id
623 563 741 635 tempus
761 574 848 618 nemo
869 564 920 617 aut
940 558 1055 618 milesa

62 646 118 699 :aut
134 656 225 718 eques
239 656 256 698 a
272 637 399 699 Caesare
415 638 451 700 ad
466 638 641 718 Pompeium
656 642 829 710 transierat,
852 659 918 701 cum
933 659 1029 721 paene

61 723 177 783 cotidie
198 721 374 802 aPompeio
394 722 431 783 ad
446 722 605 784 Caesarem
625 727 834 804 perfugerent,
856 725 943 803 vulgo
958 744 1028 786 vero

64 809 200 867 universi
214 808 246 866 in
261 806 357 886 Epiro
372 814 460 886 atque
475 807 588 869 detolla
607 811 770 888 conscripti
784 810 896 870 milites
910 828 1027 871 earum·

65 909 125 970 que
139 893 296 968 regionum
311 893 458 961 omnium,
479 910 555 970 quae
571 911 587 953 a
603 892 727 954 Caesare
742 893 933 965 tenebantur.
968 894 1054 954 Sedu
1100 971 1102 975 Ι

65 975 99 1035 hi
113 977 245 1053 cognitis
260 975 398 1038 omnihus
413 974 514 1044 rebus,
530 993 583 1037 seu
598 976 670 1055 quid
685 977 716 1037 in
728 977 944 1038 munitionibus
957 996 1027 1056 per-

64 1057 177 1120 lectum
193 1077 254 1121 non
270 1067 344 1129 erat,
361 1077 415 1120 seu
430 1059 502 1138 quid
517 1078 533 1120 a
548 1061 746 1139 peritioribus
760 1063 805 1122 rei
820 1063 961 1123 militaris
976 1062 1027 1123 de·
1130 1074 1132 1079 ⁴

65 1143 196 1205 siderari
211 1144 377 1213 videbatur,
394 1143 639 1224 temporibusque
654 1163 757 1206 rerum
774 1154 804 1205 01
819 1147 925 1226 spatiis
947 1146 1026 1207 loco·

65 1244 134 1288 rum
153 1234 184 1287 et
204 1229 406 1290 custodiarum
421 1229 502 1288 varia
522 1228 677 1306 diligentia
697 1230 916 1299 animadversa,
938 1239 1027 1309 prout

65 1314 211 1392 cuiusque
226 1331 345 1382 eorum,
366 1313 419 1391 qui
434 1314 562 1389 negotiis
581 1320 754 1391 praeerant,
776 1322 829 1375 aut
850 1323 956 1375 natura
977 1321 1028 1376 aut

65 1396 198 1457 studium
213 1397 340 1465 ferebat,
356 1395 430 1456 haec
445 1396 482 1456 ad
497 1395 670 1476 Pompeium
686 1399 785 1458 omnia
802 1398 982 1460 detulerunt.

129 1480 216 1542 LXII.
251 1480 366 1552 Quibus
392 1479 442 1540 ille
468 1483 596 1558 cognitis
621 1484 845 1561 emptionisque
871 1484 930 1542 iam
957 1489 1052 1544 anter

65 1571 152 1643 capto
168 1565 303 1634 consilio,
319 1571 354 1624 ut
368 1564 601 1625 demonstratum
616 1574 671 1635 est,
689 1568 850 1642 tegimenta
865 1566 957 1643 galeis
970 1570 1026 1628 mi-

64 1647 136 1709 lites
157 1665 193 1709 ex
212 1647 376 1709 viminibus
395 1649 495 1709 lacere
516 1655 604 1726 atque
624 1666 764 1726 aggerem
784 1649 869 1710 iubet
890 1668 1025 1729 compor-

65 1738 141 1793 tare.
171 1732 226 1794 His
241 1735 352 1812 paratis
366 1731 457 1793 rebus
472 1749 610 1810 magnum
625 1750 783 1793 numerum
806 1733 879 1793 levis
893 1741 1052 1794 armatu-t

65 1833 118 1877 rae
134 1824 165 1877 et
179 1819 402 1895 sagittariorum
413 1833 611 1896 aggeremque
621 1835 739 1877 omnem
752 1824 842 1878 noctu
857 1819 889 1877 in
901 1817 1026 1896 scaphas

64 1908 96 1961 et
110 1918 201 1961 naves
216 1904 364 1962 actuarias
379 1902 497 1980 inponit
512 1908 542 1961 et
557 1901 593 1961 de
613 1901 711 1962 media
725 1908 811 1962 nocte
828 1901 965 1962 cohortes
980 1915 1027 1962 Lx

65 2002 103 2045 ex
117 1987 255 2046 maximis
270 1987 377 2047 castris
391 1985 609 2065 praesidiisque
624 1986 767 2046 deductas
777 1986 813 2046 ad
829 2004 894 2046 eam
909 1993 1026 2066 partem

65 2071 263 2131 munitionum
280 2070 377 2139 ducit,
399 2088 475 2148 quae
492 2069 662 2148 pertinebat
682 2070 717 2130 ad
735 2087 818 2130 mare
839 2070 1025 2148 longissime-

63 2171 124 2232 que
150 2171 166 2214 a
191 2157 328 2216 maximis
355 2156 463 2215 castris
484 2154 620 2215 Caesaris
639 2153 751 2215 aberat.
792 2154 904 2216 Eodem
925 2163 1053 2224 naresa

64 2255 139 2317 quas
154 2238 420 2300 demonstravimus
435 2255 543 2316 aggere
559 2245 590 2298 01
605 2239 678 2299 levis
693 2245 861 2300 armaturae
876 2240 1025 2300 militibus

64 2322 242 2401 completas,
264 2340 395 2402 quasque
412 2322 448 2383 ad
463 2322 679 2402 Dyrrhachium
701 2340 791 2383 naves
811 2323 914 2400 longas
933 2323 1025 2383 habe-

64 2404 127 2475 bat,
143 2409 234 2468 mittit
249 2415 288 2475 01,
304 2406 376 2485 quid
392 2425 409 2466 a
423 2425 541 2486 quoque
556 2407 622 2467 fleri
637 2406 717 2475 velit,
734 2408 891 2486 praecipit.
914 2407 957 2467 dd
974 2415 1052 2467 0151

64 2492 247 2552 munitiones
277 2491 386 2551 Caesar
416 2490 574 2551 Lentulum
603 2491 807 2552 Marcellinum
837 2498 1024 2568 quaestorem
1050 2516 1057 2530 =

65 2591 133 2634 cum
154 2574 270 2652 legione
286 2586 374 2634 vnn.
396 2577 526 2653 positum
542 2574 682 2636 habebat.
712 2575 805 2643 Huic,
821 2572 899 2653 quod
914 2574 1025 2635 valetu-
1069 2628 1072 2633 .

65 2657 135 2718 dine
150 2661 250 2719 minus
265 2659 416 2719 commoda
432 2653 581 2727 utebatur,
600 2657 736 2719 Fulvium
752 2658 925 2719 Postumum
941 2659 1026 2720 adiu-

63 2748 160 2802 torem
177 2745 377 2804 summiserat.

128 2826 232 2888 LXIll.
262 2827 336 2888 Erat
350 2845 385 2887 eo
400 2826 464 2888 loco
479 2828 558 2888 lossa
573 2828 681 2908 pedum
692 2841 740 2888 xv
755 2835 786 2888 01
799 2826 906 2889 vallum
921 2835 1050 2888 contrat

63 2909 180 2971 hostem
196 2914 226 2972 in
243 2911 429 2972 altitudinem
443 2911 552 2989 pedum
568 2927 607 2981 x,
628 2912 861 2991 tantundemque
880 2913 943 2972 eius
958 2913 1025 2973 valli

63 3011 156 3071 agger
180 2997 212 3054 in
238 2995 426 3056 latitudinem
452 2994 588 3074 patebat;
613 2995 652 3056 ab
673 3014 708 3056 eo
732 2997 904 3056 intermisso
930 2999 1025 3076 spatio

63 3078 175 3158 pedum
200 3090 247 3139 Dc
272 3079 347 3140 alter
371 3097 532 3140 conversus
557 3083 588 3141 in
614 3082 793 3141 contrariam
819 3087 933 3159 partem
960 3092 1025 3143 erat

63 3161 158 3224 vallus
172 3162 333 3224 humiliore
348 3164 436 3243 paulo
446 3165 622 3225 munitione.
651 3164 714 3225 lloc
726 3166 805 3225 enim
818 3163 1050 3242 superioribusa

63 3246 172 3308 diebus
187 3250 296 3308 timens
310 3248 433 3318 Caesar,
455 3266 493 3308 ne
513 3248 639 3309 navibus
654 3251 749 3310 nostri
770 3251 1023 3310 circumveniren-

64 3339 123 3401 tur,
140 3331 286 3410 duplicem
303 3351 338 3394 eo
353 3332 417 3393 loco
432 3334 545 3393 lecerat
559 3333 676 3401 vallum,
692 3341 734 3403 ut,
755 3336 781 3394 si
796 3335 919 3413 ancipiti
935 3352 1023 3413 proe-

64 3414 105 3475 lio
120 3416 327 3487 dimicaretur,
349 3424 449 3495 posset
468 3417 579 3477 resisti.
616 3416 673 3477 Sed
700 3436 824 3498 operum
850 3417 1053 3493 magnitudos

60 3505 95 3559 et
111 3502 265 3560 continens
281 3506 411 3562 omnium
432 3501 550 3565 dierum
571 3499 675 3576 labor,
696 3504 782 3588 quod
794 3502 887 3567 1111111
896 3516 1054 3582 passuum

104 3608 127 3642 (ι’.
143 3609 196 3645 Γπ.
215 3611 285 3648 ons.
313 3613 343 3650 Π,
829 3607 846 3649 'l
