2356 3870
221 215 225 219 ’
327 218 425 276 corut.
442 220 492 276 Vll.
509 219 578 276 CAP.
594 220 807 278 liixxvii-Li
957 228 1018 290 lae

63 401 121 463 mre
135 385 238 462 augeri
253 384 351 462 copias
372 384 499 453 videret,
520 390 729 463 praemetuens
750 385 811 444 suis
830 385 929 446 Titum
945 386 1016 446 Sex·

62 466 291 545 tium-legatum,
308 484 396 544 quem
413 467 578 528 minorihus
598 469 701 528 castris
722 466 870 545 praesidio
890 469 1017 546 relique-

61 559 115 621 rat,
132 552 223 620 misit,
238 559 273 611 ut
287 549 424 611 cohortes
440 569 476 611 ex
491 553 595 612 castris
610 550 748 611 celeriter
763 551 904 613 educeret
919 564 949 613 et
962 553 1018 613 sub

61 636 161 696 intimo
177 633 253 694 colle
267 633 304 695 ah
319 634 423 694 dextro
438 633 531 695 latere
551 633 679 695 hostium
701 636 908 704 constitueret,
930 643 977 704 ut,
995 639 1049 696 sia

61 726 181 779 nostros
195 717 406 796 locodcpulsos
421 716 549 787 vidisset,
566 735 625 795 quo
636 719 735 778 mmus
749 717 843 779 libere
857 718 959 780 hostes
973 722 1017 780 in·

60 808 268 880 sequerentur,
281 809 417 862 terreret
439 801 506 880 lpse
517 802 637 881 paulum
654 819 689 861 ex
701 819 736 861 eo
748 800 812 861 loco
825 821 892 864 curn
904 803 1019 882 legione
1033 810 1049 861 a

60 902 249 965 progressus,
265 884 316 946 ubi
331 886 512 955 constiterat,
528 892 665 946 eventum
679 901 795 963 pugnae
811 887 991 965 expectabat

122 969 156 1029 L.
189 968 262 1030 Cum
275 970 420 1031 acerrime
435 971 599 1029 comminus
614 976 812 1048 pugnaretur,
834 969 935 1029 hostes
950 970 1015 1030 loco
1030 976 1043 1027 l

60 1061 90 1114 et
103 1070 246 1123 numero,
268 1053 363 1113 nostri
383 1054 490 1121 virtute
511 1053 705 1120 confiderent,
729 1052 826 1113 subito
842 1061 911 1114 sunt
925 1055 1017 1115 Aedui

60 1138 115 1198 etsi
130 1135 168 1197 ab
184 1135 277 1197 latere
291 1137 402 1196 nostris
417 1143 529 1215 aperto,
547 1152 621 1212 quos
636 1137 743 1197 Caesar
764 1136 801 1197 ab
816 1137 919 1198 dextra
933 1146 1017 1216 parte

59 1219 116 1282 alio
131 1237 258 1281 ascensu
279 1237 385 1280 manus
400 1219 584 1280 distinendae
604 1238 691 1284 causa
711 1222 841 1280 miserat.
878 1221 914 1281 lli
934 1222 1046 1281 simi-e

59 1303 187 1364 titudine
202 1321 354 1363 armorum
373 1303 564 1364 vehementer
578 1311 697 1364 nostros
719 1312 962 1382 perterruerunt,
984 1322 1018 1363 ac

60 1388 176 1448 tametsi
192 1386 304 1447 dextris
318 1386 450 1448 humeris
466 1388 590 1447 exsertis
605 1387 923 1457 animadvertebantur,
940 1386 1018 1463 quod

59 1472 177 1548 insigne
192 1467 360 1549 pac[a]tum
372 1489 437 1531 esse
450 1479 617 1541 consuerat,
633 1479 730 1531 tamen
746 1471 775 1529 id
791 1473 888 1550 ipsum
904 1473 949 1532 sui
965 1470 1017 1530 ial-

60 1553 140 1615 lendi
147 1571 235 1614 causa
250 1553 358 1613 milites
370 1554 406 1614 ab
418 1553 552 1614 hostibus
558 1556 668 1615 iactum
675 1554 889 1615 existimabant.
907 1555 1018 1615 Eodem
1033 1560 1048 1611 a

62 1647 198 1717 tempore
204 1636 312 1697 Lucius
318 1636 427 1698 Fabius
433 1641 576 1705 centurio,
589 1639 699 1714 quique
709 1656 768 1698 una
779 1655 898 1698 murum
913 1657 1014 1698 ascen-

62 1722 177 1791 derant,
189 1723 381 1781 circumventi
389 1722 631 1797 atqueintersecti
640 1739 726 1781 muro
739 1721 1016 1800 praecipitabantur.

61 1806 179 1866 Marcus
194 1805 361 1873 Petronius,
378 1805 511 1865 eiusdem
524 1805 649 1882 legionis
664 1806 814 1873 centurio,
836 1823 904 1866 cum
918 1813 1051 1884 portast

62 1888 202 1948 excidere
221 1895 344 1948 conatus
364 1897 457 1957 esset,
481 1908 497 1949 a
517 1887 705 1949 multitudine
727 1906 888 1966 oppressus
909 1906 943 1948 ac
963 1888 1017 1948 sibi

62 1972 234 2051 desperans,
250 1970 351 2032 multis
364 1973 422 2032 iam
438 1972 608 2032 vulneribus
628 1973 770 2050 acceptis,
787 1971 1018 2050 manipularibus

61 2057 133 2125 suis,
150 2057 201 2132 qui
214 2054 298 2116 illum
314 2057 408 2116 secuti
425 2063 517 2124 erant,
536 2057 690 2130 Quoniam,
707 2058 817 2133 inquit,
833 2073 880 2116 me
893 2072 955 2115 aaa
970 2073 1017 2117 oo

60 2141 173 2200 discum
192 2155 316 2200 screare
335 2157 395 2199 nen
411 2157 550 2216 possum,
573 2147 690 2200 vestroe
704 2141 822 2215 quidem
843 2147 925 2199 certe
940 2143 1019 2200 vitoe

58 2224 255 2299 prospiciam,
279 2239 353 2298 quos
366 2225 534 2299 cupiditate
545 2226 664 2298 gloriae
678 2225 828 2284 adductus
848 2226 879 2282 io
895 2227 1017 2298 perico-

59 2309 121 2367 lum
136 2307 262 2367 deduxi.
304 2307 364 2367 Vos
378 2308 453 2367 dcta
468 2306 720 2379 focultotcoodis
733 2308 885 2367 concedite.
924 2304 1048 2365 Simulo
1152 2377 1156 2386 ¹

60 2391 90 2450 iu
105 2389 221 2449 medios
235 2387 328 2449 hostis
348 2391 461 2468 inrupit
479 2389 654 2466 duobusque
673 2390 836 2450 intersectis
855 2387 987 2465 reliquos
1002 2408 1018 2448 a

61 2480 146 2551 porta
156 2471 279 2552 paulum
290 2475 455 2533 summovit.
473 2472 653 2533 Conantibus
663 2472 796 2534 auxiliari
808 2473 868 2532 suis
875 2474 1016 2546 Frustra,
1032 2476 1050 2528 o

61 2556 167 2634 inquit,
182 2571 268 2616 meae
281 2558 359 2617 citae
372 2558 529 2618 usuvenire
542 2559 702 2631 conamini,
716 2573 801 2632 quem
815 2558 876 2616 iam
896 2559 1019 2630 sanquis

61 2642 198 2715 recepte
211 2640 362 2711 deficiam.
400 2641 533 2702 Proin&
546 2642 642 2713 odite„
651 2642 722 2701 deon
736 2648 780 2701 est
790 2640 938 2713 facultas,
955 2656 1018 2701 vos·

60 2739 118 2798 que
131 2723 335 2796 adlectionem
350 2726 485 2800 recipite.
523 2724 564 2784 Ita
579 2740 715 2802 pugnans
729 2729 796 2802 post
810 2721 931 2800 paulum
947 2741 1016 2782 con·
1100 2790 1103 2794 Δ

62 2805 132 2866 cidit
146 2822 182 2865 ac
197 2807 259 2866 suls
274 2805 361 2867 salutl
375 2807 438 2867 fuit

123 2887 169 2949 Ll.
200 2888 310 2957 Nostri,
327 2908 394 2950 cum
406 2891 536 2967 undique
547 2896 764 2969 premerentur,
780 2907 854 2948 xnvx
870 2888 1016 2949 centurio·
1033 2893 1046 2945 l

59 2971 148 3033 uibus
164 2972 279 3032 amissis
300 2972 405 3034 deiecti
426 2981 496 3034 sunt
510 2973 585 3034 loco.
619 2972 677 3033 Sed
698 2970 903 3031 intolerantius
919 2972 1018 3033 Gallos

59 3054 335 3134 insequenteslegio
347 3056 461 3139 decima
477 3057 615 3125 tardarit,
633 3073 708 3133 quae
721 3073 777 3133 pro
783 3053 914 3115 subsidio
929 3056 1017 3136 paulo

60 3141 202 3216 aequiore
217 3137 481 3201 lococonstiterat.
517 3141 603 3200 llano,
618 3157 724 3200 rursus
744 3157 811 3198 1111.
829 3137 953 3217 legionis
969 3159 1017 3200 co·
1033 3149 1049 3196 a

59 3220 163 3284 hortes
174 3231 367 3301 exceperunt,
384 3241 459 3300 quae
471 3243 506 3284 cx
518 3225 622 3284 castris
632 3220 796 3283 minoribus
812 3223 934 3284 eductae
950 3242 1018 3284 cum

58 3305 126 3367 lito
141 3306 244 3368 Sextio
258 3305 355 3384 legato
371 3315 511 3386 ceperant
525 3306 621 3367 locum
637 3308 831 3385 superiorem.
863 3306 1015 3384 legiones,
1032 3313 1048 3363 a

59 3389 110 3452 ssi
124 3389 257 3469 primum
277 3390 434 3469 planiciem
452 3390 634 3468 adtigerunt,
657 3391 771 3450 infestis
791 3397 897 3451 contra
916 3391 1020 3451 hostes

58 3476 151 3554 signis
166 3474 370 3535 constiterunt.
402 3475 621 3553 Vercingetorix
639 3474 675 3539 ab
688 3473 845 3540 radicibus
861 3473 950 3537 collis
962 3479 1075 3536 suast
