2354 3864
150 195 192 259 94
472 198 520 254 DE
541 197 656 254 BELLO
679 196 789 254 0qu

150 364 280 445 publica,
297 366 438 426 donatum
453 364 576 425 milibus
590 377 631 425 cc
647 361 925 444 conlaudatumque
946 362 983 426 ab
999 366 1114 426 octaris

151 450 306 511 ordinibus
318 451 353 510 ad
369 449 556 529 primipilum
568 467 600 509 se
617 448 772 509 traducere
788 451 1113 527 pronuntiarit-eius

151 536 229 594 enim
245 552 336 613 opera
356 533 508 595 castellum
530 550 635 610 magna
655 550 692 593 er
712 539 797 612 parte
819 540 1025 593 conservatum
1047 551 1114 595 esso

151 617 356 679 constabat-
375 618 587 698 cohortemque
607 624 710 696 postea
731 617 843 696 duplici
863 618 1027 696 stipendio,
1050 617 1113 680 fru-

149 705 318 772 mentariis,
354 704 505 781 pecuariis
539 701 779 782 militaribusque
815 701 901 763 donis
929 701 1114 780 amplissime

151 788 279 848 donavit.

128 878 140 927 1
214 871 304 931 Lllll.
339 872 499 950 Pompeius
518 879 607 953 noctu
628 873 745 948 magnis
766 871 875 932 additis
894 871 1115 933 munitionibus

149 956 276 1035 reliquis
296 954 403 1016 diebus
423 963 523 1016 turres
543 957 675 1015 extruxit
694 962 724 1015 et
745 956 777 1015 in
794 955 981 1016 altitudinem
1002 955 1115 1034 pedum

149 1054 198 1100 xv
219 1040 333 1100 effectis
354 1039 496 1118 operibus
516 1041 614 1099 vineis
629 1057 695 1099 eam
715 1046 829 1118 partem
845 1045 1012 1099 castrorum
1028 1039 1114 1100 obte-

123 1126 208 1194 txit,
231 1131 261 1183 et
280 1126 413 1204 quinque
433 1125 614 1184 intermissis
629 1122 736 1184 diebus
756 1124 879 1184 alteram
900 1123 1115 1184 noctem'sub·

150 1207 285 1269 nubilam
301 1215 405 1268 nactus
420 1209 565 1268 extructis
580 1207 718 1268 omnibus
741 1215 905 1269 castrorum
928 1208 1068 1287 partibus
1083 1215 1115 1270 et

150 1292 187 1353 ad
201 1291 424 1373 impediendum
441 1291 575 1361 obtectis,
590 1294 680 1352 tertia
695 1293 769 1352 inita
778 1292 879 1370 vigilia
895 1293 1015 1353 silentio
1027 1310 1114 1353 exer·

133 1378 242 1443 ,citum
258 1377 360 1437 eduxit
375 1383 404 1436 et
419 1395 450 1437 se
465 1378 497 1436 in
513 1379 650 1456 antiquas
664 1378 846 1437 munitiones
860 1380 985 1456 recepit.

50 1500 54 1512 .
125 1469 138 1516 1
214 1460 272 1520 LV.
307 1458 454 1521 Omnibus
475 1460 617 1539 deinceps
637 1459 744 1521 diebus
764 1461 873 1522 Caesar
894 1463 1059 1521 exercitum
1081 1463 1114 1523 in

150 1547 244 1606 aciem
266 1563 393 1624 aequum
413 1547 444 1605 in
471 1545 568 1606 locmn
590 1536 745 1623 phoduxit,
773 1547 798 1604 si
818 1545 977 1623 Pompeius
997 1545 1115 1624 proelio

150 1629 304 1691 decertare
324 1628 428 1699 vellet,
451 1637 484 1689 ut
505 1647 600 1707 paene
621 1631 728 1689 castris
748 1628 871 1708 Pompei
891 1629 1024 1707 legiones
1042 1629 1113 1690 sub-

148 1714 257 1784 iceret;
274 1721 447 1794 tantumque
464 1732 479 1773 a
494 1712 570 1772 vallo
586 1715 650 1774 eius
665 1714 763 1791 prima
778 1716 859 1774 acies
874 1712 991 1784 aberat,
1014 1715 1058 1774 uti
1073 1731 1114 1774 ne

123 1797 210 1857 ttelo
225 1805 410 1858 tormentove
426 1797 504 1859 adici
519 1805 630 1876 posset.
657 1797 816 1876 Pompeius
831 1805 939 1868 autem,
955 1804 989 1858 nt
1003 1798 1113 1859 lamam

151 1884 380 1961 opinionemque
396 1881 549 1942 hominum
565 1887 691 1951 teneret,
705 1884 747 1942 sic
764 1899 820 1960 pro
831 1884 1113 1944 castriserercitum

149 1965 364 2034 constituebat,
390 1973 424 2025 ut
445 1968 534 2026 tertia
556 1967 635 2025 acies
655 1964 763 2026 vallum
790 1968 991 2044 contingeret,
1014 1968 1114 2027 omnis

46 2086 53 2098 ι
149 2050 269 2127 quidem
290 2052 454 2110 instructus
475 2050 624 2110 exercitus
644 2050 714 2110 telis
735 2069 772 2111 ex
794 2050 869 2111 vallo
890 2049 1015 2111 abiectis
1040 2069 1111 2130 pro·

148 2135 210 2210 tegi
225 2142 336 2212 posset.

123 2224 137 2275 1
211 2216 282 2277 LVI.
319 2217 448 2287 Aetolia,
469 2218 648 2288 Acarnania,
665 2217 875 2298 'Amphilochis
900 2237 955 2298 per
976 2219 1112 2281 Cassium

148 2299 314 2377 Longinum
331 2310 361 2361 et
376 2302 534 2363 Calvisium
551 2302 703 2374 Sabinum,
720 2311 753 2364 ut
767 2304 1044 2373 demonstravimus,
1062 2323 1110 2364 re·

149 2387 245 2464 ceptis
259 2387 460 2465 temptandam
475 2386 533 2467 sibi
546 2387 685 2448 Achaiam
701 2407 735 2448 ac
749 2388 837 2466 paulo
853 2388 969 2466 longius
984 2405 1110 2468 progre-

121 2469 290 2530 adiendum
313 2470 502 2531 existimabat
522 2471 640 2532 Caesar.
684 2472 786 2552 ltaque
808 2491 843 2533 eo
865 2472 1007 2534 Calenum
1027 2475 1111 2534 misit

150 2557 238 2630 eique
269 2553 412 2614 Sabinum
444 2562 474 2614 et
499 2555 633 2616 Cassium
663 2575 730 2616 cum
760 2555 932 2618 cohortibus
960 2558 1108 2634 adiungit.

121 2637 282 2708 tQuorum
309 2641 428 2716 cognito
451 2639 579 2700 adventu
601 2639 731 2701 Rutilius
752 2641 867 2720 Lupus,
895 2643 947 2721 qui
968 2641 1110 2702 Achaiam

147 2724 256 2782 missus
276 2741 292 2782 a
308 2722 449 2802 Pompeio
464 2723 632 2793 obtinebat,
654 2724 798 2785 Isthmum
815 2727 1006 2805 praemunire
1022 2727 1109 2786 insti·

121 2809 221 2881 ituit,
251 2814 283 2867 ut
309 2809 418 2869 Achaia
445 2807 560 2868 Fufium
587 2809 772 2887 prohiberet.
817 2810 942 2871 Calenus
968 2809 1108 2889 Delphos,

147 2891 279 2962 Thebas,
303 2890 522 2954 Orchomenum
537 2893 687 2972 voluntate
708 2896 840 2972 ipsarum
858 2893 1009 2954 civitatum
1023 2912 1108 2954 rece·

147 2977 200 3054 pit,
218 2975 374 3037 nonnullas
389 2976 481 3036 urbes
495 2995 550 3055 per
567 2980 627 3037 rim
643 2981 835 3056 expugnavit,
857 2978 989 3058 reliquas
1003 2980 1108 3039 cirita·

148 3067 194 3119 tes
215 3061 428 3120 circummissis
448 3061 646 3138 legationibus
661 3064 789 3123 amicitia
805 3062 925 3123 Caesari
946 3063 1109 3123 conciliare

148 3142 295 3203 studebat.
325 3143 359 3204 ln
374 3145 422 3204 his
436 3144 527 3204 rebus
541 3146 605 3206 lere
620 3153 684 3206 erat
699 3146 802 3208 Fufius
816 3154 986 3226 occupatus.

126 3227 139 3275 l
211 3225 296 3286 LVll.
333 3229 413 3288 Haec
428 3246 495 3289 cum
516 3231 546 3289 in
562 3229 671 3290 Achaia
687 3237 774 3310 atque
796 3231 873 3309 apud
889 3231 1109 3310 Dyrrhachium

148 3317 340 3386 gererentur,
369 3312 597 3393 Scipionemque
619 3317 650 3373 in
671 3314 872 3375 Macedoniam
893 3317 1010 3375 venisse
1035 3333 1107 3376 con·

149 3402 255 3464 staret,
276 3413 336 3455 non
352 3395 462 3457 oblitus
475 3399 595 3475 pristini
616 3399 744 3458 instituti
757 3400 864 3460 Caesar
879 3401 971 3460 mittit
986 3399 1023 3459 ad
1039 3417 1108 3460 eum

147 3474 189 3539 A.
206 3479 355 3557 Clodium,
378 3498 464 3541 suum
479 3490 566 3561 atque
590 3482 669 3543 illius
684 3483 876 3554 familiarem,
898 3502 986 3564 quem
1002 3483 1040 3543 ab
1054 3483 1108 3544 illo
