2356 3870
75 166 81 180 ¹
152 213 212 278 130
483 211 522 268 nu
538 170 643 268 nunno
659 210 797 267 Gnttlco

117 377 287 447 adiscedit,
304 376 430 438 Brutum
451 375 670 438 adulescentem
691 373 738 436 bis
758 376 852 453 copiis
866 375 1013 454 praedem
1036 374 1114 440 bunc

150 467 258 530 monet,
275 462 353 520 utin
374 461 469 521 omnis
488 465 588 538 partes
609 459 723 536 equites
738 476 827 536 quam
848 457 989 520 latissime
1009 477 1114 540 perra·

149 551 271 623 gentur:
289 543 426 604 daturum
441 562 473 604 se
488 561 624 622 operam,
646 560 684 603 nc
704 542 821 620 longius
843 543 941 604 triduo
957 542 993 604 ab
1009 547 1115 605 castris

118 637 134 686 3
149 627 232 689 absit.
263 626 316 688 His
330 629 495 688 constitutis
510 627 600 688 rebus
621 628 684 688 suis
701 627 931 705 inopinantibus,
949 642 1037 702 quam
1053 647 1112 690 ma·

48 787 50 791 y
119 721 134 768 t
149 713 235 772 rimis
249 718 348 790 potest
360 712 526 782 itineribus,
543 713 684 772 Viennam
698 712 841 789 pervenit.
868 710 912 771 lbi
926 720 1052 772 nanctus
1066 731 1114 772 re·

150 800 266 856 centem
274 797 445 872 equitatum,
463 813 551 873 quem
561 793 662 855 multis
672 793 893 855 antediebuseo
909 796 1114 873 praemiserat,

149 895 246 956 neque
261 879 367 940 diurno
388 896 485 956 neque
500 887 646 940 nocturno
667 880 773 938 itinero
788 880 957 940 intermisso
971 897 1026 957 per
1041 879 1115 940 fines

149 963 318 1024 Aeduorum
337 965 368 1023 in
388 963 535 1040 Lingones
555 962 721 1031 contendit,
742 961 794 1023 ubi
815 961 890 1022 duae
904 962 1036 1040 legiones
1051 962 1114 1023 bie·

149 1045 276 1114 mabant,
294 1057 334 1115 ut,
351 1048 376 1106 si
392 1046 461 1122 quid
485 1048 573 1107 etiam
588 1045 624 1106 de
639 1064 692 1107 sua
706 1045 800 1106 salute
815 1045 852 1106 ab
865 1045 974 1107 Aeduis
988 1047 1115 1108 iniretur

118 1136 134 1187 5
150 1128 278 1197 consilii,
300 1128 451 1190 celeritate
471 1136 688 1209 praecurreret.
725 1129 767 1190 Eo
785 1147 853 1191 cum
867 1130 1061 1208 pervenisset,
1077 1129 1115 1191 ad

149 1211 280 1289 reliquas
301 1212 432 1289 legiones
451 1215 543 1274 mittit
562 1215 706 1292 priusque
725 1230 828 1274 omnes
850 1214 881 1273 in
902 1231 995 1291 unum
1013 1212 1114 1274 locum

118 1301 134 1353 d
150 1298 235 1374 cogit,
253 1313 340 1373 quam
355 1296 392 1356 dc
408 1299 470 1359 eius
486 1297 612 1357 adventu
623 1299 763 1358 Arvernis
776 1298 907 1358 nuntiari
920 1303 1030 1376 pos'set
1053 1297 1114 1358 Hac

150 1398 183 1439 re
200 1381 315 1457 cognita
323 1381 545 1459 Vercingetorix
560 1398 666 1440 rursus
680 1381 711 1441 in
722 1381 872 1458 Bituriges
887 1382 1050 1442 exercitum
1065 1398 1113 1441 re·

149 1461 230 1524 ducit
245 1470 333 1539 atque
347 1463 417 1524 inde
427 1465 580 1542 proiectus
591 1463 799 1541 Gorgobinam,
810 1464 950 1525 boiorum
961 1463 1113 1543 oppidum,

150 1563 224 1624 quos
237 1546 279 1607 ibi
285 1545 435 1608 Helvetico
446 1547 559 1627 proelio
567 1548 659 1608 victos
667 1544 774 1609 Caesar
781 1547 1112 1610 conlocaveratneduis·

148 1647 206 1708 quo
221 1629 411 1699 adtribuerat,
430 1649 601 1710 oppugnare
616 1632 751 1692 instituit.

118 1719 131 1771 t
210 1713 245 1774 X.
275 1714 409 1792 blagnam
419 1714 492 1776 haec
506 1733 555 1777 res
561 1715 679 1776 Caesari
693 1714 893 1776 difficultatem
908 1714 945 1777 ad
959 1712 1113 1774 consilium

149 1797 325 1876 capiendum
345 1797 510 1868 adferebat,
532 1801 558 1859 si
577 1797 721 1876 reliquam
741 1806 856 1877 partem
877 1797 982 1859 hiemis
1002 1815 1062 1858 uno
1083 1799 1114 1858 in

147 1880 212 1941 loco
227 1880 359 1959 legiones
374 1884 548 1953 contineret,
565 1900 603 1965 ne
623 1881 822 1961 stipendiariis
835 1881 1006 1952 Aeduorum
1021 1899 1114 1960 erpu-

148 1966 244 2042 gnatis
266 1973 371 2025 cuncta
387 1964 479 2026 Galba
499 1966 654 2035 deficeret,
676 1966 754 2043 quod
775 1965 889 2026 nullum
910 1966 1011 2026 amicis
1030 1966 1062 2025 iu
1078 1982 1113 2025 eo

148 2048 329 2127 praesidinm
345 2048 494 2109 rideretur
506 2052 636 2127 positum
652 2067 733 2118 esse;
755 2051 780 2109 si
799 2049 946 2110 maturius
961 2067 997 2109 ex
1012 2047 1113 2108 biber·

135 2132 195 2194 vnis
212 2129 366 2199 educeret,
390 2149 428 2192 ne
449 2131 485 2193 ab
506 2151 541 2192 rc
557 2134 750 2194 frumentaria
770 2133 853 2195 duris
873 2131 1114 2194 subvectionibus

117 2213 306 2275 elaboraret.
343 2214 498 2276 Praestare
519 2218 614 2276 visum
636 2223 681 2278 est
700 2224 800 2278 tamen
815 2217 910 2277 omnis
926 2214 1114 2277 difficultates

149 2299 281 2377 perpeti,
305 2314 393 2374 quam
414 2305 494 2361 tanta
515 2300 693 2361 contumelia
708 2307 829 2379 accepta
844 2300 976 2361 omnium
990 2317 1115 2364 suorum

117 2387 133 2440 ³
147 2381 313 2443 voluntates
328 2380 465 2444 alienare.
496 2383 599 2460 ltaque
614 2384 785 2445 cohortatus
799 2385 917 2446 Aeduos
937 2383 974 2444 de
985 2401 1113 2462 suppor-

148 2465 237 2527 tando
253 2473 418 2527 commeatu
432 2469 596 2545 praemittit
609 2467 646 2529 ad
661 2468 764 2537 boios,
787 2469 837 2544 qui
857 2467 894 2528 de
915 2485 970 2528 suo
986 2467 1114 2528 adventu

149 2547 274 2610 doceant
293 2548 524 2627 hortenturque,
547 2560 580 2611 ut
599 2553 630 2612 in
648 2550 706 2612 fido
727 2560 865 2613 maneant
880 2559 968 2628 atque
982 2549 1113 2612 hostium

117 2633 290 2712 timpetum
305 2650 411 2710 magno
425 2635 522 2695 animo
537 2637 709 2696 sustineant.
736 2634 856 2696 Duabus
866 2634 1007 2712 Agedinci
1022 2633 1113 2712 legio·

147 2715 235 2776 nibus
250 2724 338 2792 atque
349 2715 568 2795 impedimentis
582 2720 673 2780 totius
685 2721 832 2780 exercitus
846 2718 958 2780 relictis
973 2717 1010 2779 ad
1025 2718 1113 2780 Boios

147 2801 356 2879 proficiscitur.

116 2889 130 2939 1
189 2884 237 2945 lli.
268 2883 368 2945 Altero
384 2884 432 2946 die
453 2903 520 2945 cum
535 2884 571 2945 ad
590 2884 733 2963 oppidum
749 2885 900 2947 Senonum
916 2884 1113 2946 Vellaunodu-

147 2984 219 3027 num
234 2969 378 3038 renisset,
400 2986 440 3029 ne
459 2985 548 3045 quem
568 2976 636 3047 post
655 2987 688 3030 so
707 2967 823 3030 hostem
843 2968 1036 3045 relinqueret,
1054 2985 1113 3045 quo

149 3050 332 3128 expeditiore
353 3069 387 3111 re
407 3053 600 3113 frumentaria
621 3058 771 3122 uteretur,
794 3053 966 3131 obpugnare
985 3053 1115 3113 instituit

114 3141 130 3190 2
145 3133 235 3210 idque
250 3132 339 3193 biduo
356 3134 598 3205 circumvallavit;
617 3137 703 3197 tertio
719 3135 766 3197 die
782 3137 879 3197 missis
895 3154 931 3196 ex
946 3135 1055 3215 oppido
1070 3134 1114 3196 le·

147 3215 430 3294 gatisdededitione,
449 3221 680 3286 armaconierri,
696 3221 826 3281 iumenta
837 3219 971 3298 produci,
988 3236 1113 3280 sexcen-

112 3304 131 3358 3
147 3306 193 3361 tos
208 3299 326 3362 obsides
347 3300 411 3362 dari
431 3300 527 3364 iubet.
564 3303 605 3364 Ea
628 3306 679 3381 qui
693 3306 867 3374 conficeret,
884 3303 915 3364 C.
931 3302 1116 3364 Trebonium

99 3390 104 3394 ’
146 3381 275 3462 legatum
291 3383 442 3462 reIInquit,
458 3387 523 3464 ipsc
538 3393 571 3448 ut
595 3404 683 3464 quam
697 3390 827 3466 primum
840 3389 899 3449 iter
913 3387 1046 3448 iaceret·
1060 3386 1114 3448 Ce-

114 3467 255 3532 tnabum
279 3469 441 3532 Carnutum
462 3472 675 3551 proficiscitur;
695 3473 760 3550 qui,
784 3482 844 3533 tum
866 3472 996 3551 primum
1018 3468 1115 3531 adlato
