2356 3870
347 228 445 287 coint.
462 229 514 286 1111.
530 230 599 286 GAP.
615 229 785 286 tut-xlm.
1001 233 1040 295 67

89 395 146 460 iuit
164 395 339 462 iustissima,
363 393 456 470 quod,
480 410 548 462 cum
568 392 680 453 rideret
702 393 863 454 Germanos
884 400 941 453 tam
956 393 1041 454 facile

87 477 215 557 impelli,
230 479 308 538 utin
323 476 444 537 Galliam
459 478 607 546 venirent,
624 478 685 537 suis
701 492 818 554 quoque
833 474 923 538 rebus
939 494 989 537 eos
1006 479 1040 537 ti·

86 580 172 622 mere
188 561 293 631 voluit,
310 578 377 621 cum
390 559 605 637 intellegerent,
625 566 654 619 et
667 578 757 638 posse
773 566 802 619 et
817 560 926 621 audere
940 559 1042 639 populi

87 644 214 705 Romani
229 644 390 705 exercitum
400 642 536 703 Rhenum
551 645 686 703 transire.
709 645 840 705 Accessit
851 644 946 714 etiam,
964 644 1041 719 quod
1056 653 1071 701 t

85 726 138 788 illa
153 745 222 806 pars
239 729 385 805 equitatus
396 727 551 805 Usipetum
567 733 597 785 et
608 726 832 796 Tencterorum,
850 744 937 805 quam
952 746 1042 806 supra

88 812 317 872 commemoravi
344 808 506 889 praedandi
533 809 791 886 frumentandique
818 828 905 870 causa
930 810 1040 870 Mosam

89 894 230 955 transisse
249 910 347 971 neque
367 892 480 972 proelio
499 892 683 962 interfuisse,
713 899 780 972 post
799 894 897 971 lugam
919 911 1041 954 suorum

88 995 121 1040 se
141 984 225 1038 trans
238 975 375 1037 Rhenum
394 977 425 1035 in
446 976 519 1036 lines
534 975 766 1052 Sugambrorum
782 984 936 1056 receperat
950 993 1042 1053 seque

87 1078 157 1121 cum
172 1061 208 1120 iis
223 1061 424 1121 coniunxerat.
458 1058 500 1118 hd
517 1060 590 1135 quos
606 1076 673 1119 cum
690 1059 795 1120 Caesar
810 1061 929 1120 nuntios
944 1062 1039 1120 misis·
1056 1068 1072 1118 3

87 1151 144 1212 set,
162 1144 211 1220 qui
225 1141 423 1223 postularent,
441 1159 500 1210 eos,
518 1143 568 1218 qui
583 1141 639 1202 sibl
654 1139 822 1220 Galliaeque
837 1141 947 1203 bellum
961 1144 1040 1203 intu-

85 1226 208 1295 lissent,
230 1226 287 1287 sibi
301 1225 457 1294 dederent,
473 1224 708 1303 responderunt:
725 1226 832 1305 Populi
846 1226 971 1287 Romani
984 1229 1040 1286 im·
1057 1235 1072 1282 4

85 1311 205 1389 perium
220 1308 355 1371 Rhenum
376 1309 476 1368 linire:
499 1309 523 1368 si
544 1325 576 1369 se
590 1309 680 1368 invito
696 1309 858 1369 Germanos
872 1311 904 1369 in
919 1309 1040 1370 Galliam

85 1393 216 1453 transire
236 1409 296 1452 non
312 1408 439 1469 aequum
459 1392 655 1460 existimaret,
674 1393 788 1453 cursui
803 1395 959 1469 quicquam
977 1411 1042 1454 esse

85 1477 206 1555 imperii
225 1482 275 1536 aut
289 1475 443 1553 potestatis
457 1481 539 1534 trans
553 1473 689 1535 Rhenum
705 1475 885 1554 postularet?
908 1477 975 1537 Ubii
990 1495 1040 1536 au·
1057 1483 1073 1532 o·

85 1566 165 1627 tem,
186 1561 235 1634 qui
255 1560 307 1619 uni
328 1575 364 1617 ex
379 1556 613 1618 Transrhenanis
634 1558 669 1618 ad
686 1558 838 1619 Caesarem
861 1559 972 1636 legatos
987 1561 1041 1619 rni-

85 1651 203 1710 serant,
225 1642 383 1701 amicitiam
397 1641 543 1709 fecerant,
560 1640 677 1701 obsides
693 1641 844 1711 dederant,
861 1659 1041 1720 magnopere

86 1722 231 1791 orabant,
249 1732 282 1784 ut
296 1723 352 1785 sibi
367 1723 506 1783 auxilium
522 1724 629 1793 ierret,
646 1725 724 1800 quod
739 1726 866 1802 graviter
884 1725 920 1785 ab
937 1724 1041 1785 Suebis

84 1815 311 1888 premerentur;
332 1806 393 1875 vel,
409 1807 434 1867 si
448 1806 477 1866 id
492 1807 590 1867 iacere
605 1807 846 1887 occupationibus
861 1808 1041 1886 reipublicae
1056 1814 1072 1864 ο

84 1889 311 1970 prohiberetur,
328 1891 490 1950 exercitum
505 1890 593 1950 modo
608 1890 744 1951 Rhenum
759 1899 988 1970 transportaret:
1010 1891 1040 1951 id

84 1974 144 2034 sibi
164 1977 204 2033 ed
222 1972 361 2034 auxilium
376 1989 518 2052 spemque
533 1973 639 2051 reliqui
655 1975 796 2054 temporis
811 1977 881 2034 satis
895 1975 1037 2035 iuturum.

82 2058 213 2117 Tantum
227 2075 291 2117 esse
303 2074 411 2116 nomen
426 2063 514 2132 atque
529 2059 697 2136 opinionem
715 2060 777 2118 eius
793 2060 939 2119 exercitus
954 2059 1037 2120 hrio—
1053 2065 1069 2114 7

85 2143 162 2200 visto
181 2139 267 2219 pulso
290 2146 320 2199 et
337 2138 394 2199 hoc
413 2140 571 2200 novissimo
592 2140 705 2220 proelio
725 2143 803 2202 iacto
818 2144 905 2202 etiam
921 2141 956 2202 ad
972 2142 1039 2203 ulti·

83 2242 149 2284 mas
165 2223 379 2283 Germanorum
399 2224 548 2307 nationes,
572 2226 613 2283 uti
635 2225 773 2302 opinione
796 2232 825 2285 et
845 2226 970 2285 amicitia
985 2244 1038 2304 po·

82 2306 149 2386 puli
169 2305 293 2366 Romani
314 2307 369 2366 tuti
390 2317 455 2366 esse
474 2307 596 2385 possint.
627 2306 749 2367 Navium
770 2325 904 2386 magnam
926 2311 1069 2387 copiame

82 2390 120 2451 ad
136 2389 396 2469 transportandum
414 2390 575 2449 exercitum
590 2389 814 2470 pollicebantur.
1113 2466 1115 2472 Ι

148 2471 234 2533 XVll.
260 2472 365 2533 Caesar
380 2471 426 2532 his
441 2472 478 2532 de
493 2474 603 2544 causis,
620 2491 693 2551 quas
708 2475 943 2542 commemoravi,
960 2473 1067 2535 Rhe-u

82 2574 156 2617 num
169 2557 297 2616 transire
309 2555 494 2623 decreverat;
511 2556 561 2617 sed
577 2557 700 2617 navibus
714 2558 841 2618 uanslre
856 2575 953 2634 neque
969 2561 1038 2619 satis

83 2647 180 2699 tutum
197 2657 262 2700 esse
277 2638 483 2708 arbitrabatur,
499 2657 596 2718 neque
611 2659 681 2702 suae
696 2656 794 2716 neque
807 2641 1038 2720 populiRomani

82 2723 234 2800 dignitatis
256 2739 320 2784 esse
340 2723 494 2784 statuebat.
532 2724 648 2801 ltaque,
671 2726 726 2785 etsi
747 2742 860 2784 summa
881 2725 1069 2786 diiiicultas2

82 2806 211 2867 iaciendi
225 2806 322 2885 pontis
337 2806 559 2886 proponebatur
573 2815 696 2887 propter
710 2807 907 2875 latitudinem,
928 2807 1037 2886 rapidi·

83 2896 174 2950 tatem
196 2888 440 2967 altitudinemque
461 2889 605 2961 liuminis,
628 2899 726 2951 tamen
740 2890 769 2949 id
785 2890 841 2950 slbi
855 2891 1035 2951 contenden-

83 2973 154 3032 dum
175 2981 227 3033 aut
246 2973 330 3033 aliter
349 2991 409 3034 non
429 2973 643 3034 traducendum
665 2975 826 3033 exercitum
843 2974 1035 3036 existimabat.

83 3056 238 3117 Rationem
259 3058 357 3136 pontis
377 3055 453 3116 hanc
466 3058 601 3117 instituit.
633 3057 725 3134 Tigna
740 3056 809 3117 bina
824 3057 1037 3138 sesquipedalia
1053 3067 1069 3118 3

82 3137 205 3218 paulum
225 3139 260 3200 ab
281 3141 341 3200 imo
361 3147 518 3221 praeacuta
540 3141 672 3201 dimensa
688 3141 723 3200 ad
739 3141 922 3202 altitudinem
938 3141 1036 3202 ilumi·

85 3224 128 3282 nis
153 3223 308 3284 intervallo
334 3224 443 3304 pedum
470 3224 595 3285 duorum
621 3226 698 3285 inter
723 3243 755 3284 se
780 3224 926 3302 iungebat.
958 3225 1067 3287 llaeca

85 3324 151 3366 cum
172 3305 436 3368 machinationibus
450 3309 570 3368 inmissa
584 3308 614 3367 in
630 3306 738 3368 ilumen
755 3308 896 3369 defixerat
910 3309 1036 3369 fistucis-

87 3405 142 3466 que
163 3388 317 3469 adegerat,
338 3410 398 3452 ncn
414 3390 544 3453 sublicae
559 3391 646 3452 modo
662 3390 775 3452 directe
790 3392 827 3453 ad
840 3391 1033 3474 perpendxcu

88 3469 155 3542 lum,
171 3473 224 3536 sed
231 3476 524 3556 proneaeiastigate,
542 3485 576 3541 ut
587 3477 759 3544 secundum
768 3485 917 3561 naturam
923 3475 1064 3539 huminis

852 3567 901 3637 5*

842 3646 883 3711 0
