<?xml version="1.0" encoding="UTF-8"?>
<!DOCTYPE html PUBLIC "-//W3C//DTD XHTML 1.0 Transitional//EN"
    "http://www.w3.org/TR/xhtml1/DTD/xhtml1-transitional.dtd">
<html xmlns="http://www.w3.org/1999/xhtml" xml:lang="en" lang="en">
 <head>
  <title>
</title>
<meta http-equiv="Content-Type" content="text/html;charset=utf-8" />
  <meta name='ocr-system' content='tesseract 3.04.00' />
  <meta name='ocr-capabilities' content='ocr_page ocr_carea ocr_par ocr_line ocrx_word'/>
</head>
<body>
  <div class='ocr_page' id='page_1' title='image "./commentariicuma00caesgoog_0319.png"; bbox 0 0 2356 3870; ppageno 0'>
   <div class='ocr_carea' id='block_1_1' title="bbox 152 227 787 293">
    <p class='ocr_par' dir='ltr' id='par_1_1' title="bbox 152 227 787 293">
     <span class='ocr_line' id='line_1_1' title="bbox 152 227 787 293; baseline -0.008 0"><span class='ocrx_word' id='word_1_1' title='bbox 152 227 213 293; x_wconf 86' lang='lat'><strong>108</strong></span> <span class='ocrx_word' id='word_1_2' title='bbox 471 231 519 287; x_wconf 77' lang='lat' dir='ltr'><strong>bn</strong></span> <span class='ocrx_word' id='word_1_3' title='bbox 540 230 655 286; x_wconf 86' lang='lat' dir='ltr'>BELLO</span> <span class='ocrx_word' id='word_1_4' title='bbox 678 231 787 288; x_wconf 79' lang='lat' dir='ltr'><strong>clvml</strong></span> 
     </span>
    </p>
   </div>
   <div class='ocr_carea' id='block_1_2' title="bbox 49 395 1117 3594">
    <p class='ocr_par' dir='ltr' id='par_1_2' title="bbox 150 395 1114 636">
     <span class='ocr_line' id='line_1_2' title="bbox 150 395 1114 478; baseline -0.003 -17"><span class='ocrx_word' id='word_1_5' title='bbox 150 400 297 463; x_wconf 87' lang='lat' dir='ltr'><strong>ficiscenti</strong></span> <span class='ocrx_word' id='word_1_6' title='bbox 318 397 494 478; x_wconf 82' lang='lat' dir='ltr'><strong>recepisset,</strong></span> <span class='ocrx_word' id='word_1_7' title='bbox 516 415 554 458; x_wconf 90' lang='lat' dir='ltr'><strong>ne</strong></span> <span class='ocrx_word' id='word_1_8' title='bbox 580 415 634 476; x_wconf 90' lang='lat' dir='ltr'><strong>per</strong></span> <span class='ocrx_word' id='word_1_9' title='bbox 655 400 720 458; x_wconf 93' lang='lat' dir='ltr'><strong>eius</strong></span> <span class='ocrx_word' id='word_1_10' title='bbox 740 399 947 458; x_wconf 87' lang='lat' dir='ltr'><strong>auctoritatem</strong></span> <span class='ocrx_word' id='word_1_11' title='bbox 968 395 1114 476; x_wconf 81' lang='lat' dir='ltr'><strong>deceptus</strong></span> 
     </span>
     <span class='ocr_line' id='line_1_3' title="bbox 150 480 1113 561; baseline -0.001 -18"><span class='ocrx_word' id='word_1_12' title='bbox 150 484 319 552; x_wconf 73' lang='lat' dir='ltr'><strong>videretur,</strong></span> <span class='ocrx_word' id='word_1_13' title='bbox 344 482 468 561; x_wconf 86' lang='lat' dir='ltr'><strong>reliqui,</strong></span> <span class='ocrx_word' id='word_1_14' title='bbox 497 482 528 541; x_wconf 93' lang='lat' dir='ltr'><strong>in</strong></span> <span class='ocrx_word' id='word_1_15' title='bbox 548 480 650 542; x_wconf 91' lang='lat' dir='ltr'><strong>labore</strong></span> <span class='ocrx_word' id='word_1_16' title='bbox 675 483 741 561; x_wconf 90' lang='lat' dir='ltr'><strong>pari</strong></span> <span class='ocrx_word' id='word_1_17' title='bbox 761 498 796 542; x_wconf 90' lang='lat' dir='ltr'><strong>ac</strong></span> <span class='ocrx_word' id='word_1_18' title='bbox 816 480 950 561; x_wconf 86' lang='lat' dir='ltr'><strong>periculo</strong></span> <span class='ocrx_word' id='word_1_19' title='bbox 974 499 1013 542; x_wconf 92' lang='lat' dir='ltr'><strong>ne</strong></span> <span class='ocrx_word' id='word_1_20' title='bbox 1034 497 1113 542; x_wconf 89' lang='lat' dir='ltr'><strong>unus</strong></span> 
     </span>
     <span class='ocr_line' id='line_1_4' title="bbox 152 566 670 636; baseline 0 -8"><span class='ocrx_word' id='word_1_21' title='bbox 152 585 256 628; x_wconf 89' lang='lat' dir='ltr'><strong>omnes</strong></span> <span class='ocrx_word' id='word_1_22' title='bbox 272 566 472 636; x_wconf 83' lang='lat' dir='ltr'><strong>antecederet,</strong></span> <span class='ocrx_word' id='word_1_23' title='bbox 487 571 670 628; x_wconf 85' lang='lat' dir='ltr'><strong>recusarent.</strong></span> 
     </span>
    </p>

    <p class='ocr_par' dir='ltr' id='par_1_3' title="bbox 126 647 1114 1066">
     <span class='ocr_line' id='line_1_5' title="bbox 126 647 1114 718; baseline -0.002 -7"><span class='ocrx_word' id='word_1_24' title='bbox 126 659 142 711; x_wconf 84' lang='grc' dir='ltr'><strong>ι</strong></span> <span class='ocrx_word' id='word_1_25' title='bbox 217 648 376 712; x_wconf 74' lang='lat' dir='ltr'><strong>cxxxiii.</strong></span> <span class='ocrx_word' id='word_1_26' title='bbox 413 648 475 711; x_wconf 91' lang='lat' dir='ltr'><strong>lam</strong></span> <span class='ocrx_word' id='word_1_27' title='bbox 490 650 526 710; x_wconf 88' lang='lat' dir='ltr'><strong>de</strong></span> <span class='ocrx_word' id='word_1_28' title='bbox 542 649 707 710; x_wconf 88' lang='lat' dir='ltr'><strong>sacerdotio</strong></span> <span class='ocrx_word' id='word_1_29' title='bbox 722 650 858 711; x_wconf 83' lang='lat' dir='ltr'><strong>Caesaris</strong></span> <span class='ocrx_word' id='word_1_30' title='bbox 872 650 1029 718; x_wconf 82' lang='lat' dir='ltr'><strong>Domitius,</strong></span> <span class='ocrx_word' id='word_1_31' title='bbox 1047 647 1114 709; x_wconf 81' lang='lat' dir='ltr'><strong>Sei·</strong></span> 
     </span>
     <span class='ocr_line' id='line_1_6' title="bbox 152 730 1114 816; baseline -0.002 -20"><span class='ocrx_word' id='word_1_32' title='bbox 152 737 204 816; x_wconf 94' lang='lat' dir='ltr'><strong>pio</strong></span> <span class='ocrx_word' id='word_1_33' title='bbox 227 735 428 814; x_wconf 89' lang='lat' dir='ltr'><strong>Spintherque</strong></span> <span class='ocrx_word' id='word_1_34' title='bbox 454 733 598 794; x_wconf 86' lang='lat' dir='ltr'><strong>Lentulus</strong></span> <span class='ocrx_word' id='word_1_35' title='bbox 623 733 780 795; x_wconf 85' lang='lat' dir='ltr'><strong>cotidianis</strong></span> <span class='ocrx_word' id='word_1_36' title='bbox 807 730 1050 794; x_wconf 89' lang='lat' dir='ltr'><strong>contentionibus</strong></span> <span class='ocrx_word' id='word_1_37' title='bbox 1075 731 1114 794; x_wconf 88' lang='lat' dir='ltr'><strong>ad</strong></span> 
     </span>
     <span class='ocr_line' id='line_1_7' title="bbox 152 816 1112 898; baseline -0.004 -18"><span class='ocrx_word' id='word_1_38' title='bbox 152 820 341 898; x_wconf 85' lang='lat' dir='ltr'><strong>gravissimas</strong></span> <span class='ocrx_word' id='word_1_39' title='bbox 362 818 523 881; x_wconf 89' lang='lat' dir='ltr'><strong>verborum</strong></span> <span class='ocrx_word' id='word_1_40' title='bbox 544 818 737 879; x_wconf 87' lang='lat' dir='ltr'><strong>contumelias</strong></span> <span class='ocrx_word' id='word_1_41' title='bbox 763 818 860 897; x_wconf 89' lang='lat' dir='ltr'><strong>palam</strong></span> <span class='ocrx_word' id='word_1_42' title='bbox 881 816 1112 887; x_wconf 84' lang='lat' dir='ltr'><strong>descenderunt,</strong></span> 
     </span>
     <span class='ocr_line' id='line_1_8' title="bbox 153 900 1114 971; baseline -0.002 -7"><span class='ocrx_word' id='word_1_43' title='bbox 153 922 220 964; x_wconf 93' lang='lat' dir='ltr'><strong>cum</strong></span> <span class='ocrx_word' id='word_1_44' title='bbox 235 903 378 964; x_wconf 89' lang='lat' dir='ltr'><strong>Lentulus</strong></span> <span class='ocrx_word' id='word_1_45' title='bbox 392 905 499 965; x_wconf 89' lang='lat' dir='ltr'><strong>aetatis</strong></span> <span class='ocrx_word' id='word_1_46' title='bbox 512 902 656 962; x_wconf 90' lang='lat' dir='ltr'><strong>honorem</strong></span> <span class='ocrx_word' id='word_1_47' title='bbox 670 908 842 971; x_wconf 89' lang='lat' dir='ltr'><strong>ostentaret,</strong></span> <span class='ocrx_word' id='word_1_48' title='bbox 859 901 1007 962; x_wconf 86' lang='lat' dir='ltr'><strong>llomitius</strong></span> <span class='ocrx_word' id='word_1_49' title='bbox 1022 900 1114 962; x_wconf 87' lang='lat' dir='ltr'><strong>urba·</strong></span> 
     </span>
     <span class='ocr_line' id='line_1_9' title="bbox 152 984 1114 1066; baseline -0.004 -16"><span class='ocrx_word' id='word_1_50' title='bbox 152 1006 222 1050; x_wconf 85' lang='lat' dir='ltr'><strong>nam</strong></span> <span class='ocrx_word' id='word_1_51' title='bbox 250 989 376 1064; x_wconf 81' lang='lat' dir='ltr'><strong>gratiam</strong></span> <span class='ocrx_word' id='word_1_52' title='bbox 402 987 635 1066; x_wconf 83' lang='lat' dir='ltr'><strong>dignitatemque</strong></span> <span class='ocrx_word' id='word_1_53' title='bbox 663 987 801 1054; x_wconf 86' lang='lat' dir='ltr'><strong>iactaret,</strong></span> <span class='ocrx_word' id='word_1_54' title='bbox 831 984 933 1064; x_wconf 88' lang='lat' dir='ltr'><strong>Scipio</strong></span> <span class='ocrx_word' id='word_1_55' title='bbox 958 984 1114 1047; x_wconf 83' lang='lat' dir='ltr'><strong>adfinitate</strong></span> 
     </span>
    </p>

    <p class='ocr_par' dir='ltr' id='par_1_4' title="bbox 125 1069 1115 1233">
     <span class='ocr_line' id='line_1_10' title="bbox 125 1069 1115 1150; baseline -0.001 -20"><span class='ocrx_word' id='word_1_56' title='bbox 125 1072 277 1150; x_wconf 81' lang='lat' dir='ltr'><strong>ttPompei</strong></span> <span class='ocrx_word' id='word_1_57' title='bbox 292 1070 464 1132; x_wconf 83' lang='lat' dir='ltr'><strong>confideret.</strong></span> <span class='ocrx_word' id='word_1_58' title='bbox 503 1069 666 1130; x_wconf 86' lang='lat' dir='ltr'><strong>Postulavit</strong></span> <span class='ocrx_word' id='word_1_59' title='bbox 680 1071 769 1130; x_wconf 91' lang='lat' dir='ltr'><strong>etiam</strong></span> <span class='ocrx_word' id='word_1_60' title='bbox 789 1069 823 1130; x_wconf 87' lang='lat' dir='ltr'><strong>L.</strong></span> <span class='ocrx_word' id='word_1_61' title='bbox 839 1070 994 1130; x_wconf 81' lang='lat' dir='ltr'><strong>biranium</strong></span> <span class='ocrx_word' id='word_1_62' title='bbox 1008 1069 1115 1148; x_wconf 86' lang='lat' dir='ltr'><strong>prodi·</strong></span> 
     </span>
     <span class='ocr_line' id='line_1_11' title="bbox 152 1153 1114 1233; baseline -0.002 -17"><span class='ocrx_word' id='word_1_63' title='bbox 152 1157 244 1216; x_wconf 90' lang='lat' dir='ltr'><strong>tionis</strong></span> <span class='ocrx_word' id='word_1_64' title='bbox 271 1156 421 1214; x_wconf 87' lang='lat' dir='ltr'><strong>exercitus</strong></span> <span class='ocrx_word' id='word_1_65' title='bbox 446 1154 569 1215; x_wconf 78' lang='lat' dir='ltr'><strong>Acutius</strong></span> <span class='ocrx_word' id='word_1_66' title='bbox 595 1154 690 1214; x_wconf 80' lang='lat' dir='ltr'><strong>Rufus</strong></span> <span class='ocrx_word' id='word_1_67' title='bbox 715 1153 793 1233; x_wconf 87' lang='lat' dir='ltr'><strong>apud</strong></span> <span class='ocrx_word' id='word_1_68' title='bbox 818 1153 1006 1232; x_wconf 90' lang='lat' dir='ltr'><strong>Pompeium,</strong></span> <span class='ocrx_word' id='word_1_69' title='bbox 1032 1153 1114 1232; x_wconf 91' lang='lat' dir='ltr'><strong>quod</strong></span> 
     </span>
    </p>

    <p class='ocr_par' dir='ltr' id='par_1_5' title="bbox 126 1235 1115 1908">
     <span class='ocr_line' id='line_1_12' title="bbox 126 1235 1115 1317; baseline 0 -19"><span class='ocrx_word' id='word_1_70' title='bbox 126 1247 271 1316; x_wconf 73' lang='lat' dir='ltr'><strong>egestum</strong></span> <span class='ocrx_word' id='word_1_71' title='bbox 290 1240 322 1298; x_wconf 94' lang='lat' dir='ltr'><strong>in</strong></span> <span class='ocrx_word' id='word_1_72' title='bbox 337 1237 480 1317; x_wconf 88' lang='lat' dir='ltr'><strong>Hispania</strong></span> <span class='ocrx_word' id='word_1_73' title='bbox 499 1237 623 1299; x_wconf 90' lang='lat' dir='ltr'><strong>diceret.</strong></span> <span class='ocrx_word' id='word_1_74' title='bbox 658 1237 696 1298; x_wconf 85' lang='lat' dir='ltr'><strong>Et</strong></span> <span class='ocrx_word' id='word_1_75' title='bbox 716 1237 750 1298; x_wconf 86' lang='lat' dir='ltr'><strong>L.</strong></span> <span class='ocrx_word' id='word_1_76' title='bbox 766 1237 914 1298; x_wconf 85' lang='lat' dir='ltr'><strong>Domitius</strong></span> <span class='ocrx_word' id='word_1_77' title='bbox 935 1239 965 1297; x_wconf 94' lang='lat' dir='ltr'><strong>in</strong></span> <span class='ocrx_word' id='word_1_78' title='bbox 987 1235 1115 1298; x_wconf 91' lang='lat' dir='ltr'><strong>consilio</strong></span> 
     </span>
     <span class='ocr_line' id='line_1_13' title="bbox 154 1319 1114 1401; baseline 0 -18"><span class='ocrx_word' id='word_1_79' title='bbox 154 1323 238 1391; x_wconf 87' lang='lat' dir='ltr'><strong>dixit,</strong></span> <span class='ocrx_word' id='word_1_80' title='bbox 262 1323 380 1401; x_wconf 88' lang='lat' dir='ltr'><strong>placere</strong></span> <span class='ocrx_word' id='word_1_81' title='bbox 400 1321 460 1382; x_wconf 91' lang='lat' dir='ltr'><strong>sibi</strong></span> <span class='ocrx_word' id='word_1_82' title='bbox 480 1321 558 1382; x_wconf 91' lang='lat' dir='ltr'><strong>bello</strong></span> <span class='ocrx_word' id='word_1_83' title='bbox 578 1323 713 1387; x_wconf 87' lang='lat' dir='ltr'><strong>conlecto</strong></span> <span class='ocrx_word' id='word_1_84' title='bbox 736 1329 836 1383; x_wconf 89' lang='lat' dir='ltr'><strong>ternas</strong></span> <span class='ocrx_word' id='word_1_85' title='bbox 857 1319 980 1381; x_wconf 89' lang='lat' dir='ltr'><strong>tabellas</strong></span> <span class='ocrx_word' id='word_1_86' title='bbox 993 1320 1060 1381; x_wconf 92' lang='lat' dir='ltr'><strong>dari</strong></span> <span class='ocrx_word' id='word_1_87' title='bbox 1075 1321 1114 1383; x_wconf 89' lang='lat' dir='ltr'><strong>ad</strong></span> 
     </span>
     <span class='ocr_line' id='line_1_14' title="bbox 153 1403 1114 1484; baseline -0.001 -16"><span class='ocrx_word' id='word_1_88' title='bbox 153 1406 346 1468; x_wconf 88' lang='lat' dir='ltr'><strong>iudicandum</strong></span> <span class='ocrx_word' id='word_1_89' title='bbox 360 1408 409 1476; x_wconf 90' lang='lat' dir='ltr'><strong>iis,</strong></span> <span class='ocrx_word' id='word_1_90' title='bbox 424 1406 475 1484; x_wconf 95' lang='lat' dir='ltr'><strong>qui</strong></span> <span class='ocrx_word' id='word_1_91' title='bbox 490 1406 603 1467; x_wconf 91' lang='lat' dir='ltr'><strong>ordinis</strong></span> <span class='ocrx_word' id='word_1_92' title='bbox 617 1413 718 1467; x_wconf 90' lang='lat' dir='ltr'><strong>essent</strong></span> <span class='ocrx_word' id='word_1_93' title='bbox 731 1407 875 1466; x_wconf 90' lang='lat' dir='ltr'><strong>senatorii</strong></span> <span class='ocrx_word' id='word_1_94' title='bbox 894 1403 1032 1483; x_wconf 91' lang='lat' dir='ltr'><strong>belloque</strong></span> <span class='ocrx_word' id='word_1_95' title='bbox 1053 1422 1114 1467; x_wconf 88' lang='lat' dir='ltr'><strong>una</strong></span> 
     </span>
     <span class='ocr_line' id='line_1_15' title="bbox 153 1490 1112 1569; baseline -0.001 -18"><span class='ocrx_word' id='word_1_96' title='bbox 153 1509 221 1551; x_wconf 89' lang='lat' dir='ltr'><strong>curn</strong></span> <span class='ocrx_word' id='word_1_97' title='bbox 236 1492 310 1569; x_wconf 92' lang='lat' dir='ltr'><strong>ipsis</strong></span> <span class='ocrx_word' id='word_1_98' title='bbox 324 1490 531 1550; x_wconf 82' lang='lat' dir='ltr'><strong>interfuissent</strong></span> <span class='ocrx_word' id='word_1_99' title='bbox 552 1493 772 1568; x_wconf 90' lang='lat' dir='ltr'><strong>sententiasque</strong></span> <span class='ocrx_word' id='word_1_100' title='bbox 787 1490 824 1550; x_wconf 92' lang='lat' dir='ltr'><strong>de</strong></span> <span class='ocrx_word' id='word_1_101' title='bbox 839 1490 965 1566; x_wconf 77' lang='lat' dir='ltr'><strong>singulis</strong></span> <span class='ocrx_word' id='word_1_102' title='bbox 985 1490 1112 1561; x_wconf 79' lang='lat' dir='ltr'><strong>ferrent,</strong></span> 
     </span>
     <span class='ocr_line' id='line_1_16' title="bbox 153 1572 1114 1655; baseline 0 -20"><span class='ocrx_word' id='word_1_103' title='bbox 153 1576 206 1655; x_wconf 91' lang='lat' dir='ltr'><strong>qui</strong></span> <span class='ocrx_word' id='word_1_104' title='bbox 221 1575 331 1635; x_wconf 81' lang='lat' dir='ltr'><strong>Romae</strong></span> <span class='ocrx_word' id='word_1_105' title='bbox 352 1576 566 1635; x_wconf 87' lang='lat' dir='ltr'><strong>remansissent</strong></span> <span class='ocrx_word' id='word_1_106' title='bbox 585 1577 695 1655; x_wconf 90' lang='lat' dir='ltr'><strong>quique</strong></span> <span class='ocrx_word' id='word_1_107' title='bbox 717 1577 796 1635; x_wconf 92' lang='lat' dir='ltr'><strong>intra</strong></span> <span class='ocrx_word' id='word_1_108' title='bbox 817 1574 966 1652; x_wconf 88' lang='lat' dir='ltr'><strong>praesidia</strong></span> <span class='ocrx_word' id='word_1_109' title='bbox 987 1572 1114 1653; x_wconf 91' lang='lat' dir='ltr'><strong>Pompei</strong></span> 
     </span>
     <span class='ocr_line' id='line_1_17' title="bbox 153 1659 1114 1739; baseline -0.001 -19"><span class='ocrx_word' id='word_1_110' title='bbox 153 1660 281 1721; x_wconf 85' lang='lat' dir='ltr'><strong>luissent</strong></span> <span class='ocrx_word' id='word_1_111' title='bbox 296 1676 392 1739; x_wconf 91' lang='lat' dir='ltr'><strong>neque</strong></span> <span class='ocrx_word' id='word_1_112' title='bbox 408 1676 528 1738; x_wconf 87' lang='lat' dir='ltr'><strong>operam</strong></span> <span class='ocrx_word' id='word_1_113' title='bbox 542 1661 575 1719; x_wconf 93' lang='lat' dir='ltr'><strong>in</strong></span> <span class='ocrx_word' id='word_1_114' title='bbox 589 1677 623 1718; x_wconf 91' lang='lat' dir='ltr'><strong>re</strong></span> <span class='ocrx_word' id='word_1_115' title='bbox 635 1659 756 1719; x_wconf 88' lang='lat' dir='ltr'><strong>militari</strong></span> <span class='ocrx_word' id='word_1_116' title='bbox 771 1659 1005 1737; x_wconf 89' lang='lat' dir='ltr'><strong>praestitissent:</strong></span> <span class='ocrx_word' id='word_1_117' title='bbox 1021 1674 1114 1719; x_wconf 91' lang='lat' dir='ltr'><strong>unam</strong></span> 
     </span>
     <span class='ocr_line' id='line_1_18' title="bbox 152 1741 1113 1823; baseline 0 -19"><span class='ocrx_word' id='word_1_118' title='bbox 152 1745 218 1805; x_wconf 87' lang='lat' dir='ltr'><strong>iore</strong></span> <span class='ocrx_word' id='word_1_119' title='bbox 239 1743 392 1813; x_wconf 88' lang='lat' dir='ltr'><strong>tabellam,</strong></span> <span class='ocrx_word' id='word_1_120' title='bbox 419 1745 471 1823; x_wconf 92' lang='lat' dir='ltr'><strong>qui</strong></span> <span class='ocrx_word' id='word_1_121' title='bbox 493 1742 664 1804; x_wconf 90' lang='lat' dir='ltr'><strong>liberandos</strong></span> <span class='ocrx_word' id='word_1_122' title='bbox 683 1744 764 1804; x_wconf 91' lang='lat' dir='ltr'><strong>omni</strong></span> <span class='ocrx_word' id='word_1_123' title='bbox 789 1741 922 1822; x_wconf 85' lang='lat' dir='ltr'><strong>periculo</strong></span> <span class='ocrx_word' id='word_1_124' title='bbox 944 1751 1113 1814; x_wconf 86' lang='lat' dir='ltr'><strong>censerent,</strong></span> 
     </span>
     <span class='ocr_line' id='line_1_19' title="bbox 153 1828 1114 1908; baseline 0 -20"><span class='ocrx_word' id='word_1_125' title='bbox 153 1828 293 1897; x_wconf 90' lang='lat' dir='ltr'><strong>alteram,</strong></span> <span class='ocrx_word' id='word_1_126' title='bbox 323 1830 375 1908; x_wconf 94' lang='lat' dir='ltr'><strong>qui</strong></span> <span class='ocrx_word' id='word_1_127' title='bbox 401 1829 508 1907; x_wconf 90' lang='lat' dir='ltr'><strong>capitis</strong></span> <span class='ocrx_word' id='word_1_128' title='bbox 532 1828 720 1897; x_wconf 85' lang='lat' dir='ltr'><strong>damnarent,</strong></span> <span class='ocrx_word' id='word_1_129' title='bbox 746 1830 882 1897; x_wconf 89' lang='lat' dir='ltr'><strong>tertiam,</strong></span> <span class='ocrx_word' id='word_1_130' title='bbox 910 1828 963 1906; x_wconf 91' lang='lat' dir='ltr'><strong>qui</strong></span> <span class='ocrx_word' id='word_1_131' title='bbox 983 1829 1114 1905; x_wconf 87' lang='lat' dir='ltr'><strong>pecunia</strong></span> 
     </span>
    </p>

    <p class='ocr_par' dir='ltr' id='par_1_6' title="bbox 49 1909 1114 2241">
     <span class='ocr_line' id='line_1_20' title="bbox 49 1909 1114 1997; baseline 0.002 -27"><span class='ocrx_word' id='word_1_132' title='bbox 49 1982 58 1997; x_wconf 31' lang='grc' dir='ltr'><strong>ι</strong></span> <span class='ocrx_word' id='word_1_133' title='bbox 125 1912 327 1986; x_wconf 69' lang='lat' dir='ltr'><strong>emullarent.</strong></span> <span class='ocrx_word' id='word_1_134' title='bbox 361 1912 515 1973; x_wconf 91' lang='lat' dir='ltr'><strong>Postremo</strong></span> <span class='ocrx_word' id='word_1_135' title='bbox 536 1930 639 1973; x_wconf 89' lang='lat' dir='ltr'><strong>omnes</strong></span> <span class='ocrx_word' id='word_1_136' title='bbox 658 1922 709 1973; x_wconf 88' lang='lat' dir='ltr'><strong>aut</strong></span> <span class='ocrx_word' id='word_1_137' title='bbox 732 1912 769 1972; x_wconf 90' lang='lat' dir='ltr'><strong>de</strong></span> <span class='ocrx_word' id='word_1_138' title='bbox 794 1909 958 1972; x_wconf 89' lang='lat' dir='ltr'><strong>honoribus</strong></span> <span class='ocrx_word' id='word_1_139' title='bbox 978 1913 1042 1971; x_wconf 90' lang='lat' dir='ltr'><strong>suis</strong></span> <span class='ocrx_word' id='word_1_140' title='bbox 1062 1919 1114 1973; x_wconf 85' lang='lat' dir='ltr'><strong>aut</strong></span> 
     </span>
     <span class='ocr_line' id='line_1_21' title="bbox 153 1995 1114 2075; baseline -0.001 -19"><span class='ocrx_word' id='word_1_141' title='bbox 153 1996 190 2056; x_wconf 91' lang='lat' dir='ltr'><strong>de</strong></span> <span class='ocrx_word' id='word_1_142' title='bbox 206 1998 349 2074; x_wconf 86' lang='lat' dir='ltr'><strong>praemiis</strong></span> <span class='ocrx_word' id='word_1_143' title='bbox 357 1998 501 2075; x_wconf 88' lang='lat' dir='ltr'><strong>pecuniae</strong></span> <span class='ocrx_word' id='word_1_144' title='bbox 513 2002 563 2057; x_wconf 92' lang='lat' dir='ltr'><strong>aut</strong></span> <span class='ocrx_word' id='word_1_145' title='bbox 574 1997 610 2057; x_wconf 91' lang='lat' dir='ltr'><strong>de</strong></span> <span class='ocrx_word' id='word_1_146' title='bbox 625 1995 843 2074; x_wconf 89' lang='lat' dir='ltr'><strong>persequendis</strong></span> <span class='ocrx_word' id='word_1_147' title='bbox 857 1995 1027 2055; x_wconf 89' lang='lat' dir='ltr'><strong>inimicitiis</strong></span> <span class='ocrx_word' id='word_1_148' title='bbox 1043 2011 1114 2072; x_wconf 82' lang='lat' dir='ltr'><strong>age·</strong></span> 
     </span>
     <span class='ocr_line' id='line_1_22' title="bbox 153 2079 1114 2160; baseline 0.002 -21"><span class='ocrx_word' id='word_1_149' title='bbox 153 2079 228 2140; x_wconf 91' lang='lat' dir='ltr'><strong>bant</strong></span> <span class='ocrx_word' id='word_1_150' title='bbox 242 2097 307 2149; x_wconf 89' lang='lat' dir='ltr'><strong>nec,</strong></span> <span class='ocrx_word' id='word_1_151' title='bbox 323 2079 432 2158; x_wconf 91' lang='lat' dir='ltr'><strong>quibus</strong></span> <span class='ocrx_word' id='word_1_152' title='bbox 446 2080 613 2140; x_wconf 84' lang='lat' dir='ltr'><strong>rationibus</strong></span> <span class='ocrx_word' id='word_1_153' title='bbox 627 2098 770 2159; x_wconf 90' lang='lat' dir='ltr'><strong>superare</strong></span> <span class='ocrx_word' id='word_1_154' title='bbox 785 2086 914 2160; x_wconf 89' lang='lat' dir='ltr'><strong>possent,</strong></span> <span class='ocrx_word' id='word_1_155' title='bbox 930 2079 992 2141; x_wconf 90' lang='lat' dir='ltr'><strong>sed.</strong></span> <span class='ocrx_word' id='word_1_156' title='bbox 1008 2096 1114 2158; x_wconf 85' lang='lat' dir='ltr'><strong>quem·</strong></span> 
     </span>
     <span class='ocr_line' id='line_1_23' title="bbox 153 2161 879 2241; baseline -0.001 -17"><span class='ocrx_word' id='word_1_157' title='bbox 153 2163 313 2224; x_wconf 88' lang='lat' dir='ltr'><strong>admodum</strong></span> <span class='ocrx_word' id='word_1_158' title='bbox 328 2165 372 2223; x_wconf 92' lang='lat' dir='ltr'><strong>uti</strong></span> <span class='ocrx_word' id='word_1_159' title='bbox 388 2166 511 2224; x_wconf 89' lang='lat' dir='ltr'><strong>victoria</strong></span> <span class='ocrx_word' id='word_1_160' title='bbox 527 2161 681 2234; x_wconf 90' lang='lat' dir='ltr'><strong>deberent,</strong></span> <span class='ocrx_word' id='word_1_161' title='bbox 697 2162 879 2241; x_wconf 84' lang='lat' dir='ltr'><strong>cogitabant.</strong></span> 
     </span>
    </p>

    <p class='ocr_par' dir='ltr' id='par_1_7' title="bbox 127 2246 1114 2665">
     <span class='ocr_line' id='line_1_24' title="bbox 127 2246 1114 2328; baseline 0.001 -20"><span class='ocrx_word' id='word_1_162' title='bbox 127 2254 138 2308; x_wconf 89' lang='lat' dir='ltr'><strong>t</strong></span> <span class='ocrx_word' id='word_1_163' title='bbox 216 2246 386 2309; x_wconf 86' lang='lat' dir='ltr'><strong>LXXXllIl.</strong></span> <span class='ocrx_word' id='word_1_164' title='bbox 432 2248 474 2308; x_wconf 77' lang='lat' dir='ltr'><strong>lle</strong></span> <span class='ocrx_word' id='word_1_165' title='bbox 495 2248 688 2309; x_wconf 82' lang='lat' dir='ltr'><strong>frumentaria</strong></span> <span class='ocrx_word' id='word_1_166' title='bbox 713 2255 889 2328; x_wconf 87' lang='lat' dir='ltr'><strong>praeparata</strong></span> <span class='ocrx_word' id='word_1_167' title='bbox 916 2247 1114 2309; x_wconf 89' lang='lat' dir='ltr'><strong>confirmatis·</strong></span> 
     </span>
     <span class='ocr_line' id='line_1_25' title="bbox 153 2330 1114 2411; baseline 0.001 -19"><span class='ocrx_word' id='word_1_168' title='bbox 153 2349 212 2410; x_wconf 92' lang='lat' dir='ltr'><strong>que</strong></span> <span class='ocrx_word' id='word_1_169' title='bbox 227 2330 375 2392; x_wconf 88' lang='lat' dir='ltr'><strong>militibus</strong></span> <span class='ocrx_word' id='word_1_170' title='bbox 389 2338 419 2392; x_wconf 90' lang='lat' dir='ltr'><strong>et</strong></span> <span class='ocrx_word' id='word_1_171' title='bbox 432 2334 505 2392; x_wconf 90' lang='lat' dir='ltr'><strong>satis</strong></span> <span class='ocrx_word' id='word_1_172' title='bbox 524 2331 611 2409; x_wconf 85' lang='lat' dir='ltr'><strong>longo</strong></span> <span class='ocrx_word' id='word_1_173' title='bbox 626 2334 722 2411; x_wconf 91' lang='lat' dir='ltr'><strong>spatio</strong></span> <span class='ocrx_word' id='word_1_174' title='bbox 741 2334 887 2411; x_wconf 89' lang='lat' dir='ltr'><strong>temporis</strong></span> <span class='ocrx_word' id='word_1_175' title='bbox 901 2352 917 2393; x_wconf 92' lang='lat' dir='ltr'><strong>a</strong></span> <span class='ocrx_word' id='word_1_176' title='bbox 932 2331 1114 2411; x_wconf 81' lang='lat' dir='ltr'><strong>Dyrrhachi·</strong></span> 
     </span>
     <span class='ocr_line' id='line_1_26' title="bbox 152 2415 1114 2496; baseline 0.001 -19"><span class='ocrx_word' id='word_1_177' title='bbox 152 2418 202 2477; x_wconf 90' lang='lat' dir='ltr'><strong>nis</strong></span> <span class='ocrx_word' id='word_1_178' title='bbox 217 2416 341 2495; x_wconf 87' lang='lat' dir='ltr'><strong>proeliis</strong></span> <span class='ocrx_word' id='word_1_179' title='bbox 355 2417 534 2486; x_wconf 85' lang='lat' dir='ltr'><strong>intermisso,</strong></span> <span class='ocrx_word' id='word_1_180' title='bbox 555 2435 613 2496; x_wconf 92' lang='lat' dir='ltr'><strong>quo</strong></span> <span class='ocrx_word' id='word_1_181' title='bbox 629 2419 702 2477; x_wconf 91' lang='lat' dir='ltr'><strong>satis</strong></span> <span class='ocrx_word' id='word_1_182' title='bbox 721 2423 911 2496; x_wconf 88' lang='lat' dir='ltr'><strong>perspectum</strong></span> <span class='ocrx_word' id='word_1_183' title='bbox 928 2415 1040 2476; x_wconf 90' lang='lat' dir='ltr'><strong>babere</strong></span> <span class='ocrx_word' id='word_1_184' title='bbox 1055 2419 1114 2478; x_wconf 90' lang='lat' dir='ltr'><strong>mi·</strong></span> 
     </span>
     <span class='ocr_line' id='line_1_27' title="bbox 152 2499 1113 2580; baseline -0.001 -19"><span class='ocrx_word' id='word_1_185' title='bbox 152 2501 241 2561; x_wconf 90' lang='lat' dir='ltr'><strong>litum</strong></span> <span class='ocrx_word' id='word_1_186' title='bbox 256 2502 386 2561; x_wconf 91' lang='lat' dir='ltr'><strong>animum</strong></span> <span class='ocrx_word' id='word_1_187' title='bbox 401 2499 561 2570; x_wconf 87' lang='lat' dir='ltr'><strong>videretur,</strong></span> <span class='ocrx_word' id='word_1_188' title='bbox 581 2501 784 2580; x_wconf 91' lang='lat' dir='ltr'><strong>temptandum</strong></span> <span class='ocrx_word' id='word_1_189' title='bbox 799 2501 907 2562; x_wconf 84' lang='lat' dir='ltr'><strong>Caesar</strong></span> <span class='ocrx_word' id='word_1_190' title='bbox 921 2502 1113 2572; x_wconf 81' lang='lat' dir='ltr'><strong>existimavit,</strong></span> 
     </span>
     <span class='ocr_line' id='line_1_28' title="bbox 153 2583 1114 2665; baseline 0.002 -21"><span class='ocrx_word' id='word_1_191' title='bbox 153 2585 295 2662; x_wconf 90' lang='lat' dir='ltr'><strong>quidnam</strong></span> <span class='ocrx_word' id='word_1_192' title='bbox 316 2583 474 2663; x_wconf 92' lang='lat' dir='ltr'><strong>Pompeius</strong></span> <span class='ocrx_word' id='word_1_193' title='bbox 495 2587 641 2665; x_wconf 90' lang='lat' dir='ltr'><strong>propositi</strong></span> <span class='ocrx_word' id='word_1_194' title='bbox 662 2593 712 2646; x_wconf 92' lang='lat' dir='ltr'><strong>aut</strong></span> <span class='ocrx_word' id='word_1_195' title='bbox 730 2586 890 2647; x_wconf 82' lang='lat' dir='ltr'><strong>voluntatis</strong></span> <span class='ocrx_word' id='word_1_196' title='bbox 910 2584 946 2646; x_wconf 90' lang='lat' dir='ltr'><strong>ad</strong></span> <span class='ocrx_word' id='word_1_197' title='bbox 967 2583 1114 2646; x_wconf 85' lang='lat' dir='ltr'><strong>dimican-</strong></span> 
     </span>
    </p>

    <p class='ocr_par' dir='ltr' id='par_1_8' title="bbox 112 2666 1117 3594">
     <span class='ocr_line' id='line_1_29' title="bbox 126 2666 1114 2746; baseline 0.002 -19"><span class='ocrx_word' id='word_1_198' title='bbox 126 2667 226 2728; x_wconf 72' lang='lat' dir='ltr'><strong>bdum</strong></span> <span class='ocrx_word' id='word_1_199' title='bbox 241 2666 373 2729; x_wconf 87' lang='lat' dir='ltr'><strong>haberet</strong></span> <span class='ocrx_word' id='word_1_200' title='bbox 408 2666 511 2746; x_wconf 90' lang='lat' dir='ltr'><strong>ltaque</strong></span> <span class='ocrx_word' id='word_1_201' title='bbox 527 2686 563 2728; x_wconf 87' lang='lat' dir='ltr'><strong>ex</strong></span> <span class='ocrx_word' id='word_1_202' title='bbox 579 2669 683 2730; x_wconf 89' lang='lat' dir='ltr'><strong>castris</strong></span> <span class='ocrx_word' id='word_1_203' title='bbox 697 2673 861 2731; x_wconf 80' lang='lat' dir='ltr'><strong>exercitum</strong></span> <span class='ocrx_word' id='word_1_204' title='bbox 877 2668 980 2730; x_wconf 83' lang='lat' dir='ltr'><strong>eduxit</strong></span> <span class='ocrx_word' id='word_1_205' title='bbox 1002 2671 1114 2730; x_wconf 90' lang='lat' dir='ltr'><strong>aciem·</strong></span> 
     </span>
     <span class='ocr_line' id='line_1_30' title="bbox 152 2752 1115 2833; baseline 0.001 -19"><span class='ocrx_word' id='word_1_206' title='bbox 152 2770 211 2832; x_wconf 90' lang='lat' dir='ltr'><strong>que</strong></span> <span class='ocrx_word' id='word_1_207' title='bbox 226 2753 378 2821; x_wconf 81' lang='lat' dir='ltr'><strong>instruxit,</strong></span> <span class='ocrx_word' id='word_1_208' title='bbox 394 2753 492 2831; x_wconf 93' lang='lat' dir='ltr'><strong>primo</strong></span> <span class='ocrx_word' id='word_1_209' title='bbox 508 2754 570 2813; x_wconf 91' lang='lat' dir='ltr'><strong>suis</strong></span> <span class='ocrx_word' id='word_1_210' title='bbox 584 2753 658 2814; x_wconf 90' lang='lat' dir='ltr'><strong>locis</strong></span> <span class='ocrx_word' id='word_1_211' title='bbox 673 2754 819 2833; x_wconf 88' lang='lat' dir='ltr'><strong>pauloque</strong></span> <span class='ocrx_word' id='word_1_212' title='bbox 835 2773 851 2814; x_wconf 92' lang='lat' dir='ltr'><strong>a</strong></span> <span class='ocrx_word' id='word_1_213' title='bbox 867 2754 973 2814; x_wconf 87' lang='lat' dir='ltr'><strong>castris</strong></span> <span class='ocrx_word' id='word_1_214' title='bbox 987 2752 1115 2832; x_wconf 90' lang='lat' dir='ltr'><strong>Pompei</strong></span> 
     </span>
     <span class='ocr_line' id='line_1_31' title="bbox 152 2835 1115 2917; baseline 0.001 -20"><span class='ocrx_word' id='word_1_215' title='bbox 152 2836 282 2913; x_wconf 85' lang='lat' dir='ltr'><strong>longius,</strong></span> <span class='ocrx_word' id='word_1_216' title='bbox 305 2835 528 2897; x_wconf 89' lang='lat' dir='ltr'><strong>continentibus</strong></span> <span class='ocrx_word' id='word_1_217' title='bbox 548 2855 617 2898; x_wconf 90' lang='lat' dir='ltr'><strong>vero</strong></span> <span class='ocrx_word' id='word_1_218' title='bbox 639 2836 759 2907; x_wconf 91' lang='lat' dir='ltr'><strong>diebus,</strong></span> <span class='ocrx_word' id='word_1_219' title='bbox 787 2845 822 2898; x_wconf 92' lang='lat' dir='ltr'><strong>ut</strong></span> <span class='ocrx_word' id='word_1_220' title='bbox 841 2836 1077 2917; x_wconf 85' lang='lat' dir='ltr'><strong>progrederetur</strong></span> <span class='ocrx_word' id='word_1_221' title='bbox 1096 2854 1115 2898; x_wconf 88' lang='lat' dir='ltr'><strong>a</strong></span> 
     </span>
     <span class='ocr_line' id='line_1_32' title="bbox 153 2919 1116 3000; baseline 0.002 -20"><span class='ocrx_word' id='word_1_222' title='bbox 153 2926 263 2983; x_wconf 90' lang='lat' dir='ltr'><strong>castris</strong></span> <span class='ocrx_word' id='word_1_223' title='bbox 277 2922 339 2980; x_wconf 92' lang='lat' dir='ltr'><strong>suis</strong></span> <span class='ocrx_word' id='word_1_224' title='bbox 348 2919 531 3000; x_wconf 87' lang='lat' dir='ltr'><strong>collibusque</strong></span> <span class='ocrx_word' id='word_1_225' title='bbox 543 2920 834 3000; x_wconf 86' lang='lat' dir='ltr'><strong>Pompeianisacicm</strong></span> <span class='ocrx_word' id='word_1_226' title='bbox 846 2919 1007 2982; x_wconf 90' lang='lat' dir='ltr'><strong>subiceret.</strong></span> <span class='ocrx_word' id='word_1_227' title='bbox 1029 2919 1116 2991; x_wconf 84' lang='lat' dir='ltr'><strong>Quae</strong></span> 
     </span>
     <span class='ocr_line' id='line_1_33' title="bbox 125 3003 1115 3066; baseline 0.001 -3"><span class='ocrx_word' id='word_1_228' title='bbox 125 3010 204 3064; x_wconf 82' lang='lat' dir='ltr'><strong>8res</strong></span> <span class='ocrx_word' id='word_1_229' title='bbox 218 3007 250 3064; x_wconf 91' lang='lat' dir='ltr'><strong>in</strong></span> <span class='ocrx_word' id='word_1_230' title='bbox 265 3003 330 3064; x_wconf 89' lang='lat' dir='ltr'><strong>dies</strong></span> <span class='ocrx_word' id='word_1_231' title='bbox 344 3006 596 3066; x_wconf 84' lang='lat' dir='ltr'><strong>confirmatiorem</strong></span> <span class='ocrx_word' id='word_1_232' title='bbox 611 3008 675 3066; x_wconf 88' lang='lat' dir='ltr'><strong>eius</strong></span> <span class='ocrx_word' id='word_1_233' title='bbox 690 3008 856 3066; x_wconf 87' lang='lat' dir='ltr'><strong>exercitum</strong></span> <span class='ocrx_word' id='word_1_234' title='bbox 867 3004 1025 3066; x_wconf 83' lang='lat' dir='ltr'><strong>efficiebat.</strong></span> <span class='ocrx_word' id='word_1_235' title='bbox 1056 3004 1115 3065; x_wconf 88' lang='lat' dir='ltr'><strong>Su·</strong></span> 
     </span>
     <span class='ocr_line' id='line_1_34' title="bbox 152 3088 1116 3169; baseline 0.003 -23"><span class='ocrx_word' id='word_1_236' title='bbox 152 3089 258 3165; x_wconf 89' lang='lat' dir='ltr'><strong>perius</strong></span> <span class='ocrx_word' id='word_1_237' title='bbox 274 3094 370 3148; x_wconf 91' lang='lat' dir='ltr'><strong>tamen</strong></span> <span class='ocrx_word' id='word_1_238' title='bbox 384 3090 554 3150; x_wconf 92' lang='lat' dir='ltr'><strong>institutum</strong></span> <span class='ocrx_word' id='word_1_239' title='bbox 569 3091 600 3149; x_wconf 89' lang='lat' dir='ltr'><strong>in</strong></span> <span class='ocrx_word' id='word_1_240' title='bbox 616 3089 782 3167; x_wconf 91' lang='lat' dir='ltr'><strong>equitibus,</strong></span> <span class='ocrx_word' id='word_1_241' title='bbox 803 3090 881 3169; x_wconf 94' lang='lat' dir='ltr'><strong>quod</strong></span> <span class='ocrx_word' id='word_1_242' title='bbox 897 3088 1116 3150; x_wconf 85' lang='lat' dir='ltr'><strong>demonstravi·</strong></span> 
     </span>
     <span class='ocr_line' id='line_1_35' title="bbox 152 3169 1116 3253; baseline 0.004 -23"><span class='ocrx_word' id='word_1_243' title='bbox 152 3189 229 3240; x_wconf 90' lang='lat' dir='ltr'><strong>mus,</strong></span> <span class='ocrx_word' id='word_1_244' title='bbox 245 3169 390 3242; x_wconf 86' lang='lat' dir='ltr'><strong>servabat,</strong></span> <span class='ocrx_word' id='word_1_245' title='bbox 406 3181 448 3244; x_wconf 92' lang='lat' dir='ltr'><strong>ut,</strong></span> <span class='ocrx_word' id='word_1_246' title='bbox 465 3175 605 3253; x_wconf 91' lang='lat' dir='ltr'><strong>quoniam</strong></span> <span class='ocrx_word' id='word_1_247' title='bbox 619 3190 745 3234; x_wconf 89' lang='lat' dir='ltr'><strong>numero</strong></span> <span class='ocrx_word' id='word_1_248' title='bbox 760 3174 861 3235; x_wconf 92' lang='lat' dir='ltr'><strong>multis</strong></span> <span class='ocrx_word' id='word_1_249' title='bbox 881 3172 1020 3253; x_wconf 87' lang='lat' dir='ltr'><strong>partibus</strong></span> <span class='ocrx_word' id='word_1_250' title='bbox 1034 3180 1116 3234; x_wconf 89' lang='lat' dir='ltr'><strong>esset</strong></span> 
     </span>
     <span class='ocr_line' id='line_1_36' title="bbox 152 3255 1116 3338; baseline 0.003 -24"><span class='ocrx_word' id='word_1_251' title='bbox 152 3255 293 3325; x_wconf 82' lang='lat' dir='ltr'><strong>inferior,</strong></span> <span class='ocrx_word' id='word_1_252' title='bbox 320 3256 527 3318; x_wconf 89' lang='lat' dir='ltr'><strong>adulescentes</strong></span> <span class='ocrx_word' id='word_1_253' title='bbox 556 3264 644 3336; x_wconf 88' lang='lat' dir='ltr'><strong>atque</strong></span> <span class='ocrx_word' id='word_1_254' title='bbox 670 3258 822 3338; x_wconf 85' lang='lat' dir='ltr'><strong>expeditos</strong></span> <span class='ocrx_word' id='word_1_255' title='bbox 847 3277 883 3318; x_wconf 87' lang='lat' dir='ltr'><strong>ex</strong></span> <span class='ocrx_word' id='word_1_256' title='bbox 909 3259 1116 3334; x_wconf 80' lang='lat' dir='ltr'><strong>antesignanis</strong></span> 
     </span>
     <span class='ocr_line' id='line_1_37' title="bbox 153 3335 1116 3422; baseline 0.003 -25"><span class='ocrx_word' id='word_1_257' title='bbox 153 3338 257 3399; x_wconf 89' lang='lat' dir='ltr'><strong>electis</strong></span> <span class='ocrx_word' id='word_1_258' title='bbox 269 3335 410 3421; x_wconf 87' lang='lat' dir='ltr'><strong>[milites]</strong></span> <span class='ocrx_word' id='word_1_259' title='bbox 425 3341 461 3402; x_wconf 93' lang='lat' dir='ltr'><strong>ad</strong></span> <span class='ocrx_word' id='word_1_260' title='bbox 476 3344 686 3422; x_wconf 90' lang='lat' dir='ltr'><strong>pernicitatem</strong></span> <span class='ocrx_word' id='word_1_261' title='bbox 698 3344 789 3403; x_wconf 90' lang='lat' dir='ltr'><strong>armis</strong></span> <span class='ocrx_word' id='word_1_262' title='bbox 802 3345 882 3403; x_wconf 90' lang='lat' dir='ltr'><strong>inter</strong></span> <span class='ocrx_word' id='word_1_263' title='bbox 892 3344 1011 3421; x_wconf 91' lang='lat' dir='ltr'><strong>equites</strong></span> <span class='ocrx_word' id='word_1_264' title='bbox 1025 3358 1116 3420; x_wconf 85' lang='lat' dir='ltr'><strong>proe-</strong></span> 
     </span>
     <span class='ocr_line' id='line_1_38' title="bbox 153 3420 1116 3505; baseline 0.003 -23"><span class='ocrx_word' id='word_1_265' title='bbox 153 3420 223 3482; x_wconf 91' lang='lat' dir='ltr'><strong>liari</strong></span> <span class='ocrx_word' id='word_1_266' title='bbox 244 3422 376 3493; x_wconf 90' lang='lat' dir='ltr'><strong>iuberet,</strong></span> <span class='ocrx_word' id='word_1_267' title='bbox 404 3428 456 3505; x_wconf 90' lang='lat' dir='ltr'><strong>qui</strong></span> <span class='ocrx_word' id='word_1_268' title='bbox 477 3427 626 3488; x_wconf 87' lang='lat' dir='ltr'><strong>cotidiana</strong></span> <span class='ocrx_word' id='word_1_269' title='bbox 646 3426 859 3487; x_wconf 90' lang='lat' dir='ltr'><strong>consuetudine</strong></span> <span class='ocrx_word' id='word_1_270' title='bbox 884 3442 972 3487; x_wconf 89' lang='lat' dir='ltr'><strong>usum</strong></span> <span class='ocrx_word' id='word_1_271' title='bbox 993 3433 1116 3504; x_wconf 88' lang='lat' dir='ltr'><strong>quoquo</strong></span> 
     </span>
     <span class='ocr_line' id='line_1_39' title="bbox 112 3507 1117 3594; baseline 0.004 -30"><span class='ocrx_word' id='word_1_272' title='bbox 112 3507 212 3566; x_wconf 73' lang='lat' dir='ltr'><strong>telus</strong></span> <span class='ocrx_word' id='word_1_273' title='bbox 236 3508 364 3586; x_wconf 74' lang='lat' dir='ltr'><strong>generis</strong></span> <span class='ocrx_word' id='word_1_274' title='bbox 391 3509 582 3593; x_wconf 91' lang='lat' dir='ltr'><strong>proeliorum</strong></span> <span class='ocrx_word' id='word_1_275' title='bbox 609 3512 814 3594; x_wconf 85' lang='lat' dir='ltr'><strong>perciperent.</strong></span> <span class='ocrx_word' id='word_1_276' title='bbox 852 3510 910 3570; x_wconf 73' lang='lat' dir='ltr'><strong>llis</strong></span> <span class='ocrx_word' id='word_1_277' title='bbox 932 3517 999 3568; x_wconf 79' lang='lat' dir='ltr'><strong>crat</strong></span> <span class='ocrx_word' id='word_1_278' title='bbox 1020 3508 1117 3569; x_wconf 84' lang='lat' dir='ltr'><strong>rebus</strong></span> 
     </span>
    </p>
   </div>
   <div class='ocr_carea' id='block_1_3' title="bbox 0 0 1184 3870">
    <p class='ocr_par' dir='ltr' id='par_1_9' title="bbox 0 0 1184 3870">
     <span class='ocr_line' id='line_1_40' title="bbox 0 0 1184 3870; baseline 0 0"><span class='ocrx_word' id='word_1_279' title='bbox 0 0 1184 3870; x_wconf 95' lang='lat' dir='ltr'><strong> </strong></span> 
     </span>
    </p>
   </div>
  </div>
 </body>
</html>
