2356 3870
99 279 103 285 ,
147 216 190 282 54
467 218 516 275 DE
538 217 652 274 Becco
674 215 783 274 civim

122 387 285 449 tdaesaris
299 385 456 448 adventum
476 383 681 464 expectabant.
709 383 820 444 Eadem
834 384 950 444 ratione
966 384 1107 462 privatim

149 489 183 532 ac
204 469 322 550 publice
343 468 520 549 quibusdam
540 467 711 529 civitatibus
724 467 834 529 habitis
853 465 1017 529 honoribus
1031 466 1106 528 Tar-

148 573 257 616 racone
277 548 403 614 discedit
422 551 607 632 pedibusque
622 551 792 614 Narbonem
812 558 900 631 atque
918 551 989 612 inde
1002 550 1107 612 Massi·

147 639 218 701 liam
237 639 383 717 pervenit.
422 635 469 697 ibi
483 636 580 714 legem
600 637 637 698 de
652 636 796 697 dictatore
811 636 899 696 latam
918 653 1045 715 seseque
1060 635 1105 696 di·

149 729 292 783 ctatorem
308 721 418 782 dictum
433 739 451 781 a
464 720 503 781 M.
519 719 629 801 Lepido
643 728 780 800 praetore
796 721 958 797 cognoscit.

123 814 138 864 t
214 805 305 866 Xllll.
339 804 539 866 Massilienses
559 805 697 866 omnibus
717 803 826 866 defessi
846 803 948 873 malis,
974 804 1021 863 rei
1041 805 1106 864 iru-

148 892 313 952 mentariae
323 890 360 951 ad
371 907 516 950 summam
529 891 661 969 inopiam
675 889 805 958 adducti,
820 887 869 949 bis
880 886 977 948 navali
991 887 1108 965 proelio

149 976 291 1054 superati,
307 973 424 1035 crebris
435 972 642 1053 eruptionibus
653 975 722 1043 iusi,
738 974 820 1051 gravi
835 974 926 1033 etiam
936 970 1108 1050 pestilentia

148 1059 310 1120 conflictati
331 1076 368 1118 ex
382 1057 496 1118 diutina
515 1057 705 1118 conclusione
720 1067 751 1118 et
768 1057 933 1118 mutatione
953 1057 1050 1116 rictus
1064 1087 1108 1099 -

149 1145 257 1222 panico
279 1143 358 1201 enirn
372 1148 472 1201 vetere
494 1149 582 1220 atque
598 1140 689 1202 ordeo
704 1149 845 1219 corrupto
865 1156 968 1200 omnes
985 1137 1107 1200 aleban-

149 1233 212 1296 tur,
234 1225 313 1305 quod
333 1225 370 1286 ad
384 1224 554 1285 huiusmodi
568 1243 654 1286 casus
673 1227 836 1304 antiquitus
849 1230 986 1303 paratum
1003 1224 1036 1283 in
1050 1241 1107 1303 pu·

148 1309 260 1371 blicum
274 1308 627 1369 contulerant—deiecta
641 1311 728 1378 turri,
743 1308 888 1370 labefacta
901 1323 1008 1384 magna
1019 1313 1107 1385 parte

147 1394 241 1463 muri,
274 1393 392 1453 auxiliis
417 1394 638 1470 provinciarum
665 1402 696 1453 et
720 1394 905 1454 exercituum
929 1390 1106 1470 desperatis,

149 1495 223 1556 quos
249 1478 281 1536 in
302 1476 438 1536 Caesaris
460 1482 638 1556 potestatem
658 1479 773 1539 venisse
798 1480 1010 1553 cognoverant,
1038 1492 1107 1535 sese
1166 1530 1169 1535 ⁴

122 1561 259 1621 adedere
275 1562 339 1621 sine
353 1560 458 1621 fraude
478 1563 673 1622 constituunt.
708 1561 767 1622 Sed
788 1560 897 1639 paucis
911 1565 980 1620 ante
999 1557 1108 1620 diebus

147 1645 181 1706 i..
196 1645 344 1706 Domitius
365 1647 484 1721 cognita
500 1644 730 1707 Massiliensium
748 1644 897 1705 voluntate
918 1641 1044 1703 naribus
1063 1654 1107 1704 111

150 1730 346 1808 comparatis,
368 1746 404 1789 ex
418 1727 528 1808 quibus
543 1728 616 1791 duas
629 1728 826 1802 familiaribus
840 1729 903 1788 suis
917 1726 1105 1798 attribuerat,

147 1831 238 1876 uuam
259 1814 324 1892 ipse
344 1814 570 1883 conscenderat,
597 1820 702 1874 nactus
723 1811 873 1874 turbidam
898 1817 1107 1891 tempestatem

122 1899 302 1977 eproiectus
316 1902 372 1957 est.
401 1896 487 1957 Hunc
502 1899 688 1976 conspicatae
704 1915 809 1966 nares,
825 1913 900 1975 quae
915 1897 1008 1956 missu
1018 1894 1106 1957 Bruti

150 1981 365 2042 consuetudine
386 1980 534 2040 cotidiana
553 1980 592 2040 -ad
611 1987 730 2059 portum
749 1977 949 2048 excubabant,
979 1978 1105 2042 sublatis

121 2066 267 2126 tancoris
287 2065 373 2143 sequi
393 2071 565 2142 coeperunt.
600 2063 645 2126 Ex
663 2064 711 2125 bis
731 2083 824 2125 unum
845 2065 941 2142 ipsius
955 2063 1106 2141 navigium

147 2147 301 2208 contendit
325 2152 356 2207 et
379 2148 482 2223 ingere
502 2149 705 2226 perseverarit
725 2148 893 2227 auxilioque
919 2150 1106 2226 tempestatis

147 2249 184 2291 ex
203 2238 363 2309 conspectu
383 2231 474 2300 abiit,
504 2231 562 2292 duo
581 2233 742 2311 perterrita
762 2248 909 2294 concursu
933 2241 1105 2294 nostrarum

121 2316 266 2376 suavium
286 2332 351 2375 sese
377 2317 410 2375 in
429 2322 549 2394 portum
567 2323 755 2396 receperunt.
798 2314 997 2379 Massilienses
1022 2335 1105 2378 arma

147 2405 353 2478 tormentaque
368 2417 405 2460 ex
419 2399 537 2478 oppido,
554 2407 587 2461 ut
601 2407 647 2462 est
660 2402 848 2480 immratum,
863 2400 1035 2479 proferunt,
1051 2419 1104 2461 na·

149 2485 194 2543 ris
209 2501 245 2543 ex
259 2491 348 2561 portu
362 2483 574 2563 navalibusque
590 2485 734 2555 educunt,
760 2486 917 2564 pecuniam
932 2502 968 2543 ex
983 2484 1104 2562 publico

122 2565 280 2627 etradunt.
317 2565 431 2636 Quibus
455 2566 547 2628 rebus
567 2569 711 2630 coniectis
731 2569 839 2630 Caesar
857 2569 953 2644 magis
978 2586 1028 2629 eos
1048 2587 1104 2648 pru

146 2651 269 2712 nomine
284 2656 315 2710 et
328 2657 473 2712 vetustate
488 2669 576 2730 quam
590 2670 646 2731 pro
665 2654 781 2713 meritis
795 2654 827 2713 in
841 2671 874 2714 se
889 2652 1018 2712 civitatis
1032 2671 1104 2713 con·

147 2751 268 2796 servans
289 2733 362 2794 duas
387 2733 432 2794 ibi
450 2734 584 2812 legiones
603 2736 752 2816 praesidio
771 2736 907 2816 reliquit,
938 2743 1051 2798 ceteras
1071 2740 1103 2799 in

146 2817 260 2878 ltaliam
276 2819 382 2888 mittit3
404 2820 468 2897 ipse
483 2819 519 2879 ad
535 2818 640 2880 urbem
654 2822 862 2900 proficiscitur.

121 2909 135 2957 1
210 2901 316 2961 xxiii.
344 2900 442 2963 Isdem
461 2903 647 2982 temporibus
667 2905 811 2966 G.Curio
831 2907 863 2966 in
883 2906 1013 2966 Africam
1033 2925 1103 2985 pro·

145 2985 243 3046 iectus
268 3003 304 3045 ex
330 2985 433 3046 Sicilia
459 2992 490 3047 et
514 2989 574 3048 iam
598 2987 636 3048 ab
660 2990 747 3050 initio
771 2991 873 3068 copias
896 2989 930 3050 P.
950 2990 1013 3050 Atti
1035 2990 1104 3052 Vari

146 3069 316 3146 despiciens
331 3067 403 3130 duas
417 3069 551 3148 legiones
566 3089 602 3132 ex
617 3085 686 3141 1111,
708 3091 781 3152 quas
801 3093 817 3133 a
833 3073 958 3135 Caesare
978 3091 1102 3154 accepe-

144 3159 205 3221 rat,
228 3164 253 3210 1)
269 3152 385 3231 equites
404 3154 624 3233 transportabat
638 3154 786 3234 biduoque
808 3162 839 3217 et
852 3156 990 3238 noctibus
1005 3159 1103 3220 tribus

145 3236 332 3312 navigatione
353 3240 537 3317 consumptis
558 3239 680 3318 adpeMit
699 3239 736 3300 ad
757 3258 825 3300 eum
844 3241 957 3311 locum,
978 3261 1031 3323 qut
1051 3263 1102 3325 cp»

120 3319 276 3398 spellatur
296 3320 480 3399 duquilaria.
515 3323 570 3382 llic
589 3323 672 3383 locus
692 3321 776 3384 abest
796 3343 813 3384 a
829 3324 947 3404 Clupeis
960 3339 1103 3406 passuum

144 3415 222 3462 xxii
237 3403 318 3465 milis
338 3403 486 3485 habetque
507 3424 566 3466 non
586 3407 804 3468 incommodam
819 3415 929 3469 aestate
944 3411 1103 3474 stationem

112 3492 175 3546 aet
193 3486 312 3549 duobus
331 3489 534 3552 eminentibus
553 3493 771 3574 promunturiis
790 3494 970 3555 continetur.
1006 3495 1103 3559 Huius
