2356 3870
426 199 503 256 CAP.
518 199 713 258 XXI-XXV.
766 233 771 242 -
810 235 813 243 ·
1016 198 1062 264 55

93 350 166 410 dom
188 349 334 410 Ascurum
357 348 501 413 accedere
524 353 640 429 coepit;
669 353 702 411 in
729 368 788 429 quo
812 351 922 430 oppido
943 354 1059 430 praesi-

92 433 178 495 dium
202 436 260 495 iuit
281 436 408 511 regium.
459 434 603 514 Pompeio
632 434 808 500 adveniente
838 435 981 515 oppidani
1009 445 1097 497 usn

94 537 154 597 que
178 536 213 578 eo
236 521 316 596 passi
337 520 463 597 propius
486 518 645 587 accedere,
674 517 769 579 donec
797 518 835 579 ad
856 522 937 598 ipsas
958 528 1061 598 portas

94 621 131 662 ac
154 620 275 662 murum
297 601 561 682 adpropinquaret,
585 602 686 663 subito
709 604 867 681 eruptione
889 606 967 666 iacta
989 623 1060 682 pro·

94 693 207 747 stratos
235 688 473 765 perterritosque
502 686 701 766 Pompeianos
733 688 766 746 iu
799 705 882 748 mare
910 705 1060 766 navesque

94 772 207 849 passim
236 770 457 848 compulerunt.
506 769 550 831 Ita
578 789 611 831 re
638 770 715 831 male
741 777 826 847 gesta
848 771 949 833 Gneus
971 771 1098 832 Pom-8

95 856 184 932 peius
210 853 291 914 tilius
314 872 403 915 naves
426 852 497 914 inde
526 855 631 915 avertit
661 871 759 933 neque
788 862 891 932 postea
913 855 986 916 litus
1008 854 1059 915 ad·

95 939 175 1014 tigit,
200 936 384 1017 classemque
408 936 444 999 ad
465 937 580 998 insulas
600 938 740 999 Baleares
767 955 872 998 versus
899 941 1058 999 convertit.

160 1020 279 1081 xxiiii.
324 1021 425 1100 Scipio
447 1023 570 1082 interim
593 1040 662 1083 cum
684 1024 723 1081 iis
744 1023 851 1100 copiis,
874 1040 947 1101 quas
969 1021 1059 1100 paulo
1081 1028 1096 1078 t

95 1113 166 1166 ante
196 1104 479 1175 demonstravimus,
508 1105 611 1167 Uticae
638 1105 746 1183 grandi
772 1105 924 1183 praesidio
950 1105 1060 1167 relicto

96 1190 253 1268 proiectus
280 1191 412 1268 primum
439 1189 594 1249 Adrumeti
624 1198 731 1250 castra.
749 1191 849 1266 ponit,
879 1189 987 1250 deinde
1015 1187 1061 1250 ibi

96 1291 208 1352 paucos
231 1273 296 1333 dies
318 1282 520 1334 commoratus
542 1281 634 1334 noctu
662 1275 772 1333 itinere
801 1274 882 1334 iacto
911 1290 980 1333 cum
1003 1272 1059 1332 La·

96 1357 182 1417 bieni
204 1363 234 1416 et
255 1357 358 1417 Petrei
380 1358 476 1436 copiis
497 1375 529 1417 se
553 1359 724 1434 coniungit,
749 1364 837 1434 atque
859 1360 929 1417 unis
951 1358 1061 1417 castris

96 1443 188 1502 iactis
215 1452 256 1499 111
282 1440 366 1501 milia
394 1458 536 1519 passuum
563 1440 651 1518 longe
679 1441 850 1501 considunt.
901 1439 1100 1519 Equitatusa

97 1526 220 1585 interim
243 1543 348 1586 eorum
370 1527 485 1585 circum
501 1524 635 1584 Caesaris
650 1526 835 1585 munitiones
848 1527 950 1603 vagari
972 1529 1061 1602 atque

96 1627 167 1678 eos,
203 1611 255 1687 qui
282 1607 446 1688 pabulandi
475 1616 526 1668 aut
554 1607 682 1686 aquandi
706 1609 805 1684 gratia
831 1615 917 1671 extra
951 1607 1061 1668 vallum

98 1695 250 1772 progressi
266 1700 376 1761 essent,
400 1694 553 1769 excipere:
577 1694 619 1751 ita
641 1709 744 1751 omnes
767 1689 955 1752 adversarios
982 1693 1062 1750 intra
1088 1766 1091 1771 Ι

98 1778 283 1838 munitiones
305 1778 472 1837 continere.
516 1775 579 1846 Qua
594 1791 628 1836 re
644 1773 816 1836 Caesariani
835 1775 920 1852 gravi
940 1784 1094 1836 annonae

97 1868 169 1922 sunt
198 1860 377 1930 conflictati,
406 1860 474 1921 ideo
502 1858 582 1938 quod
609 1857 743 1918 nondum
770 1875 868 1936 neque
897 1855 934 1919 ab
955 1856 1061 1919 Sicilia

98 1962 197 2023 neque
221 1944 258 2004 ab
281 1943 419 2005 Sardinia
442 1950 625 2005 commeatus
647 1948 839 2020 supportatus
857 1949 940 2011 erat,
963 1959 1061 2020 neque

99 2047 154 2109 per
183 2031 253 2089 anni
281 2036 400 2107 tempus
429 2029 560 2089 inmari
583 2026 692 2088 classes
714 2029 780 2088 sine
802 2026 938 2105 periculo
960 2028 1063 2102 vagari

98 2119 254 2192 poterant;
296 2131 395 2191 neque
432 2112 561 2190 amplius
594 2111 677 2171 milia
709 2129 852 2190 passuum
887 2122 925 2171 VI
959 2117 1061 2172 terrae

96 2198 219 2259 Africae
242 2215 360 2276 quoque
383 2214 487 2256 versus
509 2195 653 2270 tenebant
674 2196 838 2275 palm-lique
860 2196 962 2273 inopia
989 2211 1060 2273 pre·

98 2280 270 2343 mebantur.
315 2281 378 2352 Qua
393 2282 573 2341 necessitate
590 2284 687 2340 coacti
699 2281 834 2340 veterani
847 2279 960 2340 milites
976 2280 1060 2358 equi·
1079 2289 1099 2339 4

97 2373 221 2444 tesque‚
250 2368 302 2444 qui
328 2365 422 2426 multa
444 2372 526 2425 terra
548 2367 684 2443 marique
706 2363 786 2424 bella
809 2365 1010 2424 coniecissent
1032 2369 1064 2422 et

99 2449 246 2528 periculis
268 2451 428 2527 inopiaque
455 2447 510 2508 tali
538 2465 627 2525 saepe
655 2455 755 2509 essent
781 2447 962 2514 conflictati,
996 2445 1063 2523 alga

99 2552 118 2593 e
145 2533 234 2594 litore
264 2532 389 2594 collecta
409 2539 447 2593 et
474 2549 550 2611 aqua
578 2530 660 2593 dulci
689 2531 769 2592 eluta
793 2539 827 2592 et
854 2532 896 2591 ita
918 2531 1063 2592 immentia

98 2617 307 2678 esurientibus
328 2617 394 2679 data
418 2619 509 2678 vitam
530 2612 636 2677 eorum
657 2614 875 2694 producebant.

164 2700 252 2760 XXV.
297 2701 370 2762 Cum
403 2701 478 2761 haec
515 2701 559 2760 ita
592 2699 714 2770 fierent,
747 2718 800 2760 rex
826 2698 901 2760 luha
933 2689 1097 2775 cognitisi

99 2784 238 2844 Caesaris
260 2783 490 2844 difficultatibus
512 2785 726 2862 copiarumque
748 2785 1065 2861 paucitate-nonest

101 2870 198 2927 visum
221 2866 286 2927 dari
308 2870 438 2946 spatium
460 2865 693 2926 convalescendi
711 2864 973 2942 augendarumque
996 2866 1064 2925 eius

96 2969 209 3030 opum:
243 2952 343 3030 itaque
374 2950 554 3028 comparatis
576 2951 710 3028 equitum
732 2949 848 3025 magnis
868 2948 1063 3026 peditumque

99 3037 199 3114 copiis
228 3034 364 3096 subsidio
392 3034 456 3094 suis
483 3048 622 3109 egressus
649 3050 665 3092 e
696 3048 789 3109 regno
819 3033 864 3092 ire
897 3031 1064 3093 contendit

101 3119 135 3180 P.
152 3119 260 3180 Sittius
274 3121 397 3180 interim
420 3125 450 3178 et
471 3134 525 3177 rex
540 3115 676 3179 Bocchus
690 3118 860 3178 coniunctis
881 3118 944 3177 suis
966 3117 1064 3195 copiis
1083 3129 1101 3178 2

100 3205 225 3280 cognito
248 3201 442 3280 regisluhae
465 3217 589 3279 egressu
616 3202 742 3280 propius
769 3202 835 3261 eius
862 3217 988 3278 regnum
1012 3219 1064 3261 co·

102 3290 167 3364 pias
191 3305 260 3348 suas
282 3289 456 3356 admovere,
486 3284 672 3365 Cirtamque,
701 3284 843 3363 oppidum
871 3286 1064 3364 opulentissi-

102 3389 185 3432 mum
208 3374 273 3431 eius
296 3375 397 3450 regni,
429 3371 550 3432 adortus
577 3372 682 3449 paucis
704 3367 811 3429 diceas
832 3371 991 3447 pugnando
1014 3388 1064 3432 ca·

100 3457 147 3534 pit
170 3463 200 3515 et
222 3463 378 3534 praeterea
402 3456 461 3517 duo
484 3454 592 3534 oppida
614 3453 823 3519 Gaetulorum.
857 3453 986 3526 (tumus
1005 3462 1122 3510 cuma
1161 3510 1165 3516 .
