2356 3870
386 239 485 295 (101111.
501 240 518 295 1.
534 239 605 296 CAP.
620 238 781 296 XVII-XX.
1024 243 1060 300 11

102 402 152 464 sed
174 403 266 462 etiam
286 401 480 463 inscientibus
500 404 572 481 ipsis
592 404 725 472 lecisset,
753 402 832 480 quod
854 420 869 461 a
891 404 1064 478 magistratu

102 485 274 548 Aeduorum
300 493 503 553 accusaretur,
533 488 603 546 satis
628 505 693 548 esse
722 503 828 547 causae
854 483 1061 552 arbitrabatur,

102 586 194 646 quare
214 571 246 628 in
268 572 336 628 eum
356 578 407 629 aut
426 570 490 647 ipse
505 569 752 631 animadverteret
766 577 817 630 aut
837 568 984 628 civitatem
999 568 1060 627 ani·

101 652 290 713 madvertere
303 651 429 712 iuberet.
446 652 498 712 llis
510 652 647 714 omnibus
661 653 752 714 rebus
764 669 856 713 unum
867 649 1062 729 repugnabat,
1078 659 1094 707 ²

102 735 180 812 quod
193 736 326 795 Divitiaci
340 736 441 797 fratris
456 754 604 796 summum
618 739 649 797 ln
664 736 807 816 populum
818 735 984 795 Romanum
999 742 1060 794 stu·

102 818 198 887 dium,
214 836 360 878 summam
375 821 407 879 in
422 837 454 879 se
469 818 664 889 voluntatem,
687 822 835 898 egregiam
851 817 954 887 fidem,
974 819 1060 878 iusti·

100 904 180 971 uam,
192 903 419 980 temperantiam
431 911 623 979 cognoverat:
639 921 717 974 nam,
731 921 769 964 ne
782 905 844 962 eius
856 900 1000 980 supplicio
1013 901 1061 961 ni·

101 985 199 1045 vitiaci
213 987 344 1044 animum
359 985 532 1054 offenderet,
549 986 716 1048 verebatur.
748 987 849 1062 ltaque
864 987 956 1062 prius,
974 1000 1062 1060 quam
1077 989 1093 1042 3

100 1070 260 1144 quicquam
275 1077 444 1138 conaretur,
461 1069 632 1130 Divitiacum
648 1070 684 1130 ad
699 1088 732 1131 se
746 1071 845 1130 vocari
858 1067 941 1128 iubet
956 1076 995 1136 et,
1012 1085 1061 1128 co·

100 1151 219 1211 tidianis
233 1151 447 1229 interpretibus
461 1154 593 1221 remotis,
608 1171 664 1231 per
679 1155 709 1214 C.
727 1152 874 1213 Valerium
890 1150 1059 1219 Procillum,

99 1235 267 1313 principem
283 1232 393 1294 Galliae
408 1236 591 1312 provinciae,
607 1235 783 1296 familiarem
799 1253 901 1304 suum,
918 1236 965 1294 cui
980 1252 1060 1295 sum·

98 1335 178 1378 mam
194 1317 328 1376 omnium
343 1335 446 1378 rerum
461 1316 549 1378 iidem
564 1316 705 1386 babebat,
729 1335 797 1378 cum
812 1336 847 1378 eo
864 1316 1059 1393 colloquitur:

98 1399 187 1461 simul
203 1397 443 1469 commonefacit,
465 1417 540 1477 quae
555 1402 620 1478 ipso
635 1408 793 1480 praesente
807 1402 838 1462 in
853 1399 977 1460 concilio
994 1399 1060 1460 Gal-
1077 1408 1093 1455 4

96 1485 198 1544 lorum
213 1482 251 1543 de
266 1483 448 1560 Dumnorige
463 1485 522 1543 sint
536 1483 626 1552 dicta,
644 1491 674 1544 et
688 1483 832 1552 ostendit,
849 1500 925 1560 quae
940 1500 1059 1561 separa·

97 1570 150 1627 tim
168 1568 295 1643 quisque
310 1566 347 1626 de
363 1584 398 1626 eo
414 1565 491 1644 apud
512 1585 545 1626 se
565 1567 687 1634 dixerit;
711 1569 785 1644 petit
806 1575 894 1642 atque
914 1565 1092 1634 hortatore

97 1658 129 1711 ut
144 1653 212 1710 sine
228 1651 292 1709 eius
312 1649 476 1709 offensione
491 1650 580 1709 animi
593 1648 639 1709 vel
654 1652 718 1727 ipse
733 1648 771 1708 de
792 1666 827 1709 eo
843 1666 929 1709 causa
945 1650 1060 1725 cognita
1109 1681 1117 1689 .

96 1746 209 1794 statuat
225 1751 269 1790 ve¹
284 1733 430 1791 civitatem
445 1738 576 1792 statuere
590 1730 698 1791 iubeat.

160 1814 225 1874 XX.
255 1813 414 1874 Divitiacus
434 1814 534 1874 multis
556 1833 623 1875 cum
645 1814 773 1874 lacrimis
794 1814 949 1875 Caesarem
977 1821 1086 1876 com-1

94 1898 204 1977 plexus
220 1895 378 1957 obsecrare
393 1898 506 1975 eoepit,
528 1915 566 1958 ne
586 1897 656 1974 quid
678 1899 795 1975 greum
815 1899 846 1957 in
859 1898 984 1958 fratrem
999 1908 1057 1958 sta·

94 1988 212 2042 tuerat:
231 1979 313 2040 Scire
328 1998 370 2047 se,
386 1979 436 2040 illa
452 1998 518 2041 esse
532 1999 610 2050 vera,
626 1999 682 2042 nec
698 1997 875 2058 quemquam
891 1998 927 2040 ex
942 1999 978 2040 eo
993 1980 1090 2059 plusa

96 2082 187 2143 quam
204 2081 237 2124 se
252 2062 363 2125 doloris
378 2081 499 2142 capere,
516 2071 676 2143 propterea
691 2064 786 2141 quod,
804 2082 871 2125 cum
885 2065 950 2144 ipse
964 2066 1059 2141 gratia

94 2147 260 2227 plurimum
275 2147 355 2207 domi
369 2154 458 2224 atque
471 2148 503 2207 in
518 2147 632 2224 reliqua
642 2146 743 2217 Gabia,
759 2146 809 2208 illc
820 2149 974 2208 minimum
987 2166 1057 2227 pro·

92 2238 165 2310 pter
179 2229 409 2291 adulescentiam
423 2239 539 2309 posset,
562 2246 616 2310 per
630 2248 664 2291 se
684 2232 840 2298 crevisset:
865 2230 973 2309 quibus
994 2233 1089 2310 opi-3

93 2313 153 2375 bus
169 2331 203 2374 ac
218 2315 316 2374 nervis
327 2326 385 2374 nun
398 2313 494 2374 solum
506 2313 543 2374 ad
552 2314 742 2375 minuendam
752 2316 886 2392 gratiam,
899 2314 951 2375 sed
962 2332 1057 2393 paene

94 2398 131 2458 ad
146 2397 312 2476 perniciem
333 2414 416 2457 suam
437 2404 581 2459 uteretur.
620 2397 692 2458 Sese
713 2405 810 2459 tamen
831 2405 861 2458 et
882 2416 983 2458 amore
997 2399 1063 2457 lra-¹

93 2491 184 2542 terno
200 2488 231 2540 et
246 2481 461 2541 existimatione
476 2480 555 2558 vulgi
570 2482 759 2542 commoveri.
798 2470 886 2552 Quod
903 2483 928 2541 si
943 2481 1013 2557 quid
1030 2482 1089 2541 eit

93 2583 109 2626 a
125 2564 254 2625 Caesare
269 2566 387 2642 gravius
402 2564 571 2633 accidisset,
593 2567 740 2643 cumipse
760 2582 828 2625 eum
842 2564 941 2624 locum
956 2565 1055 2624 amici·

92 2649 154 2708 tiae
169 2646 248 2726 apud
263 2665 331 2708 eum
346 2655 476 2715 teneret,
492 2649 642 2708 nemiuem
657 2649 907 2716 existimaturum,
928 2665 988 2708 non
1003 2664 1056 2708 sua
1143 2713 1144 2717 ,

93 2730 246 2791 voluntate
265 2731 389 2791 iactum:
413 2747 470 2807 qua
492 2748 528 2791 ex
549 2749 584 2792 re
604 2732 753 2798 futurum,
775 2733 819 2792 uti
839 2732 930 2792 totius
945 2729 1056 2791 Galliae

93 2814 185 2875 animi
201 2831 218 2873 a
232 2831 266 2873 se
280 2820 492 2875 averterentur.
530 2813 610 2875 llaec
630 2832 698 2875 cum
713 2813 849 2894 pluribus
862 2812 961 2874 verbis
981 2813 1086 2873 ssenst

94 2916 110 2958 a
121 2897 249 2958 Caesare
260 2904 386 2976 peteret,
399 2897 506 2958 Caesar
519 2899 583 2958 eius
594 2897 728 2958 dextram
739 2896 873 2976 prendit;
887 2895 1055 2958 consolatus

93 2988 188 3058 rogat,
205 2981 294 3040 tinem
310 2980 414 3040 orandi
428 2981 531 3048 iaclat;
547 2982 621 3041 tanti
637 2983 700 3041 eius
712 2979 789 3059 apud
804 2999 836 3041 33
851 2982 975 3058 gratiam
990 2999 1055 3043 esse

93 3063 233 3132 ostendit,
251 3065 294 3124 uti
309 3072 339 3124 et
352 3063 532 3142 reipublicae
546 3064 685 3125 {nimiam
695 3071 725 3124 et
739 3082 827 3126 suum
841 3064 976 3125 dolorem
992 3067 1055 3125 eius

92 3146 238 3208 voluntatl
252 3165 286 3207 ac
305 3146 445 3226 precibus
466 3146 622 3208 condonet.
660 3147 873 3225 Dumnorigem
893 3147 929 3209 ad
950 3165 982 3208 se
1002 3153 1086 3209 vot

92 3240 154 3300 cat,
177 3231 301 3291 fratrem
321 3229 454 3297 adltibet;
480 3247 555 3308 quae
568 3231 600 3290 in
615 3248 652 3291 eo
672 3230 886 3310 reprehendat,
908 3231 1052 3299 ostendit;

92 3331 170 3392 quae
184 3316 250 3393 ipse
263 3313 424 3392 intellegat,
441 3330 517 3392 quae
532 3315 632 3375 civitas
647 3322 799 3391 queratur,
815 3316 971 3393 proponit:
988 3333 1051 3376 mo·

92 3405 159 3467 net,
185 3406 219 3458 ut
242 3398 272 3457 in
299 3397 447 3474 reliquum
473 3405 590 3475 tempus
619 3415 722 3459 omnes
750 3399 934 3476 suspiciones
963 3399 1051 3459 vitet·

93 3483 256 3560 praeterita
270 3499 303 3541 se
318 3481 458 3567 Divitiaco
472 3482 556 3543 tratri
578 3480 749 3547 condonare
764 3481 846 3548 dicit.
880 3481 1068 3562 bumuomgl
