2356 3870
473 197 681 254 EPISTULAE.
995 195 1055 259 149

93 367 190 428 vidit?
205 368 272 443 quis
285 383 387 436 vocem
400 370 553 444 praeconis
566 368 701 430 audivit?
728 370 844 430 Misisse
858 374 889 430 te
903 371 974 429 dicis
988 371 1056 430 Ale-

93 454 261 537 xandream,
285 458 336 533 qui
359 460 502 516 emereta
517 456 651 517 Caesare.
686 458 789 534 Ipsum
803 460 882 517 enim
904 462 1056 534 expectare

93 564 235 621 magnum
261 546 327 604 luit.
378 544 449 614 Quis
473 540 547 605 'vero
574 547 689 606 audivit
715 567 858 623 umquam
880 579 922 589 -
945 549 1056 607 nullius

93 637 194 693 autem
208 635 288 693 salus
312 651 399 693 curae
420 634 555 708 pluribus
577 635 635 693 fuit
649 666 692 675 -
706 636 743 694 de
764 635 891 695 fortrmis
914 634 1056 694 Varronis

93 742 157 780 rem
179 723 271 780 ullam
290 741 354 781 esse
378 721 560 782 detractam?
597 721 694 791 Quid?
719 724 743 781 si
767 725 857 783 etiam
880 725 997 799 scripsit
1019 725 1057 782 ad

93 814 124 869 te
148 809 269 883 Caesar,
291 814 327 869 ut
347 810 499 884 redderes,
522 811 593 886 quid
617 813 690 871 satia
712 816 812 886 potest
833 812 891 872 dici
913 812 950 871 de
972 815 1057 871 tanta

94 897 298 973 impudentia?

254 1013 291 1047 ss>
308 1013 334 1055 Q}
351 1012 494 1048 canemus!
511 1013 656 1050 usmetun
674 1013 739 1049 Pmu
756 1012 901 1049 ammonam

428 1081 472 1148 [A.
492 1077 524 1133 o.
544 1077 573 1133 c.
591 1078 722 1147 cccvi]

162 1168 596 1245 0aee13,c,111,57‚1.sq.
632 1171 714 1232 Haec
736 1191 803 1231 cum
825 1173 857 1231 in
878 1173 992 1232 Achaia
1013 1174 1057 1231 at

95 1279 152 1335 que
184 1260 263 1335 apud
294 1260 511 1336 Dyrrhachium
542 1264 729 1335 gererentur,
766 1260 989 1336 Scipionemque
1024 1261 1057 1318 in

94 1348 297 1407 Macedoniam
319 1349 436 1408 venisse
458 1351 619 1422 constaret,
645 1368 705 1408 non
732 1349 842 1409 oblitus
868 1350 986 1425 pristini
1011 1343 1057 1406 ¹in-

95 1436 193 1494 stituti
217 1435 326 1495 Caesar
346 1437 441 1495 mittit
463 1438 501 1515 ad
524 1457 592 1496 eum
613 1434 652 1495 A.
676 1435 825 1510 Clodium,
853 1457 940 1497 suum
966 1437 1056 1512 atque

93 1524 175 1582 illius
198 1524 387 1598 familiarem,
410 1544 498 1600 quem
520 1526 632 1585 abillo
654 1527 798 1584 traditum
819 1527 905 1585 initio
929 1529 959 1584 et
981 1544 1057 1584 com-

94 1613 266 1671 mendatum
287 1615 319 1672 in
342 1631 463 1672 suorum
484 1614 716 1673 necessariorum
737 1632 859 1682 numero
882 1615 992 1673 habere
1013 1614 1056 1671 in-

96 1701 241 1760 stituerat.
287 1700 365 1760 Huic
388 1702 440 1758 dat
462 1701 578 1760 litteras
600 1703 799 1777 mandataque
821 1702 859 1760 ad
882 1721 950 1762 cum
974 1732 1024 1760 —.

370 1831 407 1868 AD
424 1830 465 1868 ΟΝ.
483 1831 614 1869 Doummt
634 1831 777 1870 clhvmull.

272 1970 274 1974 λ
510 1896 589 1965 [Eod.
608 1898 645 1964 a]

161 1991 198 2049 ct.
223 1991 278 2064 78,
301 1993 331 2049 4.
376 2020 417 2032 ——
441 1991 610 2066 praemissis
631 1990 744 2050 nuntiis
767 1991 805 2049 ad
828 1989 879 2050 Cn.
894 1988 1057 2049 Domitium

96 2069 205 2138 Caesar
227 2079 344 2153 scripsit
366 2081 408 2154 et,
434 2080 505 2155 qnid
527 2079 592 2139 fieri
614 2081 717 2154 vellet,
741 2079 870 2139 ostendit
892 2109 944 2137 -.

421 2192 466 2260 [n.
483 2191 519 2251 u,
538 2191 567 2248 o.
584 2190 730 2260 cccvii]

160 2285 240 2344 ΗΜ.
254 2285 293 2344 Β.
307 2283 356 2344 At.
374 2287 424 2359 34,
441 2287 469 2346 3.
507 2317 549 2327 —-
572 2286 611 2345 ad
636 2287 769 2361 legiones
795 2285 944 2361 proiectus
966 2301 1057 2342 unam

94 2392 131 2433 ex
153 2374 263 2448 tribus,
294 2389 409 2446 xxxva,
431 2391 531 2433 secum
558 2374 652 2448 ducit,
675 2375 749 2434 duas
770 2375 803 2432 in
824 2374 997 2448 Aegyptum
1019 2373 1057 2431 ad

96 2460 252 2521 Caesarem
272 2461 367 2520 mittit
383 2462 492 2520 litteris
508 2462 571 2520 eius
586 2464 721 2520 evocatas
736 2493 787 2520 -.
802 2492 844 2502 -
861 2464 911 2533 38,
928 2464 955 2519 1.
987 2460 1057 2519 Pro-

94 2551 174 2607 xima
204 2551 290 2607 nocte
320 2548 487 2608 Pharnaces
518 2550 688 2625 interceptis
719 2549 896 2621 tabellariis,
934 2549 984 2623 qui
1020 2548 1057 2607 de

96 2637 302 2696 Alexandrinis
316 2639 405 2697 rebus
422 2638 539 2697 litteras
553 2638 591 2696 ad
604 2638 767 2697 Domitium
780 2638 928 2709 ferebant,
951 2654 1057 2712 cogno·

96 2725 165 2797 soit,
193 2723 348 2784 Caesarem
370 2743 478 2800 magno
504 2727 537 2784 in
562 2727 693 2802 periculo
715 2726 842 2799 versari,
868 2725 1057 2800 flagitarique

95 2813 133 2870 ab
155 2812 298 2886 Domitio,
320 2816 467 2889 utquam
489 2815 617 2889 primum
632 2812 751 2873 Caesari
773 2813 906 2874 subsidia
924 2813 1058 2872 mitteret

95 2901 275 2976 propiusque
297 2901 360 2976 ipse
382 2901 595 2960 Alexandriam
616 2920 670 2977 per
693 2900 809 2978 Syriam
830 2900 989 2960 accederet

343 3062 346 3069 Ι
457 3013 693 3052 scammuse.

338 3080 346 3120 ,·
431 3082 475 3150 [Α.
493 3080 527 3140 U.
547 3079 576 3135 O.
592 3080 724 3150 neom

160 3176 198 3234 ab.
217 3176 269 3250 42,
288 3177 317 3234 4.
360 3173 435 3233 Cum
462 3174 663 3234 diversissima
687 3176 773 3250 parte
800 3174 879 3234 orbis
911 3177 1057 3233 terrarum

96 3261 147 3321 Cn.
174 3264 348 3339 Pompeium
376 3261 485 3322 Caesar
510 3264 605 3323 victor
633 3265 807 3338 sequeretur
834 3262 1057 3338 compluresque

94 3351 278 3412 adversarios
300 3354 331 3410 in
354 3351 507 3428 Illyricum
528 3354 650 3427 propter
671 3351 861 3410 Macedoniae
887 3351 1056 3426 propinqui-

96 3441 188 3498 tatem
215 3459 246 3499 se
273 3442 407 3515 reliquiis
430 3459 466 3499 ex
493 3440 566 3515 fuga
588 3440 718 3500 collectis
745 3439 905 3500 contulisse
932 3439 1064 3506 audiret,

95 3528 210 3586 litteras
237 3529 275 3586 ad
298 3528 456 3588 Gabinium
483 3529 594 3606 mittit,
620 3529 670 3591 ut'u
701 3547 775 3590 cnm
792 3527 980 3603 lamentans
1006 3523 1086 3575 tm-
