2356 3870
363 201 503 259 coomr
525 203 601 260 oar.
616 204 817 282 xxxxv-1,
1023 197 1066 266 25

108 365 211 437 biduo,
228 387 286 447 quo
300 368 375 430 haec
390 377 470 446 gesta
487 377 563 430 sunt.
591 371 684 430 Tanta
699 373 778 431 enim
793 376 953 449 tempestas
968 372 1063 430 coori-

107 458 172 521 tur,
195 460 228 511 ut
243 471 403 531 numquam
424 453 485 514 illis
504 454 577 513 locis
592 456 720 514 maiores
736 473 826 535 aquas
840 455 932 515 fuisse
947 461 1062 515 consta·

107 542 164 596 ret.
201 534 277 596 Tum
293 545 391 596 autem
411 556 448 597 ex
467 537 608 610 omnibus
626 537 777 599 montibus
793 540 877 598 uires
895 538 1007 617 proluit
1027 547 1089 599 aea

108 637 239 680 summas
258 623 339 698 ripas
358 620 490 682 fluminis
511 624 661 700 superavit
686 625 846 702 pontisque
867 622 968 692 ambo,
989 640 1063 702 quos

108 703 140 764 C.
157 702 269 764 Fabius
284 705 408 773 fecerat,
430 723 489 764 uuo
505 704 553 764 die
568 708 737 784 interrupit.
776 705 856 776 Quae
876 724 925 767 res
939 714 1090 783 maguasa

108 787 297 848 diliicultates
317 790 461 850 exercitui
482 788 616 850 Caesaris
636 790 744 850 attulit.
787 790 889 851 Castra
909 793 1004 859 enim,
1031 797 1065 851 ut

64 916 68 925 .
107 890 197 950 supra
219 871 452 932 demonstratum
471 879 530 942 est,
554 891 623 933 cum
644 880 745 934 esseut
765 875 844 934 inter
858 874 980 934 flumina
995 874 1062 944 duo,

108 955 236 1015 Sicorim
252 963 281 1016 et
296 956 427 1033 Cingam,
450 959 545 1035 spatio
559 957 675 1018 milium
690 970 778 1027 xxx,
801 964 939 1018 neutrum
956 959 1063 1019 horum

106 1041 231 1101 transiri
245 1047 375 1119 poterat,
397 1043 624 1121 necessarioque
646 1059 749 1102 omnes
767 1042 816 1102 his
835 1044 980 1120 angustiis
994 1060 1063 1102 con·

106 1122 290 1184 tinebantur.
322 1124 425 1203 Neque
440 1126 588 1195 civitates,
610 1144 686 1204 quae
702 1126 738 1187 ad
753 1126 888 1188 Caesaris
903 1128 1093 1187 amicitiamt

107 1215 309 1277 accesserant,
325 1209 506 1269 trumentum
521 1216 711 1288 supportare,
733 1228 829 1289 neque
844 1213 882 1280 ii,
903 1213 956 1289 qui
970 1210 1063 1289 pabu-

107 1292 199 1353 latum
219 1292 336 1369 longius
354 1295 506 1370 progressi
526 1300 626 1362 erant,
647 1295 804 1356 interclusi
822 1293 996 1355 fluminibus
1015 1313 1064 1353 re·

106 1378 201 1444 verti,
220 1394 317 1456 neque
338 1378 460 1437 maximi
481 1384 676 1447 commeatus,
697 1381 749 1457 qui
764 1397 800 1438 ex
815 1377 897 1439 ltalia
913 1378 1064 1457 Galliaque

107 1458 283 1530 veniebant,
309 1462 342 1520 in
361 1468 456 1531 rastra
481 1463 639 1540 pervenire
663 1469 808 1541 poterant.
850 1462 981 1542 Tempus
1000 1466 1093 1522 erate

108 1550 211 1605 autem
236 1544 457 1615 difficillimum,
488 1564 546 1624 quo
572 1564 668 1625 neque
697 1544 843 1608 frumenta
873 1549 904 1607 in
929 1546 1065 1606 bibernis

108 1634 196 1688 erant
223 1646 320 1708 neque
340 1629 463 1689 multum
487 1648 503 1688 a
523 1632 693 1690 maturitate
712 1629 851 1697 aberant,
877 1648 911 1689 ac
932 1632 1065 1690 civitates

109 1714 292 1780 exinanitae,
316 1713 394 1792 quod
415 1714 555 1774 Afranius
574 1731 668 1793 paene
688 1731 775 1774 omne
795 1715 977 1774 frumentum
997 1719 1065 1773 ante

109 1797 246 1857 Caesaris
266 1796 422 1857 adventum
442 1796 568 1857 llerdam
590 1805 782 1867 convexerat,
808 1797 915 1876 reliqui
941 1800 967 1858 si
993 1796 1065 1878 quid

109 1882 217 1950 luerat,
234 1881 342 1941 Caesar
356 1880 562 1960 superioribus
573 1881 679 1942 dlebus
690 1889 929 1959 consumpseram
945 1887 1094 1960 perorat

109 1964 189 2044 quod
205 1964 367 2024 secundum
388 1971 505 2043 poterat
520 1983 584 2026 esse
605 1967 722 2044 inopiae
743 1963 921 2034 subsidium,
942 1973 1066 2044 propter

110 2047 221 2108 bellum
236 2050 378 2109 finitimae
394 2050 529 2109 civitates
543 2049 659 2126 longius
674 2056 871 2110 removerant.
908 2048 964 2119 Oui
979 2054 1093 2110 erant?

110 2131 271 2211 pabulandi
288 2139 338 2192 aut
351 2133 553 2193 frumentandi
564 2151 651 2194 causa
671 2134 839 2212 progressi,
861 2134 914 2194 hos
929 2133 1003 2193 levis
1017 2151 1064 2193 ar·

109 2222 245 2277 maturae
259 2215 393 2277 Lusitani
413 2219 562 2296 peritique
578 2235 679 2278 earum
696 2220 852 2295 regionum
873 2220 979 2278 cetrati
994 2219 1066 2277 cite·

111 2301 202 2361 rioris
225 2299 386 2379 Hispaniae
412 2301 675 2382 consectabantur;
705 2300 813 2381 quibus
843 2308 906 2361 erat
935 2302 1066 2381 proclive

110 2391 231 2445 tranare
246 2384 371 2453 llumen,
393 2385 471 2463 quod
491 2385 672 2446 consuetudo
688 2404 790 2446 eorum
806 2387 937 2446 omnium
953 2392 1012 2454 est,
1034 2390 1068 2444 ut

111 2470 176 2529 sine
193 2467 311 2528 utribus
327 2470 363 2528 ad
379 2471 544 2530 exercitum
559 2487 617 2530 non
633 2477 709 2530 eant.

174 2551 370 2612 XXXXVllll.
406 2554 443 2613 At
462 2555 611 2613 exercitus
625 2554 728 2613 Afrani
748 2555 879 2614 omnium
898 2571 999 2613 rerum
1014 2549 1094 2612 abt

110 2635 243 2698 undabat
258 2637 352 2714 copia.
379 2636 502 2696 Multum
514 2646 579 2697 e'rat
595 2638 777 2698 frumentum
792 2639 945 2716 provisum
957 2645 986 2697 ct
997 2655 1067 2696 con·

93 2717 229 2781 ‘vectum
248 2719 454 2798 superioribus
474 2721 673 2799 temporibuS,
695 2721 819 2782 multum
841 2722 977 2781 exomni
997 2739 1066 2799 pro·

111 2807 209 2865 vincia
229 2803 617 2883 comportabaturamagna
643 2807 728 2885 copia
752 2805 854 2884 pabuli
880 2804 1066 2883 suppetebat.

110 2889 223 2949 llarum
238 2890 370 2948 onmium
389 2907 491 2948 rerum
511 2889 666 2948 facultates
685 2890 749 2950 siue
764 2888 824 2949 ullo
844 2887 977 2966 periculo
990 2895 1095 2967 ponsa

110 2972 226 3033 llerdae
246 2972 411 3050 praebebat
425 2979 456 3033 et
475 2973 538 3032 lo'ea
557 2972 762 3034 transflumen
777 2974 908 3049 integra,
931 2989 990 3051 quo
1005 2990 1068 3032 om·

111 3059 183 3116 nino
198 3056 307 3117 Caesar
321 3057 403 3117 adire
419 3075 479 3117 non
493 3062 619 3135 poterat.

174 3140 208 3200 L.
238 3140 300 3199 llae
316 3147 547 3218 permanserunt
562 3158 655 3219 aquae
678 3139 743 3200 dies
758 3142 936 3220 complures.
971 3141 1093 3202 Cena-1

110 3234 159 3285 tus
174 3230 220 3284 est
236 3224 344 3290 Caesar
360 3226 483 3285 reficere
498 3231 618 3303 pontes,
642 3225 694 3284 sed
714 3243 769 3285 nec
784 3224 955 3302 magnitudo
970 3224 1068 3284 llumi·

111 3310 158 3367 uis
172 3308 365 3386 permittebat
384 3325 481 3388 neque
501 3308 538 3368 ad
558 3310 655 3386 ripam
678 3308 839 3387 dispositae
860 3309 998 3369 cohortes
1016 3309 1067 3367 ad-

110 3393 310 3452 versariorum
322 3394 424 3470 perfici
440 3390 646 3470 patiebantur;
662 3392 739 3472 quod
755 3393 816 3453 illis
830 3392 991 3472 prohibere
1003 3398 1094 3450 erata

110 3475 198 3538 lacile
219 3494 287 3536 cum
307 3478 401 3557 ipsius
420 3476 552 3537 lluminis
572 3483 680 3540 natura
700 3487 792 3562 atque
813 3496 912 3562 aduae
928 3476 1084 3553 maurinu·
