2356 3870
124 217 164 280 46
446 221 485 278 DE
500 221 604 277 BELLO
621 219 758 277 armico

346 509 390 592 Ο.
421 512 543 594 IULI
580 508 856 594 CAESARIS

205 697 294 779 DE
331 697 597 780 BELLO
640 691 1002 779 GALLIOO

311 866 666 932 ooamnurnmus
692 865 897 932 naeuius.

532 1053 679 1063 -ι-η-

451 1204 737 1297 maustauron.

404 1337 427 1388 Ι.
448 1338 581 1389 Bellum
598 1337 804 1402 Alpinorum.

192 1419 303 1472 Servius
322 1420 428 1484 (ialba,
446 1420 556 1486 legatus
575 1419 719 1484 Caesaris,
742 1425 840 1485 gentes
858 1420 990 1484 quasdam
1007 1420 1084 1487 Alpi·

123 1500 174 1536 nas
193 1486 322 1538 secundis
340 1487 449 1552 aliquot
465 1487 579 1553 proeliis
591 1489 689 1550 vineit,
702 1487 873 1539 rebellantes
886 1492 915 1539 et
927 1491 1019 1538 casua
1037 1504 1085 1553 op·

123 1558 278 1619 pugnantes
296 1556 440 1619 eruptione
458 1555 537 1605 faeta
553 1554 712 1619 prosternit,
731 1569 755 1604 e.
773 1554 869 1607 I-VI.

158 1666 204 1738 [Δ.
223 1670 258 1721 U.
274 1668 304 1724 0.
322 1668 642 1737 ncnxxxxvl11.]
677 1671 713 1721 11.
731 1671 862 1722 Bellum
881 1685 953 1721 eum
969 1670 1051 1722 Are·

453 1739 592 1789 moriois
615 1742 754 1804 gestum.

191 1818 295 1872 Caesar
305 1820 486 1886 Aremorieos,
499 1823 633 1886 imprimis
644 1823 765 1874 Venetos
777 1821 956 1885 rebellantes,
968 1821 1085 1886 primum

123 1888 249 1939 terrestri
265 1887 339 1939 bello
357 1887 524 1953 aggreditur,
541 1887 649 1952 deinde,
663 1903 724 1939 eum
735 1902 832 1953 parum
842 1889 1019 1953 profecisset,
1035 1903 1085 1938 na·

123 1955 204 2007 vibus
221 1953 358 2018 devincit,
383 1970 406 2004 o.
424 1955 594 2008 VII-XVI.
629 1956 663 2017 Q.
682 1955 805 2006 Titurius
827 1954 937 2020 legatus
953 1952 1086 2008 Venellor

126 2021 240 2072 oonsilio
258 2024 386 2086 superat,
405 2036 429 2070 e.
447 2021 676 2074 XVII-XVIIII.

123 2137 174 2187 111.
204 2137 237 2187 P.
256 2135 376 2189 crassi
393 2139 426 2188 in
443 2137 680 2202 Aquitaniam,
700 2135 861 2189 Caesaris
884 2139 918 2188 in
935 2137 1085 2190 Morinos

390 2210 423 2255 et
439 2205 617 2273 Menapios
636 2196 820 2269 expeddtio.

190 2287 223 2337 P.
231 2287 347 2349 Crassus
358 2287 518 2354 praefectus
528 2285 669 2339 sontiates
681 2290 783 2352 vineit,
809 2289 955 2339 maximam
977 2292 1086 2353 partem

123 2354 292 2418 Aquitaniae
313 2355 344 2404 in
364 2353 530 2407 deditionem
552 2357 671 2421 aeeipit,
694 2371 722 2407 e.
737 2354 946 2407 xx-xxvn.
982 2352 1086 2406 Caesar

123 2420 245 2472 Morinos
261 2422 459 2487 Menapiosqne
476 2422 602 2488 repellit,
626 2425 776 2474 exereitum
794 2423 829 2474 ob
847 2424 914 2474 anni
930 2425 1037 2487 tempus
1055 2423 1086 2472 in

124 2488 241 2540 hiberna
258 2488 380 2554 reducit,
399 2504 422 2539 e.
440 2488 568 2541 xxvm.
586 2488 728 2541 XXVIIII.

94 2645 105 2694 1
185 2638 207 2698 l.
225 2638 298 2700 Cum
313 2641 343 2700 in
358 2639 470 2701 ltaliam
485 2641 725 2719 proficisceretur
737 2640 852 2711 Caesar,
870 2641 1005 2702 Servium
1017 2639 1084 2700 Gal·

123 2720 192 2782 bam
208 2740 276 2783 cum
290 2722 406 2802 legione
419 2743 475 2784 111.
493 2730 523 2784 et
536 2732 622 2804 parte
638 2725 787 2801 equitatus
801 2727 832 2785 in
847 2725 1009 2793 Nantuatis,
1027 2724 1084 2784 Ve-

123 2823 228 2884 ragros
249 2807 444 2885 Sedunosque
464 2808 558 2877 misit,
582 2809 633 2885 qui
657 2807 694 2868 ab
716 2807 824 2869 tinibus
842 2801 1035 2886 Allobrogum
1056 2815 1087 2867 et

49 2921 57 2935 ·
123 2888 190 2951 lacu
205 2889 355 2953 Lemanno
372 2899 401 2954 et
415 2892 536 2953 flumine
552 2891 694 2953 Rhodano
716 2891 752 2952 ad
767 2909 897 2952 summas
911 2890 1001 2970 Alpes
1015 2909 1085 2970 per·

92 2974 227 3035 atinent.
241 2975 335 3036 (lausa
346 2977 482 3037 mittendi
492 2977 558 3047 tuit,
572 2975 652 3055 quod
662 2977 719 3036 iter
731 2993 786 3054 per
795 2975 893 3054 Alpes,
908 2993 967 3054 quo
978 2991 1085 3052 magno

124 3074 192 3118 eum
203 3058 337 3137 periculo
349 3062 522 3137 magnisque
532 3079 599 3122 cum
610 3061 753 3140 portoriis
764 3069 946 3121 mercatores
956 3061 1002 3119 ire
1015 3076 1085 3119 cen·

92 3147 261 3212 aruerant,
282 3143 416 3220 patefieri
440 3143 563 3205 volebat.
609 3145 684 3204 lluio
703 3145 854 3222 permisit,
877 3145 903 3204 si
922 3161 998 3224 opus
1019 3160 1086 3204 esse

125 3222 329 3295 arbitraretur,
342 3228 386 3287 uti
399 3228 430 3287 in
446 3226 492 3287 his
505 3226 578 3289 locis
588 3227 736 3306 legionem
750 3226 898 3288 hiemandi
910 3245 998 3288 eausa
1013 3244 1070 3286 oon

93 3306 243 3370 elocaret.
269 3309 369 3380 Galba,
386 3312 525 3372 secundis
540 3311 651 3389 aliquot
665 3309 786 3390 proeliis
800 3313 885 3372 lacus
897 3309 1087 3386 castellisque

125 3393 319 3472 conpluribus
334 3413 438 3456 eorum
454 3398 637 3474 expugnatis,
650 3395 749 3456 missis
764 3395 800 3456 ad
813 3413 880 3456 eum
896 3394 1028 3472 undique
1043 3392 1085 3452 le·

113 3480 199 3550 eatis
212 3477 428 3557 obsidibusque
443 3478 518 3540 datis
535 3486 564 3541 et
577 3497 650 3559 pace
665 3480 755 3548 tacta,
780 3480 932 3540 constituit
947 3477 1086 3540 cobortes
