2356 3870
361 187 459 244 uului.
475 187 503 244 ll.
520 187 590 245 CAP.
605 185 785 245 llllll—Xllll.
1010 194 1048 255 87

93 352 249 425 lectusque
265 359 329 410 erat
343 368 360 409 a
375 349 606 417 cassivellauno,
627 353 691 428 ipsc
711 352 779 429 iuga
801 361 929 412 mortem
943 355 1050 413 riteve-

94 441 154 499 rat,
176 430 290 508 legatos
310 433 345 493 ad
362 433 515 494 Caesarem
531 437 650 493 mittunt
668 433 921 512 pollicenturque,
944 453 1009 495 sese
1025 437 1078 495 eia

94 515 248 577 dedituros
263 524 351 592 atque
365 519 509 595 imperata
523 518 668 584 iacturum
690 527 809 596 petunt,
830 528 864 578 ut
877 519 1051 579 blandubra·
1065 528 1080 576 a

95 601 175 660 cium
197 598 233 658 ab
253 601 361 660 iniuria
377 599 582 660 Cassivellauni
597 601 734 661 defendat
749 610 836 678 atque
856 604 886 662 in
908 604 1052 662 civitatem

96 684 207 749 mittat,
234 686 285 758 qui
308 687 420 761 praesit
443 684 661 760 imperiumque
686 688 825 762 optineat.
868 686 920 745 llis
947 685 1080 746 Caesari

95 768 224 843 imperat
257 766 375 826 obsides
410 767 601 843 quadraginta
635 769 874 843 frumentumque
912 771 1053 828 exercitui

95 848 397 926 Mandubraciumque
418 850 452 910 ad
475 867 525 909 eos
545 853 641 910 mittit.
679 850 725 910 llli
748 854 891 929 imperata
916 850 1053 912 celeriter

97 934 248 1000 lecerunt,
264 932 383 992 obsides
397 933 433 993 ad
448 951 603 992 numerum
619 935 858 1011 frumentumque
873 936 1025 994 miserunt.

162 1015 237 1074 xxi.
263 1015 492 1076 Trinobantibus
514 1017 642 1076 delensis
662 1027 750 1093 atque
771 1018 807 1077 ab
829 1020 908 1077 omni
928 1018 1079 1077 militumi

97 1100 206 1159 iniuria
220 1097 391 1177 prohibitis,
414 1100 597 1178 Cenimagni,
620 1101 800 1176 Segontiaci,
822 1101 982 1170 Ancalites,
1005 1098 1053 1161 Bi·

98 1182 198 1250 broci,
221 1181 301 1242 Cassi
323 1181 518 1260 legationibus
532 1185 629 1243 missis
644 1201 709 1242 sese
724 1185 841 1245 Caesari
855 1184 973 1245 dedunt.
1012 1184 1082 1244 Aba

97 1265 146 1326 his
167 1268 331 1342 cognoscit,
358 1284 417 1326 non
443 1265 529 1342 longe
550 1284 584 1325 ex
606 1285 640 1325 eo
663 1266 727 1326 loco
754 1268 893 1346 oppidum
914 1267 1053 1328 Cassivel-

98 1348 180 1409 launi
194 1348 298 1409 abesse
313 1348 392 1409 silvis
406 1348 622 1428 paludibusque
642 1352 802 1422 munitum,
824 1369 883 1427 quo
904 1353 973 1410 satis
993 1369 1052 1410 ma·

98 1450 175 1510 gnus
190 1431 343 1492 hominum
356 1434 533 1511 pecorisque
548 1450 689 1493 numerus
704 1435 882 1494 convenerit.
908 1433 1084 1511 Oppidumt

98 1523 197 1577 autem
213 1515 347 1576 Britanni
362 1523 478 1584 vocant,
503 1534 570 1575 cum
592 1514 677 1576 silvas
696 1517 853 1594 impeditas
874 1516 946 1580 vallo
967 1525 1055 1593 atque

99 1600 178 1660 lossa
192 1600 380 1666 munierunt,
403 1616 462 1675 quo
482 1601 660 1659 incursionis
674 1599 802 1659 hostium
820 1599 953 1659 vitandae
969 1618 1056 1660 causa

99 1683 257 1742 convenire
279 1694 467 1742 consuerunt.
506 1683 547 1742 Eo
567 1683 764 1760 proficiscitur
786 1701 853 1742 cum
873 1682 1083 1759 legionibus24

98 1765 198 1824 locum
218 1766 331 1842 reperit
352 1767 470 1842 egregie
489 1775 594 1825 natura
616 1773 703 1841 atque
719 1784 809 1844 opere
829 1768 990 1833 munitum;
1012 1774 1055 1827 ta·

98 1866 168 1908 men
183 1846 263 1908 hunc
276 1846 391 1909 duabus
406 1867 442 1908 ex
462 1847 595 1927 partibus
610 1865 781 1927 oppugnare
802 1848 960 1908 contendit
998 1849 1084 1909 ΗΜ

98 1940 160 1991 stes
180 1930 330 2009 paulisper
351 1934 458 1991 morati
482 1930 607 1991 militum
632 1941 803 1992 nostrorum
830 1935 972 2009 impetum
997 1949 1056 1992 nou

98 2013 233 2074 tulerunt
253 2031 379 2090 seseque
398 2014 454 2075 alia
474 2024 608 2092 exparte
624 2016 723 2094 oppidi
739 2017 899 2076 eiecerunt.
935 2015 1085 2092 Magnust

98 2098 142 2159 ibi
155 2114 298 2157 uumerus
312 2100 429 2175 pecoris
443 2107 594 2176 repertus,
616 2098 759 2175 multique
774 2102 805 2159 in
819 2100 888 2176 iuga
903 2107 971 2159 sunt
986 2116 1056 2159 con·

99 2179 242 2261 prehensi
256 2189 344 2256 atque
357 2182 514 2242 interlecti.

163 2262 252 2336 xxti.
283 2264 358 2324 llum
378 2262 451 2324 haec
471 2266 502 2324 in
522 2263 569 2323 bis
587 2263 660 2324 loeis
680 2272 839 2341 geruntur,
865 2264 1082 2325 Cassivellau·1

99 2363 159 2408 nus
173 2345 210 2406 ad
226 2345 373 2428 Cantium,
395 2347 473 2424 quod
493 2365 560 2408 esse
581 2347 616 2406 ad
638 2365 718 2407 mare
740 2366 830 2426 supra
845 2347 1056 2407 demonstravi·

99 2447 184 2497 mus,
200 2428 308 2505 quibus
322 2431 491 2506 regionibus
506 2439 646 2506 quattuor
659 2448 745 2508 reges
760 2439 932 2508 praeerant,
952 2431 1054 2506 Cinge·

100 2513 197 2579 torix,
212 2509 369 2580 Carvilius,
384 2513 607 2590 laximagulus‚
624 2512 770 2590 Segouax,
786 2515 905 2573 nuntios
915 2513 1004 2572 mittit
1014 2520 1057 2573 at·

94 2614 155 2675 que
177 2594 225 2655 his
245 2596 384 2670 imperat,
406 2593 448 2652 uti
466 2591 578 2652 coactis
597 2589 735 2650 omnibus
755 2591 846 2667 copiis
865 2599 958 2648 castra
974 2605 1060 2647 nava·

95 2677 189 2739 liade
210 2676 370 2755 improviso
390 2674 560 2735 adoriantur
581 2682 669 2751 atque
691 2678 869 2750 oppugnent.
898 2673 924 2731 Ii
944 2689 1010 2730 cum
1026 2672 1089 2730 adt

94 2768 196 2822 castra
211 2761 374 2826 venissent,
398 2759 493 2819 nostri
508 2759 663 2833 eruptione
678 2757 756 2816 iacta
777 2754 876 2815 multis
892 2771 995 2813 corum
1016 2756 1060 2811 in·

95 2843 247 2914 terleotis,
270 2850 357 2922 cepto
377 2845 466 2903 etiam
486 2840 578 2902 nobili
599 2839 872 2920 duceLugotorige
893 2855 962 2896 suos
981 2836 1061 2894 inco·

94 2929 193 2989 lumes
213 2925 405 2986 reduxerunt.
450 2924 685 2986 Cassivellaunus
710 2922 767 2982 hoc
792 2921 905 3000 proelio
928 2921 1089 2978 nuntiatos

94 3018 142 3074 tot
163 3009 349 3070 detrimentis
371 3008 513 3088 acceptis,
535 3010 658 3068 testatis
676 3005 799 3075 linibus,
825 3006 950 3066 maxime
973 3006 1061 3064 ctiam

92 3105 251 3176 permotus
278 3094 445 3154 delectione
473 3094 636 3162 civitatum,
669 3089 779 3167 legatos
811 3082 864 3168 per
892 3087 1059 3150 Atrebatem

93 3179 261 3242 Commium
276 3177 313 3260 de
327 3176 478 3238 deditione
497 3177 532 3236 ad
549 3177 702 3238 Caesarem
722 3176 818 3235 mittit.
850 3175 971 3241 Caesar,
994 3181 1089 3233 sumt

93 3263 301 3327 constituisset
327 3261 459 3322 hiemare
487 3263 518 3320 in
546 3262 711 3320 continenti
740 3268 861 3337 propter
889 3259 1061 3335 repentinos

94 3345 210 3408 Galliae
231 3353 340 3421 motus,
365 3363 460 3424 neque
481 3343 606 3404 multum
628 3344 746 3404 aestatis
767 3350 947 3421 superesset,
975 3355 1060 3411 atriae

93 3431 127 3493 id
149 3431 238 3491 lacile
261 3430 374 3490 extrahi
397 3447 483 3506 posse
510 3425 709 3505 intellegeret,
738 3426 858 3487 obsides
884 3427 1009 3504 imperat
1030 3432 1060 3481 et
