2356 3870
332 226 432 284 cond.
448 227 499 283 Vll.
516 227 585 284 CdP.
601 227 762 285 llllll-llll.
998 229 1060 295 135

95 396 127 452 in
143 397 241 454 castra
252 390 436 468 reliquaque,
455 408 531 468 quae
550 390 587 451 ad
604 394 853 470 oppugnationem
870 392 1060 472 pertinebant

95 475 206 554 oppidi,
223 475 430 536 administrare
444 476 581 536 instituit,

158 558 222 620 XX.
253 560 486 636 Vercingetorix,
511 577 578 620 cum
594 557 630 619 ad
647 577 717 619 suos
732 560 868 630 redisset,
884 559 1060 640 proditionis
1076 567 1088 618 1

95 641 292 713 insimulatus,
309 643 387 720 quod
400 649 496 704 castra
510 643 635 722 propius
649 643 797 704 Romanos
811 645 962 714 movisset,
980 643 1059 721 quod

95 745 165 788 cum
180 727 262 787 omni
277 728 410 803 equitatu
425 727 623 796 discessisset,
643 728 722 802 quod
742 729 807 788 sine
822 729 947 807 imperio
962 734 1058 789 tantas

95 812 197 890 copias
210 809 390 887 reliquisset,
407 809 487 887 quod
503 811 566 870 eius
577 809 709 870 discessu
721 811 845 871 Romani
856 819 938 873 tanta
949 829 1058 891 oppor·
1072 831 1077 837 ·

94 895 223 957 tunitate
239 900 268 953 et
288 892 440 954 celeritate
461 895 627 962 venissent;
649 911 709 954 non
729 893 915 955 haecomnia
935 896 1058 955 fortuito
1074 903 1090 951 2

94 987 147 1039 ant
162 979 226 1038 sine
243 976 366 1038 consilio
383 977 517 1038 accidere
532 978 680 1056 potuisse;
701 994 827 1056 regnum
848 977 931 1038 illum
948 977 1058 1038 Galliae

93 1060 183 1123 malle
206 1061 339 1122 Caesaris
362 1079 505 1122 concessu
525 1079 609 1141 quam
624 1063 756 1139 ipsorum
772 1061 883 1123 habere
897 1061 1056 1123 beneficio:

93 1145 147 1206 tali
161 1143 249 1205 modo
265 1153 420 1205 accusatus
435 1145 471 1205 ad
487 1143 560 1204 haec
574 1145 742 1222 respondit:
771 1145 858 1217 -Quod
880 1152 975 1207 castra
995 1164 1058 1206 mo·
1074 1151 1089 1203 ³

93 1231 196 1298 visset,
212 1229 323 1291 iactrnn
337 1230 436 1307 inopia
452 1228 553 1308 pabuli
568 1230 655 1288 etiam
670 1230 742 1308 ipsis
757 1229 961 1299 hortantibus;
979 1229 1058 1306 quod

93 1313 219 1391 propius
233 1311 382 1373 Romanos
403 1314 591 1381 accessisset,
613 1329 790 1392 persuasum
811 1312 867 1373 loci
882 1314 1057 1392 opportuni·

94 1405 169 1465 tate,
192 1398 243 1474 qui
264 1414 297 1456 se
317 1399 382 1475 ipse
403 1403 436 1456 ut
449 1397 614 1456 munitione
629 1396 817 1465 defenderet:
840 1399 972 1474 equiturn
988 1403 1089 1456 verot

95 1497 219 1559 operam
233 1495 332 1556 neque
347 1482 377 1539 in
392 1478 458 1540 loeo
473 1478 600 1558 palustri
621 1479 784 1541 desiderari
799 1480 936 1542 debuisse
952 1486 983 1540 et
995 1479 1057 1541 illic

93 1564 186 1624 luisse
202 1561 314 1632 utilem,
332 1581 390 1640 quo
403 1565 463 1624 sint
476 1564 611 1642 profecti.
640 1563 791 1624 Summam
805 1566 923 1642 imperii
938 1582 970 1625 se
986 1582 1055 1625 con·
1071 1569 1088 1620 o

93 1647 172 1708 sulto
186 1645 262 1707 nulli
277 1646 478 1709 discedentem
493 1647 659 1716 tradidisse,
680 1666 718 1707 ne
739 1649 765 1708 is
779 1647 976 1708 multitudinis
995 1654 1056 1708 stu·

94 1731 143 1791 dio
169 1731 206 1791 ad
230 1730 430 1791 dimicandum
454 1730 665 1810 inpelleretur;
694 1733 742 1792 cui
760 1732 805 1791 rei
823 1738 947 1810 propter
967 1732 1058 1791 animi

94 1813 247 1874 mollitiem
254 1814 376 1875 studere
384 1832 487 1875 omnes
494 1815 616 1884 videret,
634 1814 1057 1891 quoddiutiuslaboremierre

93 1917 154 1958 non
169 1904 301 1978 possent.
337 1898 464 1958 llonrani
478 1900 503 1958 si
525 1917 596 1959 casu
610 1899 833 1967 intervenerint,
855 1899 1009 1968 fortunae,
1032 1900 1087 1958 sit

93 1982 218 2042 alicuius
237 1981 345 2042 indicio
369 1984 478 2051 vocati,
500 1980 570 2043 huic
589 1981 755 2042 habendam
776 1983 915 2059 gratiam,
933 1981 1012 2058 quod
1028 1988 1058 2041 et
1124 2009 1126 2015 v

93 2067 274 2145 paucitatem
291 2083 394 2126 eorum
411 2083 446 2125 ex
461 2065 528 2126 loco
544 2067 699 2144 superiore
715 2083 896 2143 cognoscere
917 2073 946 2126 et
960 2066 1054 2125 virtu·

94 2159 154 2210 tem
169 2149 324 2227 despicere
339 2150 500 2228 potuerint,
517 2151 568 2226 qui
579 2150 720 2209 dimicare
731 2167 791 2209 non
803 2151 867 2210 ausi
882 2151 1009 2228 turpiter
1024 2167 1056 2209 se

92 2234 124 2293 in
140 2238 237 2293 castra
252 2236 429 2312 receperint.
457 2233 618 2311 Imperium
634 2251 667 2294 se
681 2232 718 2293 ab
735 2232 858 2294 Caesare
880 2251 934 2311 per
955 2233 1086 2311 prodi-7

93 2318 206 2376 tionem
225 2315 341 2376 nullum
363 2315 548 2385 desiderare,
571 2316 651 2394 quod
671 2316 782 2378 habere
802 2318 924 2377 victoria
943 2322 1054 2394 posset,

95 2417 170 2477 quae
185 2401 244 2460 iam
260 2406 338 2460 esset
352 2399 408 2461 sibi
431 2406 519 2476 atque
543 2399 679 2460 omnibus
695 2399 784 2460 Gallis
800 2399 966 2478 explorata:
985 2400 1056 2475 quin

93 2485 183 2544 etiam
194 2484 267 2562 ipsis
279 2485 440 2552 remittere,
454 2485 480 2544 si
495 2483 550 2543 sibi
562 2486 655 2561 magis
666 2483 810 2544 honorem
822 2482 955 2545 tribuere
968 2499 1056 2558 quarn

93 2567 130 2628 ab
146 2584 178 2626 se
200 2565 326 2627 salutem
347 2569 482 2646 accipere
501 2568 665 2629 videantur.
702 2569 788 2629 Haec
809 2573 842 2629 ot
862 2568 1086 2641 mollepecum

92 2652 238 2728 inquito
258 2667 305 2711 me
318 2654 434 2713 sincere
448 2654 657 2728 pronuntiari,
682 2653 786 2713 cudite
807 2652 960 2712 Romanos
980 2651 1055 2710 mili·

93 2741 146 2795 tes.
176 2733 319 2795 Producit
333 2752 443 2804 servos,
461 2751 535 2811 quos
550 2737 581 2794 in
596 2734 783 2814 pabulatione
797 2736 900 2814 paucis
911 2740 978 2793 ante
994 2732 1055 2792 die·
1070 2738 1087 2787 9

93 2815 150 2879 bus
165 2825 325 2896 exceperat
339 2819 459 2878 etiams
480 2817 662 2894 vinculisque
683 2820 910 2879 excruciaverat.
946 2815 983 2876 lli
997 2817 1055 2876 iam
1065 2821 1096 2871 lo

93 2908 162 2962 ante
174 2900 281 2972 edocti,
298 2917 373 2978 quae
384 2903 559 2979 interrogati
569 2903 806 2980 pronuntiarent,
824 2899 931 2961 milites
943 2917 975 2959 se
990 2916 1055 2960 esse

93 2983 274 3062 legionarios
284 2985 400 3053 dicunt:
417 2987 494 3046 lame
507 2992 536 3045 et
551 2987 650 3064 inopia
662 2985 804 3046 adductos
816 2983 890 3045 clam
903 3000 939 3043 ex
952 2985 1055 3045 castris

92 3070 207 3139 exisse,
225 3071 250 3130 si
265 3069 335 3146 quid
347 3070 489 3130 frumenti
504 3076 554 3129 aut
568 3071 684 3147 pecoris
699 3071 730 3128 in
745 3069 824 3146 agris
838 3069 971 3146 reperire
987 3085 1055 3145 pos·

92 3159 175 3220 sent:
192 3153 280 3213 simili
292 3169 410 3213 omnem
423 3154 586 3216 exercitum
597 3153 696 3230 inopia
708 3155 818 3230 premi,
834 3170 890 3213 nec
904 3153 961 3212 iam
976 3153 1055 3213 vires
1066 3157 1096 3210 11

91 3235 231 3297 sulficere
238 3238 412 3312 cuiusquam
424 3254 480 3297 nec
491 3236 572 3296 ferre
583 3237 683 3315 operis
697 3235 940 3314 laboremposse;
956 3237 1056 3312 itaque

92 3321 232 3381 statuisse
241 3322 462 3398 imperatorem,
479 3320 505 3379 si
518 3318 590 3379 nihil
602 3321 633 3378 in
644 3322 863 3399 oppugnatione
875 3319 975 3397 oppidi
984 3337 1054 3397 pro·

91 3403 244 3474 iecissent,
260 3403 359 3464 triduo
369 3404 530 3464 exercitum
547 3402 705 3464 deducere.
731 3406 827 3480 Haec,
843 3405 952 3481 inquit,
967 3419 989 3463 o
1001 3406 1104 3476 ocem

93 3485 325 3566 vercingetorix,
341 3488 490 3561 beneficae
501 3488 629 3568 habetes,
644 3506 733 3570 qoem
744 3490 937 3573 proditionis
945 3488 1077 3552 insimu-
