2356 3870
129 198 168 257 24
454 195 493 252 DE
507 196 612 265 nulio
628 196 767 253 omniuo

129 357 277 435 equitibus
298 357 453 427 detractis,
478 377 513 418 eo
533 357 712 435 legionarios
732 357 840 418 milites
861 359 984 436 ,egronis
1005 358 1085 419 deci·

126 459 208 512 mae,
230 444 381 518 cuiquam
395 443 523 502 maxime
543 441 720 510 confidebat,
742 445 902 520 inponere,
923 449 957 500 ut
971 442 1084 520 praesi-

128 525 208 585 dium
224 542 311 602 quam
323 525 542 600 amicissimum,
555 525 663 601 siquid
678 543 752 603 opus
763 525 839 585 iacto
851 533 938 590 esset,
951 523 1083 585 haberet.

96 616 112 668 6
127 607 211 679 Quod
227 627 295 669 cum
310 608 403 677 lieret,
419 626 479 670 non
493 607 650 668 inridicule
665 607 784 685 quidam
797 627 833 668 ex
847 607 989 668 militibus
1004 608 1083 667 deci·

127 710 192 752 mae
207 691 332 769 legionis
347 690 435 751 dixit:
458 690 535 770 plus,
552 708 640 767 quam
654 691 803 770 pollicitus
819 699 912 760 esset,
929 691 1085 752 Caesarem

128 793 239 836 tacere:
268 773 446 854 pollicitum,
473 792 506 834 se
525 776 556 834 in
582 773 713 835 cohortis
732 775 898 852 praetoriae
918 773 983 834 loco
1004 775 1083 834 deei-

126 876 205 920 mam
218 858 366 936 legionem
381 856 561 926 habiturum,
578 858 614 917 ad
630 873 739 934 equum
753 856 930 918 rescribere.

97 950 109 999 1
188 940 343 1002 xxxiiii.
360 940 504 1000 Planicies
520 948 583 1000 erat
593 957 698 1017 magna
714 947 743 1000 et
757 942 787 999 in
800 958 833 1000 ea
844 939 977 1000 tumulus
990 948 1084 1000 terre·

126 1042 182 1086 nus
193 1027 264 1085 satis
276 1023 404 1101 gramis.
417 1023 659 1099 lliclocusaequo
671 1024 734 1083 fere
740 1025 835 1102 spatio
847 1023 1084 1084 abcastrisnrio·

95 1118 111 1165 2
125 1109 191 1169 visti
205 1116 234 1167 et
246 1108 379 1168 Caesaris
390 1106 500 1167 aberat.
524 1107 576 1176 lio,
589 1114 622 1167 ut
635 1114 698 1168 erat
710 1106 830 1175 dictum,
844 1105 879 1166 ad
895 1105 1085 1183 conloquium

81 1260 85 1265 ⁴
126 1200 280 1251 venerunt.
318 1188 478 1267 Legionem
494 1189 609 1258 Caesar,
626 1206 713 1265 quam
729 1192 813 1266 equis
828 1189 1000 1256 derexerat,
1016 1207 1084 1268 pas·

126 1273 209 1334 sibus
223 1273 357 1333 ducentis
372 1272 408 1332 ab
425 1290 459 1332 eo
475 1271 588 1332 tumulo
601 1274 761 1332 constituit.
783 1272 858 1333 ltem
874 1274 988 1347 equites
1000 1273 1084 1332 Ario·

95 1366 111 1416 3
124 1359 192 1417 visti
205 1358 270 1434 pari
284 1354 437 1415 intervallo
459 1356 663 1416 constiterunt.
700 1356 879 1425 Ariovistus,
902 1373 938 1415 ex
954 1357 1038 1431 equis
1052 1360 1086 1413 ut

127 1439 377 1515 conloquerentur
393 1445 422 1498 et
435 1445 554 1517 praeter
569 1456 602 1498 se
617 1437 709 1498 denos
729 1447 763 1498 ut
777 1437 813 1497 ad
829 1437 1018 1516 conloquium
1033 1436 1084 1497 ad·

96 1522 282 1593 educerent,
306 1520 472 1600 postadavit.
516 1520 573 1582 Ubi
593 1538 628 1579 eo
649 1529 769 1581 ventum
790 1530 849 1590 est,
873 1521 980 1582 Caesar
1001 1521 1085 1581 initio

100 1678 105 1688 1
126 1606 268 1667 orationis
283 1622 336 1664 sua
350 1611 530 1680 senatusque
543 1605 575 1664 in
591 1622 659 1663 eum
674 1603 816 1664 beneficia
835 1605 1084 1672 commemoravit,

127 1688 206 1767 quod
225 1706 280 1748 rex
300 1687 464 1766 appellatus
486 1693 565 1747 esset
583 1705 599 1747 a
615 1695 733 1754 senatu,
756 1686 835 1763 quod
856 1688 982 1757 amicus,
1005 1685 1085 1763 quod

125 1789 251 1832 munera
266 1770 444 1850 amplissime
459 1772 564 1837 missa:
582 1785 671 1844 quam
685 1787 749 1828 rem
765 1778 795 1829 et
808 1772 910 1848 paucis
926 1771 1085 1846 contigisse

127 1865 157 1915 et
170 1872 225 1934 pro
239 1855 353 1932 magnis
373 1853 526 1914 hominum
541 1852 643 1912 officiis
659 1870 818 1913 consuesse
838 1851 930 1913 tribul
944 1852 1084 1920 docebat;

95 1946 111 1997 5
125 1938 218 2007 illum,
236 1955 303 1998 cum
318 1953 415 2014 neque
429 1936 542 1997 aditum
556 1951 653 2010 neque
665 1953 783 1996 causam
794 1935 963 2014 postadandi
977 1937 1085 1997 iustam

126 2021 264 2090 haberet,
286 2019 427 2080 beneficio
448 2037 483 2079 ao
501 2017 677 2079 liberalitate
697 2036 751 2079 sua
765 2037 799 2079 ac
814 2027 933 2080 senatus
949 2037 982 2080 ea
996 2037 1084 2099 prae·

96 2106 184 2165 tmla
199 2110 399 2163 consecutum.
438 2101 569 2163 Docebat
582 2104 685 2170 etiam,
703 2117 792 2178 quam
805 2110 921 2163 veteres
937 2118 1086 2179 quamque

126 2191 220 2249 iustae
241 2203 347 2246 causae
366 2185 592 2246 necessitudinis
612 2187 685 2264 ipsis
706 2202 773 2246 curn
787 2185 897 2246 Aeduis
916 2186 1084 2246 intercede·

95 2277 207 2338 arent,
229 2285 304 2345 quae
325 2267 579 2330 senatusconsulta
599 2269 737 2345 quotiens
757 2285 905 2345 quamque
924 2268 1085 2330 honorifica

127 2356 157 2414 in
174 2370 223 2413 eos
238 2353 314 2412 iacta
329 2359 436 2420 essent,
453 2362 486 2413 ut
500 2353 580 2412 omni
595 2358 730 2431 tempore
746 2354 835 2413 totius
848 2351 958 2413 Galbae
972 2354 1084 2433 princi·

126 2445 228 2517 patum
243 2434 336 2496 Aedui
349 2436 525 2504 tenuissent,
541 2437 624 2512 prius
640 2437 743 2504 etiam,
760 2452 848 2512 quam
862 2442 995 2496 nostram
1009 2437 1083 2496 aml-

96 2527 113 2578 8
127 2522 224 2582 citiam
238 2520 427 2598 appetissent.
465 2518 569 2597 Populi
583 2519 708 2578 Romani
722 2517 799 2579 hanc
813 2537 879 2579 esse
894 2519 1084 2580 consuetudi·

128 2621 206 2671 nem,
222 2609 256 2661 ut
266 2604 361 2663 socios
373 2609 461 2681 atque
476 2603 585 2662 amieos
596 2620 655 2662 non
666 2600 753 2661 modo
766 2602 812 2662 sui
823 2601 896 2662 nihil
908 2602 1082 2681 deperdere,

128 2685 180 2748 sed
201 2687 308 2763 gratia,
330 2684 485 2763 dignitate,
507 2683 620 2746 bonore
641 2685 787 2745 auctiores
807 2685 878 2745 velit
898 2703 978 2750 essa:
1004 2685 1085 2762 quod

127 2788 196 2831 vero
212 2768 248 2829 ad
263 2769 419 2829 amicitiam
433 2767 536 2847 populi
549 2768 674 2828 Romani
694 2767 884 2838 adtulissent,
906 2767 936 2828 id
956 2770 993 2828 iis
1009 2769 1084 2847 eripi

95 2859 112 2910 9
126 2856 191 2931 quis
205 2854 267 2931 pati
280 2853 399 2932 posset?
421 2850 583 2912 Postulavit
597 2850 703 2910 deinde
715 2852 827 2920 eadem,
844 2868 920 2929 quae
934 2851 1038 2930 legatis
1052 2854 1084 2912 in

126 2936 270 2998 mandatis
285 2934 420 2997 dederat:
445 2953 481 2995 ne
497 2941 548 2995 aut
559 2933 668 2996 Aeduis
684 2941 735 2994 aut
750 2953 853 2995 eorum
868 2936 955 2996 sociis
971 2933 1082 2995 bellum

126 3021 264 3087 mierret;
289 3018 407 3081 obsides
426 3017 581 3086 redderet;
608 3018 634 3078 sl
653 3016 763 3078 nullam
783 3024 899 3097 partem
920 3018 1082 3078 Germano·

126 3122 193 3165 rum
214 3103 333 3163 domum
354 3103 506 3163 remittere
525 3108 642 3180 posset,
663 3107 750 3161 atne
772 3117 847 3178 quos
862 3101 988 3179 amplius
1002 3100 1082 3161 Rhe·

126 3206 197 3248 num
211 3187 338 3246 transire
352 3192 513 3265 pateretur.

96 3281 108 3329 1
186 3269 353 3331 XXXXllll.
376 3270 539 3330 Ariovistus
558 3267 595 3328 ad
614 3265 760 3347 postulata
778 3267 910 3329 Caesaris
924 3286 1017 3346 pauca
1032 3285 1101 3351 re·-

94 3353 257 3432 2spondit,
282 3353 319 3413 de
339 3355 401 3415 suis
421 3351 580 3413 virtutibus
599 3351 692 3412 multa
711 3350 902 3430 praedicavit:
926 3352 1082 3412 Transisse

125 3435 260 3500 Rhenum
275 3456 341 3500 sese
351 3456 412 3502 non
424 3444 606 3516 suasponte,
622 3435 674 3496 sed
688 3442 825 3513 rogatum
836 3443 865 3496 et
876 3437 1052 3497 accersitum
1064 3451 1081 3496 a
