2356 3870
119 193 160 256 28
438 198 486 253 DE
507 198 621 255 BELLO
644 197 753 254 CIVILI

120 364 240 433 addunt,
255 371 289 424 ut
302 366 367 442 ipsa
383 363 572 424 multitudine
587 371 689 425 nostra
704 363 806 425 classis
821 371 980 425 terreatur.
1016 363 1078 424 Ma·

120 465 211 525 gnum
231 465 386 508 numerum
409 449 645 524 sagittariorum,
670 465 811 524 magnum
831 447 1017 517 Albicorum,
1041 448 1078 509 de

120 531 230 610 quibus
255 549 344 610 supra
370 531 605 593 demonstratum
630 538 690 600 est,
720 534 878 610 imponunt
906 539 993 611 atque
1023 532 1079 592 hos

94 614 265 693 apraemiis
284 613 604 695 pollicitationibusque
625 617 760 675 incitant.
797 616 900 676 Gertas
914 614 971 676 sibi
987 616 1079 694 depo·

121 701 177 759 scit
191 717 280 760 naves
291 699 438 760 Domitius
452 705 539 778 atque
555 698 608 759 bas
623 699 735 759 colonis
749 699 987 778 pastoribusque,
1003 716 1080 778 quos

94 789 223 844 tsccum
238 783 414 851 adduxerat,
436 782 573 862 complet.
604 782 654 844 Sic
668 783 808 845 omnibus
821 781 913 842 rebus
933 785 1079 844 instructa

120 868 214 928 classe
229 885 334 944 magna
348 867 455 927 fiducia
470 867 507 928 ad
527 873 645 927 nostras
657 884 749 926 naves
763 867 945 945 procedunt,
968 865 1080 946 quibus

120 958 257 1029 praeerat
281 951 316 1011 D.
331 951 451 1012 Brutus.
491 949 553 1010 Hae
574 949 611 1010 ad
636 951 778 1019 insulam,
805 957 950 1029 quaeest
975 957 1079 1010 contra

119 1034 288 1103 Massiliam,
304 1037 446 1095 stationes
460 1032 643 1094 obtmebant.

96 1126 109 1175 ι
184 1117 270 1179 LVII.
312 1118 385 1178 Erat
404 1117 497 1178 multo
516 1118 644 1178 interior
664 1135 787 1179 numero
809 1120 928 1178 navium
951 1117 1078 1188 Brutus;

121 1202 173 1262 sed
188 1201 299 1262 electos
319 1219 356 1262 ex
371 1201 510 1262 omnibus
528 1201 697 1278 legionibus
717 1203 896 1262 fortissimos
912 1204 1003 1271 viros,
1026 1219 1079 1262 an·

120 1288 305 1362 tesignanos,
328 1287 527 1354 centuriones,
544 1285 696 1346 Caesarei
711 1286 797 1352 classi
814 1284 1009 1365 adtribuerat,
1024 1287 1078 1365 qui

93 1368 179 1430 rsibi
195 1369 225 1429 id
240 1371 374 1429 muneris
394 1369 638 1448 depoposcerant.
674 1369 712 1430 IIi
729 1387 834 1430 manus
852 1371 969 1430 ferreas
989 1377 1079 1448 atque

119 1453 304 1531 harpagones
323 1459 500 1531 paraverant
518 1469 684 1533 magnoque
705 1472 830 1514 numero
850 1454 993 1532 pllorum,
1016 1461 1079 1514 tra·

120 1536 255 1614 gularum
271 1535 512 1617 reliquorumque
534 1537 663 1598 telorum
678 1556 709 1597 se
724 1540 938 1598 instruxerant.
969 1536 1013 1597 Ita
1028 1556 1078 1599 co·

120 1623 202 1697 guito
217 1622 347 1681 hostium
362 1620 488 1681 adventu
503 1639 572 1681 suas
586 1639 675 1682 naves
690 1640 726 1682 ex
741 1629 828 1701 portu
844 1621 988 1690 educunt,
1009 1639 1079 1682 cum

10 1752 13 1759 .
94 1703 357 1765 tMassiliensibus
372 1705 543 1782 confligunt.
569 1705 736 1783 Pugnatum
751 1713 796 1765 est
810 1708 960 1784 utrimque
975 1706 1077 1766 fortis·

120 1792 195 1850 sime
216 1797 304 1868 atque
326 1791 488 1849 acerrime:
509 1806 605 1868 neque
628 1790 755 1849 multum
769 1789 866 1850 Albici
886 1791 997 1849 uostris
1017 1792 1078 1850 vir·

119 1880 182 1933 tute
198 1872 357 1942 cedebant,
380 1874 515 1933 homines
530 1874 628 1951 asperi
650 1882 681 1933 et
698 1875 846 1942 montani,
869 1875 1024 1934 exercitati
1045 1876 1078 1935 iu

94 1959 229 2028 tarmis;
245 1966 333 2035 atque
348 1956 380 2017 hi
396 1956 482 2017 modo
497 1956 661 2033 digressio
674 1956 911 2018 Massiliensibus
924 1964 1078 2018 recentem

120 2059 223 2101 eorum
248 2040 492 2119 pollicitationem
518 2041 624 2100 anImis
646 2041 855 2110 continebant,
883 2048 1077 2120 pastoresque

119 2124 256 2184 indomiti
278 2141 330 2202 spe
349 2123 499 2184 libertatis
518 2125 638 2184 excitati
660 2123 829 2185 subuculis
852 2124 964 2185 domini
991 2143 1078 2185 suam

118 2207 248 2287 probare
264 2224 384 2287 operam
399 2206 566 2268 studebant.

94 2301 110 2350 ι
185 2291 284 2352 LVIII.
313 2291 374 2370 Ipsi
386 2291 583 2353 Massilienses
597 2300 627 2353 et
641 2292 796 2353 celerItate
806 2295 924 2353 navium
937 2300 967 2354 et
981 2295 1077 2353 scien·

119 2378 161 2436 tia
182 2374 414 2452 gubernatorum
435 2376 538 2436 confisi
564 2382 682 2437 nostros
703 2376 863 2437 eludebant
887 2379 1077 2456 impetusque

119 2477 223 2521 eorum
244 2459 434 2538 deotpiebant
452 2467 496 2529 et,
523 2459 620 2539 quoad
643 2459 753 2521 licebat
778 2461 882 2521 latiore
904 2463 946 2521 uti
968 2463 1075 2540 spatio,

119 2543 261 2623 producta
283 2544 400 2620 longius
421 2545 485 2603 acie
507 2546 722 2604 circumvenire
738 2551 855 2605 nostros
869 2550 919 2605 aut
937 2545 1077 2624 pluribus

120 2626 246 2687 navibus
261 2627 371 2688 adoriri
393 2627 525 2704 singulas
540 2634 590 2687 aut
611 2645 709 2688 remos
723 2635 962 2688 transcurrentes
977 2628 1075 2689 deter-

93 2721 207 2788 2gerc,
224 2713 249 2771 si
264 2717 399 2790 possent,
421 2710 651 2781 contendebant;
673 2718 740 2771 cum
755 2715 878 2791 propius
893 2720 957 2772 erat
971 2730 1075 2773 neces-

119 2797 199 2856 sario
219 2803 354 2864 rentum,
378 2794 414 2855 ab
437 2796 561 2856 scientia
582 2794 814 2872 gubernatorum
835 2804 922 2875 atque
941 2798 1076 2857 artificiis

92 2880 157 2940 aad
176 2881 316 2940 virtutem
338 2885 544 2940 montanorum
560 2880 776 2957 confugiebant.
810 2875 923 2941 Nostri
937 2898 1004 2940 cum
1018 2885 1075 2942 mi·

118 2981 175 3023 nus
200 2966 372 3023 exercitatis
395 2963 559 3040 remigibus
584 2966 739 3043 minusque
764 2966 870 3042 peritis
895 2963 1074 3040 gubernato·

118 3045 204 3107 ribus
217 3046 391 3115 utebantur,
414 3049 466 3126 qui
485 3055 609 3125 repente
625 3067 661 3108 ex
681 3049 828 3108 onerariis
847 3047 972 3108 naribus
988 3054 1076 3108 erant

118 3129 257 3209 producti
277 3131 460 3209 nequedum
481 3134 570 3192 etiam
589 3131 740 3192 vocabulis
760 3139 1009 3192 armamentorum
1025 3150 1074 3192 cc·

119 3216 224 3291 guilis,
251 3221 314 3274 tum
341 3217 431 3276 etiam
451 3215 590 3275 tarditate
617 3223 647 3275 et
666 3217 810 3292 gravitate
836 3217 954 3274 navium
979 3218 1074 3295 impe·

118 3297 292 3359 diebantur:
318 3299 414 3360 iactae
435 3301 513 3360 enim
533 3299 631 3359 subito
658 3317 694 3359 ex
720 3299 841 3358 humida
866 3301 989 3359 materia
1014 3318 1074 3360 non

91 3382 246 3442 teundem
266 3400 352 3444 usum
373 3383 535 3444 celeritatis
555 3381 713 3443 habebant.
755 3381 871 3462 Itaque,
899 3383 968 3443 dum
990 3384 1075 3444 locus

119 3469 284 3530 comminus
293 3467 448 3548 pugnandi
463 3467 598 3540 daretur,
622 3484 715 3547 aequo
731 3469 830 3528 animo
845 3467 976 3546 singulas
993 3467 1076 3528 binis

872 3566 895 3609 α
