2356 3870
161 201 203 264 30
481 208 529 262 DE
550 205 664 265 BELLO
688 207 796 262 OIVILI

161 373 354 453 Petreiusque
370 375 562 453 perveniunt,
585 392 622 433 ne
641 375 761 434 omnino
782 374 932 434 frumento
952 373 1123 452 pabuloque

43 466 47 481 ’
161 458 445 527 intercluderentur,
469 458 547 537 quod
567 457 692 517 multum
713 458 820 518 Caesar
841 459 972 536 equitatu
994 457 1122 518 valebat.

161 542 262 620 ltaque
280 545 464 602 constituunt
483 543 542 620 ipsi
562 539 612 602 ltt's
632 542 706 602 locis
727 542 923 601 excedere'et
943 544 975 601 in
992 540 1123 602 Celtibe-

134 628 238 684 ariam
270 624 379 686 bellum
409 627 582 687 transferre.
632 625 708 685 Huic
737 626 861 685 consilio
892 625 1123 701 subfragabatur

161 711 250 769 etiam
265 708 315 769 illa
330 729 388 779 res,
405 710 493 789 quod,
510 728 545 769 ex
561 708 675 770 duobus
691 711 849 769 contrariis
865 708 1028 785 generibus
1044 727 1122 788 quae

160 795 315 871 superiore
337 793 415 854 bello
436 812 504 854 cum
525 793 658 854 Sertorio
678 801 820 853 steterant
846 795 997 861 civitates,
1023 794 1122 854 victae

99 918 101 923 -
159 895 267 938 nomen
283 884 370 956 atque
391 879 551 955 imperium
574 877 705 938 absentis
720 877 841 956 Pompei
860 875 1021 944 timebant,
1044 895 1121 954 quae

160 963 192 1021 in
208 964 339 1022 amicitia
354 960 533 1028 manserant,
550 963 664 1038 magnis
677 960 809 1021 adiectae
825 959 981 1020 beneficiis
992 977 1059 1019 eum
1072 960 1122 1020 di·

160 1044 306 1122 ligebant,
329 1045 465 1106 Caesaris
479 1051 577 1106 autem
593 1052 658 1105 erat
678 1047 710 1104 in
730 1043 867 1105 barbaris
886 1062 995 1105 nornen
1011 1043 1122 1104 obscu-

132 1131 233 1189 4rius.
260 1129 315 1189 llic
331 1146 452 1204 magnos
464 1130 612 1207 equitatus
623 1145 787 1206 magnaque
800 1127 910 1188 auxilia
923 1127 1121 1207 expectabant

134 1220 189 1272 oet
205 1214 266 1272 suis
286 1213 361 1272 locis
382 1212 493 1273 bellum
514 1215 545 1272 in
566 1212 695 1272 hiemem
720 1212 829 1271 ducere
846 1211 1026 1288 cogitabant.
1056 1212 1122 1272 Hoc

160 1298 235 1357 inito
257 1294 381 1359 consilio
406 1303 468 1356 tot'o
493 1296 615 1357 llumine
639 1296 751 1356 Hibero
779 1313 868 1356 nares
889 1298 1069 1374 conquirere
1093 1303 1123 1356 et

161 1379 336 1456 Octogesam
356 1380 461 1440 adduci
482 1380 596 1440 iubent.
633 1380 666 1440 ld
688 1387 751 1440 erat
774 1379 916 1458 oppidum
936 1382 1069 1458 positum
1086 1380 1121 1440 ad

23 1467 26 1471 ’
134 1463 305 1524 eniterum
325 1465 466 1544 miliaque
491 1482 632 1545 passuum
653 1482 670 1524 a
691 1466 797 1524 castris
823 1463 926 1528 aberat
951 1477 1037 1522 xxx.
1078 1463 1123 1523 nd

160 1566 229 1608 eum
243 1549 341 1608 locum
352 1548 483 1609 fluminis
493 1548 618 1609 novibus
634 1550 744 1608 iunctis
759 1554 881 1626 pontem
894 1549 1045 1626 imperant
1055 1549 1123 1607 lieri

158 1631 351 1711 legionesque
373 1632 446 1692 duas
461 1633 571 1693 flumen
587 1632 713 1692 Sicorim
735 1631 912 1700 traducunt,
937 1640 1034 1697 castra
1056 1650 1123 1691 mu·
1170 1654 1172 1658 ⁴

160 1718 246 1777 niunt
262 1715 336 1775 vallo
352 1716 460 1793 pedum
476 1730 538 1776 x11.

30 1792 34 1797 ’
135 1807 149 1856 1
224 1798 313 1861 Lllll.
344 1799 406 1869 Qua
421 1819 454 1861 re
469 1819 525 1879 per
540 1799 743 1879 exploratores
758 1801 879 1876 cognita
890 1818 1004 1860 summo
1019 1798 1124 1861 labore

140 1895 142 1898 ’
159 1884 288 1944 militum
304 1881 411 1945 Caesar
426 1887 600 1945 continuato
615 1885 693 1944 diem
714 1891 894 1963 noctemque
911 1901 1001 1962 opere
1019 1880 1051 1943 in
1066 1884 1124 1944 ssu-

159 1970 240 2028 mine
256 1968 415 2028 avertendo
430 1968 488 2028 buc
504 1971 563 2028 iam
579 1967 738 2028 reduxerat
758 1986 839 2037 rom,
862 1974 896 2027 ut
911 1970 1042 2046 equites,
1065 1970 1124 2028 etsi

160 2050 324 2111 difficulter
344 2058 432 2130 etque
453 2069 540 2128 aegre
561 2051 667 2120 tiebat,
692 2059 815 2130 possent
840 2059 939 2112 tamen
961 2059 1047 2130 atque
1071 2071 1124 2112 an·

129 2135 264 2195 ederent
279 2133 389 2195 flumen
400 2137 540 2204 transire,
557 2135 673 2215 pedites
685 2153 755 2196 vero
772 2135 973 2195 tantummodo
988 2136 1125 2196 humeris

160 2236 194 2278 ao
215 2235 331 2278 summo
346 2226 466 2297 pectore
482 2227 617 2280 extarent
638 2227 668 2279 et
688 2237 756 2279 cnm
772 2219 929 2280 altitudine
945 2238 1038 2298 aquae
1060 2227 1124 2279 tum

160 2304 248 2362 etiam
269 2302 429 2381 rapiditate
448 2303 584 2364 fluminis
602 2302 638 2364 ad
663 2305 878 2365 transeundum
901 2304 1123 2381 inpedirentnr.

132 2386 218 2446 aSed
244 2393 342 2447 tamen
364 2387 469 2447 eodem
489 2389 553 2448 lere
580 2395 714 2466 ternpore
734 2406 809 2466 pons
834 2389 866 2447 in
888 2386 1001 2447 Hibero
1029 2405 1124 2466 prope

159 2470 282 2532 effectus
297 2471 491 2531 nuntiabatur
506 2479 536 2532 et
551 2474 583 2532 in
600 2471 699 2532 Sicori
714 2471 821 2532 vadum
837 2471 1058 2550 reperiebatur.

133 2562 148 2611 1
222 2553 323 2616 LXlll.
357 2555 419 2615 lam
434 2574 504 2616 vero
523 2575 558 2615 eo
580 2557 673 2632 magis
697 2556 740 2615 illi
764 2555 971 2617 maturandum
992 2557 1051 2615 iter
1074 2574 1125 2615 ex·

158 2638 338 2699 istimabant.
362 2639 465 2718 ltaque
482 2639 596 2700 duabus
607 2638 804 2700 auxiliaribus
820 2638 993 2700 cohortibus
1007 2638 1125 2699 llerdae

157 2723 309 2802 praesidio
336 2724 450 2784 relictis
475 2723 612 2784 omnibus
638 2726 733 2802 copiis
758 2723 885 2784 Sicorim
910 2731 1067 2783 transeunt
1096 2729 1126 2782 et

158 2825 225 2868 cum
249 2806 366 2868 duabus
386 2808 573 2885 legionibus,
599 2825 672 2887 quas
698 2808 906 2886 superioribus
933 2806 1038 2868 diebus
1063 2814 1125 2868 tra-

132 2892 321 2961 tduxerant,
347 2900 443 2953 castra
469 2895 606 2969 iungunt.
643 2891 879 2971 Relinquebatur
896 2892 1013 2952 Caesari
1037 2891 1125 2960 nihil,

157 2977 216 3036 nisi
236 2978 280 3036 uti
303 2979 437 3055 equitatu
458 2994 564 3054 agmen
587 2976 824 3037 adversariorum
845 2976 921 3036 male
944 2975 1071 3035 haberet
1097 2981 1127 3034 et

159 3067 306 3138 carperet.
329 3061 407 3121 Pons
421 3063 502 3135 enim
517 3062 614 3140 ipsius
623 3077 761 3137 magnum
770 3062 927 3120 circuitum
944 3058 1127 3128 habebat,nt

157 3144 251 3203 multo
267 3143 405 3203 breviore
422 3147 531 3205 itinere
546 3144 589 3204 illi
602 3144 638 3204 ad
654 3143 801 3204 Hiberum
815 3145 974 3222 pervenire
991 3151 1125 3222 possent.

131 3225 282 3306 3Eqnites
298 3226 335 3286 ab
356 3245 391 3286 eo
413 3229 496 3289 missi
518 3229 629 3288 flumen
649 3234 803 3288 transeunt
826 3235 870 3298 et,
893 3245 961 3287 cum
983 3228 1019 3287 de
1036 3229 1128 3287 tertia

158 3311 258 3388 vigilia
273 3311 410 3371 Petreius
432 3319 519 3391 atque
532 3313 672 3373 Afranius
689 3319 785 3372 cestra
803 3315 974 3378 movissent,
999 3320 1127 3392 repente

158 3412 223 3456 sese
245 3394 281 3456 ad
303 3398 498 3456 novissimum
514 3414 619 3474 agmen
634 3396 795 3457 ostendunt
815 3403 845 3455 et
866 3412 972 3472 magna
989 3395 1128 3456 multitu·

154 3479 227 3539 dine
241 3481 425 3542 circumfusa
443 3484 554 3542 morari
571 3488 659 3562 atque
675 3482 735 3541 iter
750 3480 897 3561 impedire
913 3480 1075 3558 incipiunt.
