2356 3870
295 204 397 264 uultu.
418 206 473 264 IIII.
496 207 570 267 cnr.
593 209 803 272 XXX—XXXV.
987 213 1028 280 75

61 384 129 427 esse
152 376 302 440 venturos,
326 379 416 431 noctu
437 371 467 432 in
488 371 569 433 silvis
585 373 777 446 delituerant;
798 385 863 440 tum
878 377 1058 459 dispersosa

61 452 205 529 depositis
216 455 307 514 armis
319 457 350 514 in
364 457 502 517 metendo
518 465 677 534 occupatos
690 458 789 521 subito
804 462 908 533 adorti,
924 466 1029 542 paucis

62 535 230 598 interiectis
251 536 384 616 reliquos
397 540 520 601 Incertis
534 539 688 602 ordinibus
710 544 963 623 perturbaverant,
987 550 1027 608 si-

60 621 122 681 mul
146 622 278 696 equitatu
300 629 389 701 atque
412 624 525 686 essedis
546 625 812 690 circumdederant.

148 705 277 768 XXXIII.
315 705 415 767 Genus
437 706 493 768 boc
516 715 559 768 est
577 727 613 768 er
631 709 744 770 essedis
764 729 892 790 pugnae.
927 715 1056 775 Prim01

60 811 115 874 per
133 809 237 854 omnes
251 797 352 870 partes
368 795 559 870 perequitant
573 800 602 852 et
618 791 675 853 tela
691 794 843 858 coniciunt
858 805 945 874 atque
960 801 1027 878 ipso

61 885 180 939 terrore
204 893 348 955 equorum
372 882 401 936 et
422 878 546 956 strepitu
570 884 703 941 rotarum
717 877 837 939 ordInes
851 878 1027 959 plerumque

60 960 247 1043 perturbant,
272 967 391 1032 etcum
413 977 445 1020 se
466 962 545 1021 inter
568 963 701 1036 equilum
724 969 838 1022 turmas
860 965 1027 1025 insinuave-

60 1053 142 1122 runt,
158 1063 195 1105 ex
210 1044 322 1104 essedis
338 1043 478 1105 desiliunt
494 1052 523 1105 et
539 1044 665 1122 pedibus
681 1046 875 1123 proeliantur,
902 1049 1056 1126 Aurigaet

60 1130 182 1192 interim
203 1127 347 1204 paulatim
377 1147 414 1188 ex
439 1127 554 1207 proelio
584 1128 730 1188 excedunt
751 1138 838 1208 atque
859 1132 900 1191 ita
922 1148 1027 1193 currus

60 1214 235 1280 conlocant,
259 1220 301 1286 ut,
326 1215 351 1272 si
373 1211 416 1271 illi
438 1229 454 1271 a
476 1211 666 1272 multitudine
688 1211 816 1274 hostium
839 1224 1022 1292 premantur,
1129 1250 1132 1255 ·

61 1297 235 1378 erpedItum
257 1295 292 1355 ad
315 1312 385 1357 suos
407 1302 560 1374 receptum
583 1294 721 1356 habeant.
763 1297 807 1358 lta
834 1297 1054 1359 mobilitateme

61 1384 212 1461 equitum,
235 1379 428 1439 stabilitatem
450 1379 583 1458 pedItum
606 1381 638 1440 iu
660 1379 780 1456 proeliis
802 1389 970 1459 praestant,
993 1401 1027 1443 ac

60 1473 178 1526 tantum
201 1481 257 1524 usu
272 1463 419 1523 cotidiano
435 1469 464 1523 et
479 1464 689 1523 exercitatione
705 1465 847 1535 elliciunt,
872 1467 915 1526 uti
930 1468 960 1526 in
976 1466 1027 1526 de·

61 1549 129 1610 clivi
151 1565 187 1608 ac
207 1548 365 1625 praecipiti
385 1546 453 1607 loco
476 1547 613 1607 incitatos
629 1564 719 1625 equos
734 1550 884 1608 sustinere
899 1557 928 1611 et
944 1549 1028 1610 brevi

60 1632 212 1693 moderari
239 1648 273 1690 ac
295 1629 416 1690 ilectere
439 1636 470 1689 et
491 1649 545 1709 per
567 1638 715 1691 temonem
739 1649 920 1708 percurrere
943 1640 972 1693 et
994 1635 1026 1692 ln

59 1720 131 1794 iugo
146 1715 285 1782 insistere
302 1722 377 1774 etse
392 1713 461 1774 inde
476 1716 508 1775 in
524 1731 630 1774 currus
645 1714 787 1785 citissime
801 1717 939 1794 recipere
952 1732 1032 1776 ccn-·

58 1801 185 1862 suerint.

145 1883 294 1946 XXXIIII.
331 1883 442 1954 Quibus
463 1881 555 1944 rebus
570 1881 753 1960 perturbatis
769 1885 880 1944 nostris
895 1886 1024 1945 novitate
1038 1892 1052 1942 1

58 1988 178 2053 pugnae
207 1975 338 2047 tempore
369 1969 621 2047 opportunissimo
645 1966 753 2028 Caesar
775 1965 919 2029 auxilium
942 1969 1024 2029 tulit:

58 2072 188 2136 namque
210 2054 273 2114 eius
287 2050 414 2113 adventu
429 2051 529 2111 hostes
545 2053 752 2123 constiterunt,
776 2055 871 2113 nostri
886 2070 918 2112 se
935 2070 971 2112 ex
988 2055 1024 2112 ti·

59 2158 144 2202 more
165 2145 353 2218 receperunt.
397 2135 460 2206 Quo
480 2136 557 2195 lacto
573 2135 609 2194 ad
624 2134 829 2196 lacessendum
845 2136 926 2196 etad
943 2153 1023 2196 conr·
1038 2134 1072 2215 ns

58 2222 241 2287 mittendum
263 2221 409 2302 proellum
431 2219 561 2281 alienum
582 2236 646 2279 esse
662 2228 779 2298 tempus
794 2218 954 2279 arbitratus
969 2237 1023 2279 suo

60 2329 91 2371 se
106 2307 175 2369 loco
187 2307 336 2367 'continuit
351 2312 380 2366 et
395 2303 478 2368 brevi
496 2311 628 2378 tempore
642 2304 814 2363 intermisso
829 2303 859 2364 in
872 2311 969 2363 castra
981 2304 1024 2363 lc·

57 2395 165 2472 giones
187 2390 316 2451 reduxit.
358 2389 433 2449 llum
456 2389 530 2448 naec
557 2394 718 2464 geruntur,
747 2387 858 2447 nostris
886 2385 1052 2447 omnibusa

58 2477 222 2554 occupatis,
237 2475 288 2553 qui
300 2480 386 2534 erant
395 2474 426 2532 in
439 2473 518 2549 agris
531 2469 646 2547 reliqui,
658 2469 866 2530 discesserunt.
898 2469 1023 2530 Secutae
1035 2479 1052 2529 4

58 2569 132 2623 sunt
144 2560 301 2618 continuos
311 2555 468 2635 conplures
480 2555 543 2614 dies
555 2558 752 2631 tempestates,
769 2571 844 2630 quae
859 2560 889 2612 ct
903 2562 1022 2613 nostros

58 2645 88 2706 ln
105 2642 213 2705 oasuis
232 2642 418 2701 continerent
434 2646 463 2700 et
477 2639 591 2699 bostem
604 2654 619 2696 a
632 2653 730 2713 pugna
742 2635 945 2714 prohiberent.
972 2636 1048 2696 Iri-5

59 2729 148 2790 terim
163 2724 285 2786 barbari
300 2727 421 2784 nuntios
435 2725 467 2784 in
483 2738 586 2782 omnes
601 2726 700 2799 partes
722 2720 897 2780 dimiserunt
918 2721 1019 2799 pauci-

58 2820 211 2890 tatemque
244 2815 413 2870 nostrorum
446 2807 571 2867 militum
603 2805 665 2864 suis
700 2803 944 2882 praedicaverunt
982 2809 1020 2870 et,

57 2903 169 2977 quanta
192 2892 320 2973 praedae
342 2891 495 2953 laciendae
519 2898 606 2965 atque
629 2891 660 2948 in
681 2894 857 2966 perpetuum
879 2886 924 2946 sui
945 2885 1021 2946 libe·

56 2977 145 3040 randi
159 2975 283 3039 facultas
299 2977 427 3045 daretur,
443 2977 468 3035 si
479 2975 627 3036 Romanos
643 2973 748 3031 castris
764 2969 954 3049 expuIIssent,
971 2969 1021 3030 de·

57 3068 310 3125 monstraverunt.
353 3059 406 3119 llis
427 3057 518 3121 rebus
540 3054 680 3118 celeriter
699 3071 804 3132 magna
833 3053 1021 3116 multitudine

57 3147 208 3229 peditatus
231 3147 434 3223 equitatusque
457 3152 560 3205 coacta
582 3139 618 3200 ad
641 3145 735 3200 castra
757 3144 911 3200 venerunt.

143 3228 259 3291 XXXV.
298 3228 404 3290 Caesar
425 3229 480 3288 etsi
492 3225 580 3297 idem,
604 3222 683 3300 quod
698 3221 902 3301 superioribus
918 3219 1023 3281 diebus
1037 3229 1050 3278 1

56 3314 219 3384 acciderat,
241 3313 306 3374 lore
329 3309 455 3380 videbat,
480 3318 520 3380 ut,
544 3311 570 3369 si
591 3314 691 3369 essent
705 3305 806 3366 hostes
820 3305 900 3383 pulsi
914 3303 1020 3365 celeri·

56 3405 116 3462 tate
139 3396 310 3479 periculum
333 3395 507 3473 effugerent,
531 3401 628 3453 tamen
650 3400 753 3452 nactus
774 3392 889 3468 equites
904 3388 1023 3448 circiter

55 3501 143 3555 xxx,
168 3499 243 3561 qnos
266 3481 416 3542 Commius
438 3475 578 3547 atrebas,
602 3474 639 3536 de
661 3492 719 3556 quo
741 3481 810 3534 ante
832 3472 943 3532 dIctum
967 3478 1022 3539 est,
