2356 3870
342 261 454 319 COMM.
469 264 504 319 II.
527 263 603 320 OAP.
617 264 742 322 VI—X.
980 265 1020 329 47

56 428 149 510 paulo
164 429 315 506 longiores
330 436 418 508 atque
435 431 656 502 eminentiores,
678 449 766 511 quarn
782 435 907 494 extremi
923 437 1020 514 parie-

58 523 105 574 tes
122 521 216 584 erant,
233 513 404 583 effecerunt,
421 522 455 574 ut
469 521 557 583 esset,
569 515 622 576 ubi
637 519 800 594 tegimenta
815 519 1018 597 praependere

57 604 182 678 possent
202 597 238 657 ad
260 597 462 658 defendendos
483 600 561 659 ictus
576 618 610 660 ac
631 601 831 679 repellendos,
853 618 921 661 cum
940 604 1019 663 inter

57 700 125 743 eam
141 683 393 758 contignationem
407 685 540 760 parietes
560 691 784 755 extromentum
807 702 929 764 eamque
948 695 1045 746 eon-t

57 765 272 827 tabulationem
297 783 441 826 summam
468 765 613 829 luteribus
637 767 757 848 lutoque
783 774 1017 840 constraverunt,

57 850 186 930 nequid
203 851 281 927 ignis
295 849 425 911 hostium
435 868 544 911 nocere
560 858 669 930 posset,
682 858 880 931 centonesque
896 855 1018 933 insuper

58 937 244 1003 iniecerunt,
267 951 303 994 ne
325 941 375 994 aut
394 934 452 994 tela
474 938 630 995 tormentis
651 935 781 997 immissa
806 935 1018 998 tabulationem

57 1019 282 1098 perfringerent
292 1025 342 1078 aut
352 1037 422 1079 saxa
434 1036 470 1078 ex
482 1019 638 1098 catapultis
649 1019 1015 1081 latericiumdiscuterent.

59 1104 175 1164 Storias
191 1109 288 1162 autem
304 1120 339 1162 ex
350 1100 476 1182 lunibus
491 1105 657 1164 ancorariis
674 1110 733 1164 tres
755 1106 786 1164 in
801 1103 1014 1181 longitudinem
1027 1113 1043 1163 t

58 1189 209 1268 parietum
224 1187 315 1245 turris
331 1186 405 1246 latas
419 1199 474 1245 1111
489 1187 581 1264 pedes
595 1188 732 1248 lecerunt
746 1206 854 1267 easque
869 1207 905 1249 ex
920 1188 1018 1250 tribus

57 1270 205 1352 partibus,
222 1288 296 1348 quae
312 1270 348 1329 ad
363 1270 464 1330 hostes
479 1269 649 1348 vergebant,
666 1272 866 1332 eminentibus
880 1272 1017 1334 trabibus

58 1359 175 1417 circum
194 1356 301 1414 turrim
322 1355 559 1433 praependentes
579 1354 793 1432 religaverunt;
820 1357 899 1437 quod
924 1374 1016 1417 unum

57 1459 154 1519 genus
169 1439 322 1516 tegimenti
338 1437 405 1499 aliis
419 1438 492 1499 loeis
508 1448 593 1500 erant
615 1442 729 1518 experti
744 1440 824 1501 nullo
845 1441 904 1501 telo
919 1460 1016 1520 neque

57 1532 207 1585 tormento
222 1522 306 1582 traici
320 1540 417 1600 posse.
448 1522 506 1583 Ubi
520 1540 591 1583 vero
606 1541 640 1584 ea
655 1540 725 1602 pars
741 1527 842 1594 turris,
859 1543 936 1605 quae
952 1533 1042 1586 erate

58 1609 207 1688 perlecta,
233 1614 310 1665 tecta
331 1614 418 1685 atque
440 1609 552 1667 munita
571 1614 617 1667 est
638 1607 674 1666 ab
694 1609 775 1667 omni
795 1608 1014 1677 ictmhosttum

57 1695 176 1773 pluteos
197 1690 233 1751 ad
254 1691 315 1750 elia
331 1708 421 1769 opera
442 1689 645 1760 abduxerunt;
667 1693 758 1750 turris
777 1697 890 1752 tectum
908 1710 964 1771 per
984 1711 1016 1752 se

57 1781 158 1856 ipsum
183 1772 386 1855 pressionibus
407 1792 444 1833 ex
469 1775 690 1852 contignatione
715 1776 812 1853 prima
834 1777 1015 1854 suspendere

59 1880 93 1922 ac
109 1861 212 1922 tollere
228 1867 400 1937 coeperunt.
437 1857 509 1928 Ubi,
532 1866 674 1938 quantum
694 1860 855 1919 storiarum
878 1860 1040 1920 demissior

57 1943 242 2025 patiebatur,
263 1950 377 2003 tantmn
398 1942 557 2019 elevantum,
587 1945 666 2003 intra
686 1943 759 2004 baec
780 1945 941 2021 tegimenta
964 1942 1014 2003 ab·

59 2030 115 2090 diti
131 2036 218 2107 atque
233 2027 339 2087 muniti
359 2029 489 2105 parietes
504 2026 647 2088 lateribus
661 2026 839 2088 extruebant
852 2039 1015 2107 rursusque

58 2114 117 2174 alia
138 2114 291 2192 pressione
313 2110 349 2171 ad
373 2111 585 2172 aedificandum
609 2109 667 2171 sibi
689 2112 786 2172 locum
807 2110 1013 2190 expediebant.

57 2196 119 2259 Ubi
134 2205 251 2275 tempus
266 2194 649 2272 alteriuseontabulationis
663 2195 827 2267 videbatur,
842 2198 926 2273 tigna
942 2198 1041 2256 items

57 2290 92 2342 ut
112 2283 210 2360 primo
230 2287 308 2339 tecta
330 2281 469 2339 extremis
491 2279 634 2340 lateribus
654 2279 841 2340 instruebant
867 2297 961 2359 exque
981 2297 1014 2339 ea

57 2365 280 2442 contignatione
292 2359 396 2423 rursus
411 2381 554 2424 summam
569 2362 838 2424 contabulationem
849 2365 1014 2442 storiasque

58 2449 224 2510 elevabant.
259 2446 301 2508 lta
322 2454 385 2508 tuto
407 2465 441 2506 ac
462 2448 526 2507 sine
546 2446 605 2508 ullo
625 2447 747 2508 vulnere
762 2464 795 2507 ac
812 2444 946 2527 periculo
962 2453 1040 2506 sexe

55 2533 189 2595 tabulata
207 2539 400 2592 extruxerunt
416 2532 633 2611 fenestrasque,
655 2530 816 2611 quibusin
832 2531 906 2592 locis
921 2532 1014 2591 visum

57 2626 120 2688 est,
136 2617 172 2679 ad
187 2623 334 2676 tormenta
349 2615 491 2676 mittenda
506 2617 538 2676 ib
553 2616 693 2676 struendo
707 2615 902 2695 reliquerunt.

121 2700 157 2762 X.
188 2699 245 2762 Ubi
268 2719 304 2760 ex
319 2718 353 2760 ea
368 2701 459 2768 turri,
482 2718 557 2778 quae
573 2702 686 2779 circum
702 2708 800 2761 essent
819 2718 919 2779 opera,
936 2703 1041 2761 tuerit

57 2807 89 2850 se
106 2804 194 2866 posse
210 2785 313 2845 confisi
328 2793 405 2852 sunt,
421 2783 587 2844 musculum
603 2785 694 2864 pedes
707 2797 755 2843 nx
769 2785 888 2861 longum
904 2802 940 2843 ex
953 2802 1014 2844 ma·

56 2871 136 2934 teria
150 2868 295 2948 bipedali,
317 2886 404 2950 quem
421 2886 436 2928 a
457 2870 534 2928 turri
555 2868 690 2929 latericia
706 2868 742 2950 ad
763 2867 892 2955 hostiurn
906 2869 1015 2927 turrim

58 2971 236 3033 murumque
258 2953 471 3032 perducerent,
493 2953 592 3012 lacere
613 2954 824 3022 instituerunt;
845 2953 930 3011 euius
950 2969 1013 3012 mu·

58 3039 133 3102 sculi
148 3038 221 3098 baec
237 3045 301 3098 erat
315 3038 419 3097 forma.
449 3036 530 3097 Duae
545 3038 675 3116 primurn
690 3035 791 3096 trabes
802 3037 833 3095 in
844 3035 906 3096 solo
921 3039 1041 3115 aequet

57 3125 162 3201 longae
178 3123 322 3183 distantes
336 3124 416 3181 inter
432 3139 462 3182 se
483 3120 575 3199 pedes
589 3133 645 3180 1111
659 3120 841 3182 collocantur
860 3121 949 3198 inque
971 3122 1015 3180 eis

57 3207 230 3270 columellae
251 3206 360 3286 pedum
375 3208 407 3265 in
422 3205 608 3265 altitudinem
618 3218 642 3265 v
658 3205 834 3282 defiguntur.
860 3203 920 3264 llas
933 3205 1041 3264 intere

56 3312 89 3354 se
111 3289 258 3374 capreolis
277 3290 359 3351 molli
380 3290 499 3367 fastigio
520 3290 717 3367 coniungunt,
743 3288 796 3350 ubi
816 3290 912 3366 tigna,
939 3307 1014 3368 quae

54 3377 184 3439 musculi
209 3375 330 3453 tegendi
353 3392 440 3435 causa
465 3381 590 3453 ponant,
621 3373 811 3448 collocentur.
855 3372 904 3442 llo⁴
926 3391 1015 3452 super

55 3464 139 3540 tigna
160 3459 309 3540 bipedalia
330 3459 457 3519 iniciunt
472 3475 564 3538 eaque
580 3458 700 3520 laminis
715 3457 871 3540 clarisque
882 3457 1030 3534 religant.

51 3546 98 3606 td
118 3553 279 3604 extremum
297 3542 428 3604 musculi
444 3550 572 3609 ‘tectum
597 3545 769 3631 trabesque
792 3553 955 3609 extremas
973 3537 1084 3618 qus-l·
