2356 3870
367 201 445 257 CAP.
459 199 785 258 XXXXI-XXXXIIII.
1016 199 1063 265 25

85 370 129 412 -ea
151 369 212 411 non
233 352 351 428 magnis
373 353 470 430 copiis
491 357 557 411 tuta
579 369 645 412 esse
668 359 778 429 posset,
803 353 834 412 in
854 351 1058 414 Macedoniam

92 437 228 514 legiones
243 436 417 496 adduceret
462 435 590 496 Omnem
613 437 693 495 enim
716 436 797 496 illam
820 444 936 514 partem
959 441 1099 515 regio-5

93 537 225 596 nemque
254 521 320 580 vivo
348 519 400 580 Cn.
429 518 573 598 Pompeio
602 517 714 580 bellum
737 522 970 581 instauraturam
993 540 1059 582 esse

93 602 248 665 credebat.

157 687 316 748 xxxxln.
361 687 518 757 Gabinius,
542 690 599 748 ut
590 706 622 748 rn
637 687 791 766 lllyrrcum
813 691 905 758 veuit,
928 688 1100 751 hibernos

93 780 230 851 tempore
254 774 325 832 anni
348 791 382 832 ac
404 772 549 842 difficili,
562 773 624 832 sive
647 774 848 851 copiosiorem
870 776 1059 851 provinciam

93 858 271 918 existimans
300 859 363 916 sive
384 856 512 917 multum
534 857 674 916 fortunae
696 858 822 916 victoris
844 855 980 918 Caesaris
1001 861 1058 919 tri·

95 940 192 1001 buens
214 943 276 1001 sive
298 942 410 1000 virtute
433 948 465 1001 et
486 941 613 1002 scientia
636 959 689 1001 sua
712 939 859 1010 contlsuS,
889 959 947 1019 qua
970 959 1062 1018 saepe-

93 1026 127 1084 in
159 1023 249 1084 bellis
285 1024 475 1102 periclitatus
507 1041 630 1102 magnas
658 1042 709 1085 res
737 1032 768 1084 et
794 1025 941 1085 secundas
965 1025 1059 1085 ductu

94 1126 229 1186 ausuque
257 1127 312 1168 suo
339 1116 493 1186 gesserat,
527 1127 625 1188 neque
658 1109 831 1188 provinciae
863 1108 1063 1170 facultatibus

93 1190 324 1262 sublevabatur,
356 1210 432 1281 quae
453 1194 564 1271 partim
587 1200 652 1254 crat
674 1194 826 1254 exinanita
848 1195 960 1271 partim
992 1193 1061 1253 inli-

94 1277 189 1346 delis,
217 1294 316 1354 neque
344 1270 486 1345 navibus,
520 1277 687 1338 intercluso
715 1279 792 1337 mari
819 1276 1062 1355 tempestatibus,

93 1368 279 1420 commeatus
301 1367 481 1439 supportare
502 1368 620 1438 poterat
636 1363 811 1438 magnisque
831 1360 1061 1422 difficultatibus

61 1469 65 1475 ’
95 1450 227 1512 coactus,
251 1461 311 1503 non
332 1450 367 1504 ut
387 1442 524 1513 volebat,
554 1444 607 1504 sed
629 1452 663 1505 ut
686 1461 809 1505 necesse
838 1451 918 1514 crat,
947 1443 1061 1504 bellum

94 1527 229 1606 gerebat.
288 1527 333 1587 lta
366 1544 435 1587 cum
468 1527 640 1589 durissimis
669 1527 898 1606 tempestatibus
936 1529 1105 1607 propter2

94 1614 230 1691 inopiam
252 1610 375 1671 castella
396 1618 448 1672 aut
470 1611 579 1689 oppida
601 1628 772 1690 expugnare
795 1619 971 1689 cogeretur,
995 1631 1060 1672 cre-

96 1696 153 1757 bro
174 1694 363 1756 incommoda
386 1694 564 1773 accipiebat,
588 1694 722 1773 adeoque
739 1702 784 1754 est
798 1713 814 1754 a
827 1695 966 1755 barbaris
988 1714 1060 1756 con·

97 1787 240 1859 temptes,
264 1788 298 1840 ut
320 1778 461 1840 Salonam
483 1797 515 1838 se
538 1781 691 1857 recipiens
712 1781 744 1837 in
767 1779 910 1856 oppidum
932 1782 1059 1840 maritu-

95 1881 195 1932 mum,
227 1863 307 1942 quod
330 1865 410 1923 cives
431 1863 560 1924 Romani
580 1863 743 1923 fortissimi
765 1862 990 1941 fidelissimique
1013 1865 1060 1923 in·

95 1948 253 2017 colebant,
277 1949 309 2006 in
331 1949 450 2024 agmine
474 1947 619 2007 dimicare
632 1948 671 2007 sit
686 1954 818 2006 coactus.
863 1947 928 2018 Quo
944 1947 1061 2025 proelio
1083 1953 1106 2002 u

95 2031 217 2094 duobus
238 2029 362 2091 milibus
384 2031 515 2091 militum
537 2032 664 2110 amplius
679 2032 807 2100 amissis,
831 2030 1062 2091 centurionibus

95 2128 253 2192 xxxvnr,
277 2114 408 2175 tribunis
430 2127 494 2184 1111,
518 2133 588 2176 cum
609 2115 738 2193 reliquis
759 2117 855 2194 copiis
868 2115 1006 2176 Salonam
1029 2132 1061 2174 se

96 2202 222 2278 recepit,
241 2217 414 2278 summaque
432 2199 476 2259 ibi
489 2199 664 2261 dillicultatc
677 2217 779 2260 rerum
795 2201 929 2262 omnium
940 2217 1062 2279 pressus

96 2287 203 2366 paucis
235 2283 391 2344 mensibus
418 2283 525 2344 morbo
554 2285 655 2362 periit.
711 2284 804 2345 Cuius
836 2291 867 2343 et
898 2284 1107 2344 infelicitast

97 2371 159 2430 viri
182 2376 212 2428 et
234 2367 333 2428 subita
355 2385 437 2427 mors
459 2370 490 2427 iu
513 2385 650 2446 magnam
676 2386 761 2446 spem
787 2368 942 2429 Octavium
971 2367 1062 2428 addu-

95 2456 144 2514 xit
166 2454 338 2531 provinciae
360 2452 538 2530 potiundae3
561 2468 651 2531 quem
672 2460 773 2512 tamen
790 2451 903 2511 diutius
923 2453 956 2511 iu
972 2450 1064 2511 rebus

97 2536 241 2598 secundis
269 2544 299 2596 et
326 2537 464 2605 fortuna,
494 2554 569 2615 quae
597 2536 761 2614 plurimum
788 2533 932 2596 inbellis
953 2542 1063 2613 potest,

98 2621 318 2699 diligentiaque
346 2620 500 2681 Cornificii
529 2627 560 2682 et
585 2622 680 2680 virtus
708 2620 808 2682 Vatini
836 2621 951 2681 versari
979 2637 1065 2698 passa

97 2722 162 2766 non
185 2713 240 2765 est.

163 2781 353 2849 XXXXllll
384 2787 521 2850 Vatinius
542 2788 699 2850 Brundisii
721 2806 792 2849 curn
814 2788 1106 2863 esset,cognitis1

99 2869 203 2941 rebus,
228 2891 304 2951 quae
327 2881 429 2951 gestae
452 2880 537 2934 erant
558 2876 590 2935 iu
603 2873 734 2972 Illyrico,
758 2889 828 2932 cum
850 2869 969 2932 crebris
983 2870 1064 2931 litte·

100 2959 145 3016 ris
168 2957 324 3018 Cornificii
349 2957 386 3018 ad
408 2957 553 3018 auxilium
576 2958 749 3035 provinciae
772 2955 932 3017 serendum
961 2971 1066 3015 evoca·

100 3048 187 3102 retur
216 3048 246 3101 et
267 3041 306 3101 ll.
330 3042 486 3103 Octavium
520 3041 639 3102 audiret
670 3059 740 3101 cum
772 3039 909 3100 barbaris
930 3038 1068 3100 ¹foedera

100 3126 290 3205 percussisse
325 3124 591 3204 compluribusque
625 3125 699 3186 locis
731 3132 902 3185 nostrornm
936 3122 1069 3184 militum

102 3227 278 3288 oppugnare
290 3210 442 3290 praesidia
454 3212 564 3289 partim
575 3209 671 3271 classo
683 3226 738 3288 per
749 3226 781 3268 se
797 3209 905 3287 partim
920 3207 1069 3286 pedestri·

102 3294 160 3354 bus
183 3296 279 3372 copiis
300 3313 355 3374 per
375 3293 537 3364 barbaros,
561 3295 618 3355 etsi
641 3295 725 3372 gravi
746 3292 909 3354 valitudine
933 3292 1072 3353 adlectus

104 3379 153 3438 vir
169 3379 308 3457 corporis
329 3379 446 3439 viribus
469 3380 604 3440 animum
625 3375 819 3454 sequebatur,
841 3385 942 3437 tamen
956 3378 1072 3435 virtute

104 3463 178 3524 vicit
207 3464 432 3541 incommodum
461 3470 587 3525 naturae
622 3460 879 3541 difficultatesque
906 3468 941 3520 ct
960 3459 1085 3518 bitenius
