2356 3870
157 218 216 280 122
479 215 519 271 illl
533 214 638 272 BEILO
655 213 793 272 nautico

155 397 258 440 eorum
277 387 430 458 permotus
444 377 578 448 vocibus,
595 381 646 454 qui
664 377 743 438 filins
763 378 932 456 patientiam
948 394 1043 458 paene
1058 376 1109 438 ob·

154 461 517 541 sessionemappellabant
534 461 679 538 siquidem
695 479 730 522 ex
742 463 845 522 castris
857 459 1025 538 egredInon
1039 459 1109 521 lice·

154 554 209 615 ret,
225 545 340 606 nullum
354 544 498 606 elusmodi
513 563 613 605 casum
629 551 795 623 expectans,
812 561 880 620 quo,
896 561 1001 604 novem
1016 561 1110 622 oppo-

155 631 219 689 sitis
239 628 405 706 legionibus
426 630 611 704 maximoque
637 630 769 704 equitatu
794 628 935 706 dispersis
956 645 990 687 ac
1014 644 1110 705 paene

155 711 259 773 deletis
273 711 416 780 hostibus,
432 713 463 772 in
478 710 596 772 milibus
610 729 752 789 passuum
767 711 861 771 tribus
877 710 984 770 offendi
999 714 1109 788 posset,

155 798 227 872 quin
232 812 289 872 que
301 795 438 855 cohortes
449 796 662 856 frumentatum
675 796 706 855 in
720 797 869 872 proximas
881 800 996 871 segetes
1011 795 1108 854 mittit

123 884 140 936 8
156 895 228 955 quas
242 881 319 939 inter
335 889 364 938 et
378 887 473 939 castra
487 896 565 938 unus
577 880 696 938 omnino
711 877 794 938 collis
808 878 958 937 intererat.
982 876 1109 956 Conplu-

155 981 203 1022 res
220 972 303 1023 erant
322 980 357 1022 eu
380 961 545 1039 legionibus
565 964 646 1039 aegri
667 960 777 1028 relicti:
799 979 834 1021 ex
855 960 964 1036 quibus
984 961 1035 1035 qui
1054 960 1110 1020 hoc

155 1047 248 1124 spatIo
263 1045 378 1106 diarum
393 1044 616 1112 convaluerant,
638 1044 757 1104 circiter
772 1062 844 1112 ooo,
860 1042 917 1104 sub
932 1042 1036 1102 vexillo
1053 1061 1109 1103 una

154 1131 326 1196 minantum
348 1145 452 1205 magna
473 1137 627 1206 praeterea
648 1126 805 1187 multitudo
827 1126 977 1195 calonum,
1005 1144 1109 1204 magna

154 1214 197 1272 uls
217 1213 430 1279 iumentorum,
453 1227 527 1287 quae
548 1212 579 1270 In
594 1212 698 1271 castris
714 1209 918 1277 subsederant,
935 1210 1009 1270 facta
1026 1219 1108 1288 pote·

154 1304 228 1355 state
242 1297 383 1370 sequItur.

32 1412 35 1417 -
124 1383 136 1433 1
216 1377 355 1438 XXXVII.
389 1377 452 1437 Hoc
472 1379 536 1454 ipso
557 1385 691 1454 tempore
712 1384 741 1437 et
756 1394 826 1436 casu
841 1376 979 1437 Germani
995 1378 1109 1452 equites

154 1463 353 1521 interveniunt
367 1462 562 1537 protinusque
576 1459 679 1519 eodem
694 1459 760 1528 illo,
777 1476 836 1535 quo
851 1466 1002 1526 venerant,
1019 1477 1108 1519 cursu

122 1543 190 1604 2ab
213 1544 374 1604 decumana
393 1551 479 1621 porta
499 1544 530 1602 in
551 1550 647 1603 castra
673 1544 846 1621 inrumpere
867 1549 1034 1608 conantur,
1054 1559 1110 1602 nec

154 1629 236 1706 prius
251 1635 321 1687 sunt
334 1627 388 1686 vIsi
402 1625 524 1686 obiectis
539 1625 575 1686 ab
588 1644 621 1685 ea
635 1633 718 1704 parte
733 1625 822 1694 silvis,
839 1641 928 1702 quam
939 1627 1043 1685 castris
1058 1625 1108 1686 ad·

154 1712 396 1790 propinquarent,
412 1725 507 1785 usque
524 1727 558 1768 oo
574 1715 615 1777 ut,
632 1711 684 1784 qui
698 1709 754 1770 sub
769 1708 844 1770 vallo
861 1708 1016 1768 tenderent
1030 1727 1108 1768 mer·

122 1800 138 1851 3
154 1801 278 1860 catores,
294 1792 456 1871 recipiendi
467 1794 513 1852 sui
528 1792 695 1852 facultatem
705 1810 764 1852 non
777 1791 929 1852 haberent.
951 1792 1107 1869 Inopinan-

154 1887 200 1937 tes
213 1878 306 1936 nostri
326 1894 361 1935 re
376 1893 449 1935 nova
463 1874 691 1953 perturbantur,
714 1893 748 1935 ac
762 1877 809 1934 vix
824 1877 952 1954 primum
966 1876 1108 1952 Impetum

124 1969 141 2017 t
156 1959 264 2020 cohors
278 1961 307 2019 in
324 1961 449 2018 statione
464 1961 599 2018 sustiuet.
631 1958 916 2019 Circumfunduntur
936 1976 972 2018 ex
987 1957 1109 2032 reliquis

121 2050 138 2100 b
154 2043 255 2103 hostes
269 2039 420 2120 partibus,
437 2042 462 2100 si
478 2057 565 2117 quem
580 2040 690 2100 aditum
705 2044 840 2119 reperire
855 2048 984 2120 possent.
1015 2044 1108 2119 Aegro

153 2132 254 2205 portas
274 2126 369 2184 nostri
389 2131 525 2190 tuentum
547 2123 677 2199 reliquos
699 2125 796 2185 aditus
816 2124 899 2184 Iocus
919 2127 982 2202 ipse
1002 2141 1056 2202 per
1077 2141 1109 2184 se

121 2215 139 2266 o
152 2209 336 2283 munitioque
352 2206 491 2267 defendit.
526 2207 609 2267 Totis
623 2207 788 2285 trepidatur
803 2211 916 2275 castris,
933 2215 1021 2282 atque
1034 2205 1109 2269 alius

155 2310 190 2351 ex
205 2291 261 2351 alio
278 2306 395 2350 causam
411 2288 555 2350 tumultus
575 2292 704 2366 quaerit:
727 2307 823 2368 neque
839 2308 897 2368 quo
913 2293 996 2367 signa
1011 2290 1109 2350 leran-

155 2384 217 2442 tur,
239 2389 335 2450 neque
352 2389 438 2449 quam
452 2375 483 2432 in
497 2382 612 2451 partem
628 2375 753 2450 quisque
768 2376 928 2442 conveniat,
944 2373 1108 2452 provident.
1126 2430 1149 2442 ,

122 2457 234 2519 allius
254 2459 312 2517 iam
332 2463 427 2517 castra
448 2463 532 2534 capta
552 2459 739 2535 pronuntiat,
766 2456 840 2517 alius
860 2457 956 2516 deleto
979 2458 1110 2516 exercitu

122 2546 139 2597 8
154 2548 242 2616 atque
256 2543 435 2618 immratore
446 2541 571 2599 victores
583 2539 726 2601 barbaros
735 2541 851 2600 venisse
863 2539 1028 2615 contendit3
1044 2538 1107 2618 ple·

153 2626 238 2700 rique
258 2640 348 2683 novas
368 2622 423 2683 albi
445 2641 481 2682 ex
501 2622 565 2683 loco
586 2623 745 2701 religiones
765 2623 879 2701 fingunt
899 2623 1059 2699 Cottaeque
1081 2631 1109 2681 et

153 2707 262 2767 Titurii
276 2705 478 2774 calamitatem,
496 2708 546 2782 qui
559 2708 591 2766 in
603 2707 707 2767 eodem
719 2706 881 2768 occiderint
895 2705 1024 2772 castello,
1041 2712 1109 2764 ante

122 2797 139 2847 a
154 2790 256 2851 oculos
269 2799 393 2868 ponunt.
415 2788 480 2850 Tali
495 2791 600 2850 tidrore
611 2789 748 2851 omnibus
761 2792 938 2868 perterritis,
954 2791 1108 2849 confirma·

153 2883 203 2935 tur
218 2875 317 2953 opinio
331 2872 480 2942 barbaris,
503 2881 536 2933 ut
550 2892 586 2932 ex
601 2875 716 2951 captivo
731 2873 898 2941 audierant,
914 2871 1027 2933 nullum
1044 2888 1109 2933 ease

112 2963 145 3016 10
155 2959 235 3017 intus
249 2957 438 3035 praesidium.
468 2958 667 3034 Perrumpere
681 2958 818 3018 nituntur
828 2973 920 3032 seque
934 2958 990 3034 ipsi
1002 2955 1108 3015 adhor-

153 3048 262 3108 tantur,
278 3058 316 3099 ne
330 3047 441 3100 tantam
455 3042 604 3100 fortunam
619 3057 656 3101 ex
670 3039 806 3105 mannus
821 3040 976 3101 dimittant.

123 3130 137 3180 1
217 3121 370 3182 XXXVIII.
402 3123 473 3182 Erat
487 3140 574 3200 aeger
595 3141 661 3184 oum
677 3123 825 3200 praesidio
845 3122 967 3184 relIctus
987 3121 1109 3184 Publius

153 3206 271 3266 SextIus
285 3204 421 3274 Raoulus,
437 3208 488 3282 qui
501 3209 628 3284 primum
643 3206 735 3283 pllum
752 3206 787 3266 ad
803 3207 958 3268 Caesarem
974 3206 1108 3277 duxerat,

154 3306 237 3349 curus
252 3293 432 3348 mentionem
452 3290 656 3366 superioribus
675 3288 797 3367 proeliis
817 3291 957 3357 semmua,
981 3307 1014 3349 ac
1030 3288 1108 3348 diem

22 3379 25 3382 ”
120 3375 208 3434 aiam
219 3371 426 3448 quintumcibo
437 3382 580 3433 caruerat.
601 3372 861 3435 llicdifflsussuae
873 3381 961 3449 atque
977 3373 1108 3433 omnium
1170 3417 1175 3422 .

152 3456 239 3516 saluti
252 3456 379 3516 inermis
390 3473 425 3516 ex
441 3455 629 3517 tabernaculo
645 3456 758 3535 prodit:
774 3457 869 3525 videt,
890 3457 1038 3517 inminere
1054 3453 1106 3514 ho·
