2356 3870
448 242 524 300 CAP.
538 242 695 300 XII-XV.
1028 237 1051 303 9

84 409 140 454 ves
161 390 297 454 subsidio
320 391 489 460 distribuit:
512 411 588 472 quae
610 410 760 474 quamque
782 410 885 455 earum
901 401 1046 473 sequatur

86 486 119 537 et
140 478 192 537 cui
213 476 387 545 subveniat,
416 479 573 538 constituit
595 487 683 556 atque
706 480 844 556 imperat.
894 476 959 537 Non
989 477 1082 539 dtr-3

87 560 222 622 bitanter
243 560 436 623 Alexandrini
464 562 589 622 classem
617 560 788 640 producunt
814 568 902 641 atque
931 563 1043 622 instru-

88 651 157 704 unt:
181 646 213 704 in
234 646 335 705 fronte
357 644 505 705 collocant
526 657 612 714 ΗΠ,
636 645 772 724 reliquas
801 643 997 706 subsidiarias
1019 647 1051 706 in

87 727 223 789 secundo
243 728 353 789 ordine
375 731 573 790 constituunt.
617 716 758 805 ldagnum
773 736 929 807 praeterea
945 746 1050 789 nume·
1070 731 1093 783 4

86 829 154 872 rum
170 813 321 873 minorum
336 814 522 890 navigiorum
545 817 575 873 et
595 812 774 891 scapharum
796 811 968 890 producunt
982 830 1051 873 cum

87 895 235 957 malleolis
257 895 448 976 ignibusque,
472 899 498 958 si
520 894 591 974 quid
614 897 679 974 ipsa
700 894 862 956 multitudo
884 903 915 956 et
938 894 1051 957 clamor

87 988 118 1041 et
133 979 252 1040 llamma
266 981 378 1041 nostris
394 982 520 1043 terroris
536 979 657 1040 adierre
679 987 811 1059 possent.
855 976 950 1040 Erant
971 980 1051 1039 inter
1070 983 1092 1032 re

86 1062 161 1123 duas
183 1063 295 1124 classes
318 1063 390 1125 vada
413 1065 540 1124 transitu
562 1072 702 1142 angusto,
732 1079 808 1144 quac
837 1065 991 1141 pertinent
1013 1061 1051 1122 ad

86 1150 244 1225 regionem
268 1149 387 1209 Africae
407 1180 451 1193 -
472 1149 516 1208 sie
539 1149 622 1209 enim
644 1147 829 1227 praedicant,
852 1153 968 1226 partem
985 1164 1051 1208 esse

87 1230 284 1292 Alexandriae
313 1230 468 1293 dimidiam
496 1233 615 1292 Africae
643 1250 702 1301 —;
732 1232 863 1308 satisque
891 1229 943 1290 diu
971 1232 1051 1290 inter

87 1316 170 1390 ipsos
185 1323 231 1373 est
251 1324 448 1391 expectatum,
464 1314 502 1373 ab
518 1317 595 1373 utris
621 1315 708 1374 beret
733 1313 907 1375 transeundi
920 1315 1050 1383 initium,

87 1401 250 1475 propterea
272 1395 351 1474 quod
374 1398 419 1464 ei,
448 1399 499 1474 qui
523 1399 702 1463 intrassent,
732 1405 762 1458 et
784 1395 820 1457 ad
843 1395 1051 1474 explicandam

87 1479 213 1567 classem
236 1486 266 1539 et
292 1480 329 1539 ad
357 1488 530 1558 receptum,
564 1481 591 1540 si
624 1479 729 1540 durior
761 1479 920 1541 accidisset
952 1498 1050 1550 casus,

87 1562 297 1641 impeditiores
319 1564 383 1623 lore
406 1563 595 1624 videbantur.

150 1645 209 1707 XV.
238 1646 367 1708 Rhodiis
397 1647 524 1708 navibus
557 1655 694 1725 praeerat
727 1646 921 1726 Euphranor,
956 1649 1087 1709 animir

87 1731 296 1808 magnitudino
319 1750 353 1792 ac
380 1734 491 1791 virtute
519 1733 614 1808 magis
642 1747 709 1792 cum
737 1733 850 1791 uostris
875 1729 1050 1792 bominibus

87 1833 175 1894 quam
198 1833 267 1875 cum
289 1816 411 1878 Graecis
434 1813 664 1894 comparandus.
714 1813 777 1875 llio.
801 1813 840 1874 ob
862 1815 1050 1893 notissimam
1069 1826 1091 1875 r

87 1901 246 1960 scientiam
274 1907 364 1977 atque
392 1900 484 1959 animi
512 1897 749 1975 magnitudinem
776 1896 911 1959 delectus
938 1905 983 1958 est
1011 1897 1048 1958 ab

86 1982 223 2052 Rhodiis,
246 1985 299 2060 qui
317 1985 478 2061 lmparium
494 1982 599 2043 classis
615 1981 776 2042 obtineret.
799 1980 858 2053 oui
869 1980 922 2042 ubi
937 1983 1050 2042 cessari
1069 1993 1090 2042 3

87 2070 219 2127 animum
232 2066 368 2133 advertit,
392 2068 510 2127 Videris
520 2066 601 2134 mibi,
618 2067 726 2144 inquit,
751 2067 874 2139 Caesar,
898 2068 1007 2139 vereri,
1023 2067 1052 2126 si
1127 2114 1129 2119 .

85 2152 163 2210 baec
184 2151 266 2210 uodo
284 2152 393 2225 primis
414 2148 542 2210 naudus
563 2152 707 2223 intrarit,
737 2167 775 2209 ne
790 2153 881 2226 prius
902 2149 1050 2210 dimicare

85 2236 225 2310 coporis,
259 2250 349 2308 quum
380 2235 527 2309 reliquom
558 2235 682 2296 classem
708 2231 850 2309 potueris
880 2236 1048 2309 explicare.

86 2318 178 2376 Nobis
199 2334 262 2376 rem
283 2321 447 2378 committe:
469 2333 522 2377 nos
537 2320 689 2393 proelium
703 2315 913 2377 sustinebimus
932 2350 976 2365 -
996 2326 1089 2376 nese

86 2417 146 2476 pue
178 2409 261 2461 tuum
294 2403 439 2463 iudicium
462 2400 609 2472 saltemus
632 2433 681 2474 -,
705 2401 777 2460 dum
808 2402 920 2474 reliqui
950 2401 1048 2461 sabse-

86 2492 230 2559 pucmtur.
274 2485 338 2544 Hos
360 2487 480 2561 quidem
503 2486 615 2545 diutius
636 2487 667 2544 in
689 2490 791 2543 nostro
812 2491 972 2559 conspectu
984 2486 1048 2558 plo

85 2566 170 2628 riori
174 2611 183 2644 ,
206 2583 315 2641 magno
336 2571 421 2630 nobis
441 2575 470 2628 et
493 2565 637 2630 dedecori
656 2575 686 2626 et
713 2568 812 2627 dolori
837 2575 890 2628 est.
942 2566 1088 2629 Caesare

87 2651 174 2712 illum
206 2651 381 2713 adhortatus
417 2660 505 2732 atque
534 2650 674 2712 omnibus
703 2650 844 2712 laudibus
871 2660 1049 2731 prosecutus

87 2735 139 2796 dat
160 2737 280 2812 signum
303 2753 431 2814 pugnae.
475 2737 654 2813 Progressus
675 2734 755 2796 ultra
776 2735 884 2796 vadum
898 2734 955 2796 llll
969 2735 1048 2797 Rho·

88 2819 152 2879 dias
174 2837 265 2879 naves
287 2821 516 2881 circumsistunt
530 2820 725 2880 Alexandrini
747 2827 836 2896 atque
859 2821 891 2879 in
914 2837 964 2879 eas
991 2821 1048 2879 im·

88 2911 190 2980 petum
212 2905 336 2965 iaciunt.
386 2904 543 2965 Sustinent
571 2902 617 2964 illi
644 2910 734 2981 atque
763 2911 825 2962 arte
854 2901 1089 2981 sollertiaquee

86 3005 120 3046 se
142 2986 308 3065 explicant;
332 3006 367 3049 ac
389 2994 506 3048 tanturn
530 2987 666 3048 doctrina
690 2987 803 3064 potuit,
826 2989 913 3046 utin
936 2985 1049 3064 dispari

86 3088 215 3130 numero
238 3071 320 3132 nulla
337 3080 507 3132 transversa
522 3071 602 3132 hosti
623 3069 813 3138 obiceretur,
838 3068 950 3131 nullius
972 3071 1049 3130 remi

86 3153 328 3232 detergerentur,
346 3156 398 3216 sed
410 3171 529 3233 semper
544 3154 735 3216 venientibus
750 3154 892 3215 adversae
908 3172 1049 3215 occurre·

86 3245 164 3299 rent.
208 3237 334 3299 interim
350 3248 419 3299 sunt
434 3239 568 3318 reliquae
584 3238 774 3300 subsecutae.
817 3238 892 3298 'lum
911 3255 1048 3299 necessa·
1070 3247 1088 3295 τ

85 3323 134 3383 rio
156 3321 322 3383 discessum
345 3323 382 3384 ab
406 3332 469 3383 arte
493 3331 538 3383 est
560 3331 684 3402 propter
699 3323 853 3400 angustias
868 3322 937 3391 loci,
961 3331 1049 3400 atque

85 3424 175 3468 omne
199 3415 352 3467 certamen
375 3410 407 3467 in
430 3410 541 3468 virtute
563 3409 709 3467 constitit.
759 3405 862 3484 Neque
888 3424 959 3465 vero
981 3407 1090 3466 Ale-8

82 3489 229 3552 xandriae
252 3491 310 3552 luit
332 3493 489 3570 quisquam
501 3497 554 3553 aut
568 3499 747 3556 nostrorum
760 3500 815 3554 aut
826 3489 1072 3571 oppidanorum,
