2356 3870
390 208 468 268 cuP.
482 209 765 269 xxxx-xxxxii.
997 205 1056 268 lll

96 362 209 429 nostri,
232 368 266 420 ut
281 378 297 419 a
311 359 435 429 Munda,
458 377 547 439 quam
569 362 705 439 proxime
721 367 878 440 ceperant,
900 362 1058 421 materiem

98 445 151 505 illo
174 444 377 521 deportarent.
640 492 645 505 s

160 527 305 588 Xllllllll.
349 527 425 589 Dum
452 529 526 590 haec
554 529 590 590 ad
611 527 751 589 Mundam
780 536 927 606 geruntur
949 536 979 588 et
1000 528 1055 589 Ur·
1080 535 1093 586 1

98 631 234 681 saonem,
259 612 381 680 Caesar,
405 613 442 673 ad
463 613 611 692 Hispalim
634 631 701 674 cum
717 613 848 674 Gadibus
870 632 902 675 se
924 615 1057 691 recepis-

98 704 158 765 set,
196 699 366 775 insequenti
403 695 451 757 die
487 699 629 758 contione
655 696 795 757 advocata
831 706 1057 758 commemorat:

98 781 188 840 lnitio
217 789 398 859 quaesturae
432 799 502 842 suae
537 800 601 842 eam
634 782 819 859 provinciam
851 799 887 842 en
920 781 1059 841 omnibus

98 866 263 943 provinciis
280 864 340 924 sibi
363 866 545 943 peculiarem
562 867 753 926 constituisse
777 873 822 934 et,
846 885 922 944 quae
946 868 1059 943 potuis-

99 958 144 1009 set
172 967 208 1009 eo
235 956 386 1026 tempore,
420 949 566 1010 beneficia
598 950 740 1027 largitum
774 968 855 1018 esse;
888 951 1096 1027 insequentia

99 1041 240 1111 praetura
263 1034 403 1111 ampliato
425 1034 539 1094 honore
561 1034 735 1111 vectigalia,
759 1052 833 1112 quae
853 1033 990 1094 Metellus
1013 1035 1059 1093 in·-

99 1120 265 1195 posuisset,
294 1136 310 1177 a
333 1125 438 1178 senatu
465 1121 577 1197 petisse
600 1127 629 1179 et
657 1137 691 1179 ea
719 1120 846 1196 pecunia
876 1120 1060 1196 provinciam

100 1201 244 1262 liberasse
267 1201 415 1280 simulque
439 1203 607 1279 patrocinio
629 1210 767 1280 suscepto
783 1202 885 1263 multis
902 1203 1060 1279 legationi·

101 1286 157 1346 bus
179 1284 216 1345 ah
239 1303 271 1345 se
294 1287 326 1346 in
349 1294 484 1348 senatum
506 1288 637 1347 inductis
657 1286 747 1347 simul
769 1285 901 1365 publicis
922 1287 1060 1364 privatis·

101 1389 158 1449 que
187 1370 285 1429 causis
312 1369 476 1431 multorum
504 1373 674 1432 inimicitiis
696 1373 844 1449 susceptis
877 1370 1060 1438 defendisse;

101 1472 155 1515 suo
178 1455 250 1513 item
273 1456 305 1513 in
327 1454 483 1516 consulatu
503 1453 671 1523 absentem,
695 1473 771 1535 qnae
793 1457 954 1534 potuisset,
979 1461 1098 1515 com-a

100 1537 187 1598 moda
209 1539 381 1615 provinciae
408 1539 568 1600 tribuisse:
598 1557 702 1600 eorum
729 1543 864 1600 omnium
891 1537 1061 1599 commodo·

101 1641 167 1682 rum
197 1630 226 1681 et
255 1623 446 1683 immemores
469 1631 499 1683 et
527 1626 661 1700 ingratos
688 1626 721 1683 in
748 1642 781 1683 se
804 1631 833 1684 et
861 1624 893 1684 in
918 1623 1063 1701 populum
1148 1691 1152 1696 ,

101 1707 268 1766 Romanum
298 1706 356 1767 lroc
385 1706 465 1768 bello
491 1710 521 1768 'et
549 1709 712 1786 praeterito
740 1716 875 1785 tempore
906 1723 1061 1783 cognosse.

109 1794 167 1850 Vos
187 1789 256 1850 aare
273 1793 408 1864 portiom
434 1792 601 1865 civiumque
622 1791 825 1852 Romanorum
850 1793 992 1851 institutis
1012 1805 1062 1850 eo·
1083 1795 1101 1844 4

100 1877 193 1948 paim
221 1891 302 1934 more
331 1875 531 1937 barbarorum
554 1877 665 1950 populi
684 1875 817 1936 Romani
841 1875 1064 1948 mopisrroaous
1161 1876 1165 1881 '

102 1961 301 2019 sacrosanctis
329 1975 437 2020 montes
464 1961 552 2021 semel
579 1969 608 2019 et
627 1963 748 2034 saepius
775 1961 916 2020 attulistis
942 1967 971 2018 et
998 1962 1065 2019 tuce

102 2045 190 2102 claro
213 2042 346 2104 Cossium
368 2046 399 2103 ia
420 2045 517 2105 medio
538 2043 614 2116 soro
635 2045 757 2116 nelarie
783 2046 952 2116 interficere
973 2044 1075 2103 volui.

102 2129 163 2186 stis.
213 2128 270 2188 Vos
292 2131 336 2187 ito
357 2145 465 2202 paoem
486 2143 605 2204 semper
624 2130 740 2197 odistis,
768 2136 800 2189 ut
822 2131 905 2189 nullo
932 2135 1101 2203 temporeo

102 2213 234 2285 lepe’ooes
248 2214 360 2272 desitne
377 2214 488 2289 populi
500 2212 634 2272 nemone·
654 2215 685 2272 m
699 2214 759 2273 leco
775 2213 936 2288 provincio
951 2212 1065 2272 baberi.

103 2296 196 2370 Apud
217 2313 267 2356 vos
288 2297 430 2369 beneficia
448 2313 509 2372 pro
530 2300 699 2370 maleficiis,
728 2299 879 2369 maleficio
896 2313 958 2372 pro
979 2297 1064 2356 bene-

101 2381 179 2451 ficiis
200 2381 356 2440 habentur.
400 2381 453 2441 Ito
477 2397 572 2454 neque
600 2381 633 2441 m
661 2384 721 2441 otio
748 2380 943 2441 concordiam
971 2396 1067 2454 neque

103 2467 135 2522 io
156 2464 238 2536 hello,
253 2468 391 2525 virtutem
408 2467 470 2524 allo
483 2471 615 2539 tempore
628 2467 759 2524 retinere
773 2466 925 2540 potuistis.
958 2464 1064 2524 Priva-
1086 2472 1102 2520 a

104 2555 151 2607 tos
171 2565 211 2607 ex
229 2547 312 2622 supa
335 2549 387 2608 On.
410 2549 570 2621 Pompeius
591 2549 767 2609 adulescens
788 2565 809 2607 a
830 2547 910 2608 vohis
928 2556 1067 2624 receptus

101 2631 205 2702 fasces
225 2635 441 2709 imperiumque
461 2633 519 2693 sibi
537 2635 671 2708 acropoli
676 2677 685 2710 ,
713 2633 811 2693 maltis
835 2631 1004 2713 intersectis
1024 2634 1065 2692 ci·

105 2716 188 2774 ribus
214 2718 334 2776 auxilia
367 2725 475 2778 contro
502 2720 647 2792 populum
676 2717 843 2777 Romanum
875 2718 1064 2790 conparavit,
1161 2777 1165 2784 ,

105 2815 198 2871 apros
214 2801 463 2875 provinciamque
476 2810 574 2861 vestro
588 2802 708 2876 inpulsu
722 2801 924 2876 depopulavit.
953 2799 992 2858 In
1006 2815 1063 2874 quo
1085 2807 1099 2856 7

105 2898 157 2942 oos
178 2885 304 2943 victores
325 2885 561 2945 existimabatis?
603 2887 649 2942 An
672 2901 718 2944 me
739 2885 914 2944 aeletomoo
929 2883 1065 2943 animod-

105 2968 262 3027 oertebotis
285 2965 414 3047 [decem]
437 2969 549 3028 babere
569 2969 701 3043 temones
718 2969 863 3044 populum
885 2965 1064 3039 Romanum,

104 3068 182 3126 qaae
204 3069 264 3112 noa
285 3055 379 3112 solam
402 3053 484 3113 vobis
505 3052 662 3124 obserere,
694 3053 749 3112 sed
773 3054 861 3112 etiam
883 3054 999 3112 eoelum
1021 3051 1066 3111 di·

103 3152 195 3196 ruere
211 3139 356 3213 possem?
402 3136 534 3208 Quarum
555 3137 696 3198 laudibus
716 3146 746 3198 et
767 3139 878 3199 virtute

482 3389 684 3401 m
