2356 3870
281 207 379 266 contii.
396 209 415 266 t
431 209 501 267 GAP.
516 210 812 272 XXllel-XXXXllll.
987 216 1028 279 25

67 373 173 442 Gallis;
197 391 259 433 non
279 373 343 432 sine
362 389 469 449 magna
488 390 542 452 spe
561 377 735 451 magnisque
751 379 891 455 praemiis
907 378 1026 440 domum
1104 416 1106 420 ι

65 459 312 539 propinquosque
325 455 497 533 reliquisse;
522 457 607 517 sedes
621 457 731 518 habere
751 462 782 520 in
798 460 889 522 Gallia
903 460 940 522 ab
954 463 1026 540 ipsis

65 558 241 610 concessas,
263 539 381 600 obsides
399 540 534 619 ipsorum
553 540 703 602 voluntate
724 542 821 612 datos;
846 545 1024 623 stipendium

65 642 174 706 capere
188 626 256 684 iure
276 622 362 693 belli,
384 622 464 700 quod
484 625 611 684 victores
630 627 715 686 victis
733 629 878 704 inponere
900 647 1025 690 consue·

64 711 134 772 rint.
174 707 241 769 Nou
261 725 327 767 sese
349 706 453 775 Gallis,
475 707 528 768 sed
550 707 647 768 Gallos
667 708 724 770 sibi
743 708 854 771 bellum
875 711 1023 774 intulisse:
1040 718 1057 770 3

64 809 169 854 omues
181 789 293 851 Galliae
304 790 436 852 civitates
446 789 483 850 ad
494 808 527 851 se
538 792 769 870 oppugnandum
779 796 894 855 venisse
908 813 943 856 ac
954 815 1024 857 con·

64 885 110 937 tra
125 894 160 936 se
176 881 274 936 castra
288 873 443 942 habuisse;
460 891 510 935 eas
524 892 627 936 omnes
643 877 741 954 copias
757 894 773 936 a
788 895 821 937 se
835 895 895 939 uno
910 880 1024 957 proelio

62 959 166 1040 pulsas
187 977 222 1020 ac
241 963 396 1036 superatas
418 974 492 1018 esse.
531 956 562 1017 Si
582 960 690 1019 iterum
712 961 842 1039 experiri
865 961 969 1031 vebat,
993 971 1057 1024 set

61 1046 174 1105 iterum
187 1047 327 1120 peratum
338 1058 403 1101 osse
414 1040 581 1110 decertare:
599 1043 625 1102 si
635 1059 709 1121 pace
724 1045 768 1103 uti
777 1043 876 1113 velint,
889 1045 1024 1123 iniquum

63 1145 130 1188 esse
145 1125 184 1185 de
198 1124 345 1204 stipendio
360 1141 509 1194 recusare,
527 1125 605 1201 quod
620 1144 674 1186 sua
688 1125 838 1188 voluntate
852 1128 889 1188 ad
903 1129 933 1188 id
948 1137 1023 1189 tem·

61 1228 118 1289 pus
144 1207 353 1289 pependerint.
401 1209 566 1268 Amicitiam
585 1208 688 1286 populi
707 1208 832 1271 Romani
856 1211 913 1272 sibi
938 1221 1057 1273 orna-5

61 1299 164 1354 mento
180 1300 212 1352 et
225 1291 388 1371 praesidio,
410 1309 471 1351 non
485 1290 662 1352 detrimento
678 1310 744 1353 esse
759 1301 913 1372 oportere,
934 1297 1024 1372 idque

62 1395 94 1438 se
108 1394 145 1437 ea
160 1392 214 1454 spe
229 1375 349 1454 petisse.
387 1374 419 1434 Si
432 1391 488 1452 per
501 1375 645 1453 populum
658 1375 825 1437 Romanum
845 1379 1024 1458 stipendium

62 1457 234 1521 *emittatur
248 1465 280 1518 et
298 1456 428 1518 dediticii
448 1456 677 1526 subtrahantur,
698 1477 758 1519 non
777 1461 875 1522 minus
896 1461 1024 1523 libenter

61 1562 128 1606 sese
143 1548 354 1604 recusaturum
373 1539 476 1619 populi
489 1541 615 1601 Romani
636 1543 806 1612 amicitiam,
830 1561 918 1620 quam
933 1546 1022 1625 adpe-

60 1628 155 1688 tierit
201 1623 288 1696 Quod
307 1623 525 1685 multitudinem
540 1624 754 1685 Germanorum
775 1629 806 1685 in
821 1627 944 1687 Galliam
962 1632 1056 1688 tra-6

62 1711 165 1780 ducat,
180 1709 212 1770 id
227 1727 260 1770 se
274 1709 321 1769 sui
334 1707 500 1777 muniendi,
516 1724 575 1767 non
591 1707 701 1767 Galbae
715 1710 921 1786 impugnandae
936 1728 1024 1771 causa

61 1795 178 1855 lacere:
202 1792 267 1853 eius
280 1792 327 1852 rei
340 1791 543 1850 testimonium
558 1808 638 1859 esse,
660 1791 739 1867 quod
754 1793 812 1851 nisi
825 1800 947 1869 rogatus
962 1812 1022 1854 non

62 1877 178 1938 venerit
193 1883 223 1936 et
238 1874 318 1951 quod
332 1872 444 1934 bellum
457 1891 518 1933 non
531 1873 681 1942 intulerit,
704 1873 756 1933 sed
771 1873 946 1937 detenderit.
985 1877 1023 1937 Se
1038 1883 1054 1931 '1

61 1961 145 2039 prius
159 1960 192 2020 iu
207 1957 330 2019 Galliam
344 1958 460 2018 venisse
474 1974 562 2033 quam
576 1955 719 2036 populum
727 1956 902 2020 Romanum.
930 1961 1021 2021 Num·

62 2060 151 2120 quum
173 2048 241 2103 ante
260 2041 317 2101 hoc
336 2047 455 2119 tempus
470 2041 633 2100 exercitum
653 2040 757 2119 populi
771 2041 896 2103 Romani
910 2042 1021 2104 Galliae

60 2127 232 2206 provinciae
256 2124 364 2186 tinibus
389 2142 552 2202 egressum.
597 2123 673 2194 Ouid
694 2123 751 2185 sibi
770 2123 875 2186 velleii
913 2127 972 2188 Gur
992 2129 1054 2187 in8

61 2227 130 2271 suas
149 2210 356 2288 possessiones
382 2208 514 2269 veniret?
550 2208 734 2268 Provinciam
754 2227 838 2268 suam
858 2208 935 2270 hanc
956 2229 1021 2271 esse

61 2292 197 2362 Galliam,
213 2293 289 2352 sicut
302 2290 383 2353 illam
397 2299 550 2352 nostram:
563 2291 602 2352 Ut
616 2291 673 2370 ipsi
687 2291 809 2352 concedi
823 2310 884 2353 nou
899 2301 1019 2371 oporte·

59 2386 115 2446 ret,
132 2377 161 2436 si
176 2376 208 2436 lu
222 2383 341 2436 nostros
355 2377 430 2436 fines
439 2376 583 2453 impetum
597 2375 724 2443 faceret,
741 2376 783 2434 sic
796 2377 869 2436 item
883 2395 939 2436 nos
955 2395 1020 2437 esse

58 2463 194 2538 iniquos,
217 2458 295 2535 quod
310 2460 341 2518 in
356 2477 411 2519 suo
425 2459 492 2518 iure
506 2476 539 2517 se
555 2457 822 2537 interpellaremus.
861 2458 946 2529 Quod
961 2461 1020 2520 lra-
1035 2464 1054 2516 tl

58 2555 120 2606 tres
135 2541 256 2604 Aeduos
271 2541 432 2623 appellatos
447 2541 575 2610 diceret,
597 2558 657 2602 non
672 2551 779 2601 setam
794 2540 954 2602 barbarum
968 2561 1019 2602 ne·

58 2645 117 2707 que
131 2635 196 2688 tam
206 2626 377 2705 imperitum
389 2643 454 2687 esse
468 2642 580 2693 rerum,
596 2631 702 2685 utnon
717 2626 815 2694 sciret,
829 2641 926 2701 neque
941 2624 1019 2686 bello

57 2711 253 2786 Allobrogum
277 2711 413 2788 proximo
437 2709 555 2770 Aeduos
574 2707 714 2767 Romanis
739 2707 881 2768 auxilium
905 2708 1019 2777 tulisse,

57 2812 157 2872 neque
176 2794 260 2873 ipsos
280 2794 310 2852 in
330 2791 377 2854 his
392 2790 646 2861 contentionibus,
669 2807 742 2866 quas
756 2791 848 2851 Aedui
868 2809 970 2851 secum
991 2800 1021 2851 et

58 2895 126 2938 cum
142 2877 290 2954 Sequanis
302 2875 482 2945 habuissent,
494 2875 602 2936 auxilio
613 2871 715 2952 populi
726 2874 851 2933 Romani
861 2892 932 2934 usos
944 2893 1018 2935 esse.

58 2961 176 3022 bebere
195 2978 231 3020 se
249 2961 408 3038 suspicari,
435 2959 570 3020 simulata
592 2958 746 3019 Gaesarem
770 2958 911 3026 amicitia,
939 2959 1018 3036 quod
1029 2964 1062 3016 10

59 3046 226 3106 exercitum
239 3045 271 3104 in
286 3042 379 3104 Gallia
392 3042 513 3113 habeat,
533 3045 580 3103 sui
595 3040 781 3121 opprimendi
795 3059 883 3102 causa
897 3041 1017 3104 habere.

59 3127 115 3200 Qui
129 3129 190 3189 nisi
204 3126 327 3188 decedat
347 3134 436 3205 atque
451 3127 616 3187 exercitum
635 3123 761 3184 deducat
776 3142 811 3183 ex
828 3124 874 3186 his
889 3128 1057 3203 regioni-11

58 3210 123 3281 bus,
140 3227 210 3272 sese
221 3210 304 3271 illum
315 3228 376 3272 non
386 3228 442 3291 pro
454 3211 557 3280 amico,
571 3208 622 3270 sed
633 3206 719 3269 hoste
730 3205 909 3270 habiturum.
934 3210 1019 3280 Quod
1029 3217 1061 3267 12

59 3296 169 3356 sicum
183 3295 381 3365 interfecerit,
401 3294 503 3355 multis
523 3311 589 3354 sese
608 3290 757 3352 nobilibus
776 3292 1018 3372 principibusque

59 3377 164 3458 populi
178 3376 303 3438 Romani
321 3386 439 3455 gratum
460 3395 526 3440 esse
546 3377 710 3437 iacturum:
732 3374 763 3435 id
779 3393 811 3436 se
826 3375 863 3436 ab
877 3377 949 3455 ipsis
964 3393 1019 3454 per

60 3479 165 3526 corum
180 3462 301 3523 nuntios
316 3469 502 3542 compertum
515 3459 640 3533 habere,
663 3474 792 3539 quorum
806 3461 943 3524 omnium
955 3476 1024 3542 gra·
