2356 3870
345 228 458 285 couu.
472 229 494 285 1.
523 228 599 284 cir.
612 226 819 303 nne-mm.¹
1010 223 1050 288 31

101 397 102 400 ’
158 394 273 458 Lllllll.
301 394 402 454 Prima
417 396 484 455 luce
499 413 534 455 ex
552 395 758 473 superioribus
777 395 864 462 locis,
886 413 961 473 quae
978 395 1077 455 Cae-1
1101 423 1103 428 ·

92 481 171 540 saris
186 480 292 538 castris
307 486 392 539 erant
406 481 578 547 coniuncta,
600 479 812 547 cernebantur,
835 481 983 556 equitatus
1001 497 1052 538 no·

93 564 150 623 stri
179 563 294 640 proelio
323 564 500 622 novissimos
529 563 647 622 illorum
676 565 773 642 premi
801 563 994 622 vehementer
1018 579 1052 621 ac

92 664 316 724 nonnumquam
324 648 471 706 sustinere
480 654 643 706 extremum
651 665 756 725 agmen
764 655 850 726 atque
862 648 1050 724 interrumpi,

93 731 168 791 alias
190 730 297 789 inferri
313 733 397 806 signa
412 738 442 789 et
461 734 667 791 universarum
684 731 850 792 cohortium
870 733 984 809 impetu
998 748 1051 789 no·

93 823 173 875 atros
187 814 324 892 propelli,
341 815 410 873 dein
425 833 529 875 rursus
544 833 701 876 conversos
716 816 843 894 insequi.
881 814 964 874 'lotis
980 821 1078 873 veroa

93 900 203 958 castris
225 898 335 957 milites
359 899 497 958 circulari
526 907 556 959 et
577 900 694 970 dolere,
721 899 837 959 hostem
857 916 893 958 ex
914 897 1052 958 manibus

93 983 222 1049 dimitti,
244 981 354 1041 bellum
370 985 540 1042 necessario
554 983 671 1075 longius
686 983 769 1053 duci,
792 984 983 1043 centuriones
999 984 1052 1041 tri·

93 1065 250 1144 bunosque
265 1065 395 1127 militum
411 1067 493 1127 adire
509 1075 597 1145 atque
613 1067 781 1136 obsecrare,
797 1075 830 1126 ut
844 1085 899 1145 per
914 1085 965 1126 cos
980 1065 1053 1126 Cae·

94 1168 144 1211 sar
165 1151 276 1209 certior
295 1151 394 1219 lieret,
416 1169 453 1210 ne
475 1150 569 1211 labori
589 1170 642 1211 suo
664 1169 724 1211 neu
744 1152 876 1230 periculo
898 1156 1050 1229 parceret:

93 1244 217 1313 paratos
236 1251 301 1293 esse
323 1251 404 1303 sese,
431 1253 518 1312 posse
540 1244 570 1294 et
591 1235 700 1295 audere
722 1253 756 1295 ea
781 1237 908 1295 transire
931 1235 1051 1302 ssumen,

94 1337 153 1396 qna
168 1317 323 1377 traductus
338 1328 417 1378 esset
431 1321 590 1396 equitatus.
626 1318 756 1388 Quorum
772 1319 870 1379 studio
886 1328 916 1378 et
930 1317 1079 1378 vocibusa

95 1403 244 1462 excitatus
255 1401 373 1472 Caesar,
390 1404 446 1462 etsi
463 1402 584 1462 timebat
599 1411 699 1463 tantae
711 1405 906 1480 magnitudini
921 1403 1075 1463 lluminis.'

96 1488 262 1546 exercitum
278 1485 413 1555 obicere,
436 1486 600 1546 conandum
622 1495 722 1547 tamen
737 1496 825 1566 atque
840 1487 1053 1566 experiendum

78 1592 80 1597 ¹
96 1570 219 1630 iudicat.
256 1569 358 1648 ltaque
380 1571 560 1630 infirmiores
574 1572 686 1631 milites
701 1589 737 1630 ex
757 1571 895 1630 omnibus
910 1572 1081 1651 centuriist

96 1654 188 1730 deligi
214 1653 312 1722 iubet,
340 1672 465 1732 quorum
487 1662 537 1714 aut
558 1660 673 1717 animus
698 1664 748 1714 aut
772 1657 853 1715 vires
876 1653 1054 1714 videbantur

95 1740 245 1798 sustinere
260 1755 319 1796 non
335 1757 432 1816 posse.
468 1738 527 1798 Hos
542 1756 610 1799 cum
629 1739 747 1815 legione
762 1757 820 1798 una
841 1738 990 1817 praesidio
1005 1742 1080 1796 ca-tt

96 1824 168 1882 stris
189 1821 348 1900 relinquit;
376 1822 506 1901 reliquas
531 1822 664 1900 legiones
685 1822 839 1900 expeditas
865 1822 965 1882 educit
992 1839 1053 1880 ma·

96 1924 214 1984 guoque
230 1922 355 1964 numero
370 1909 571 1967 iumentorum
586 1907 754 1979 inllumine
769 1925 856 1986 supra
874 1914 961 1984 atque
977 1906 1055 1966 inira

97 1992 258 2050 constituto
272 1989 403 2050 traducit
417 1993 592 2051 exercitum.
621 1991 712 2051 Pauci
728 2010 763 2052 ex
778 1992 825 2052 his
839 1989 986 2050 militibus
1001 1988 1081 2049 abo
1143 1990 1146 1996 '

95 2077 175 2152 repti
198 2076 226 2134 vi
241 2073 373 2134 lluminis
389 2074 425 2134 ab
441 2077 574 2153 equitatu
590 2078 780 2154 excipiuntur
797 2093 830 2135 ac
846 2074 1053 2142 sublevantum

96 2160 203 2218 interit
216 2165 316 2218 tamen
331 2176 428 2218 nemo.
461 2159 610 2219 Traducto
632 2160 775 2219 incolumi
797 2163 933 2220 exercitu
954 2160 1055 2236 copias

95 2243 221 2303 instruit
241 2242 447 2321 triplicemque
469 2245 563 2303 aciem
587 2243 697 2303 ducere
722 2246 838 2322 incipit.
874 2245 915 2303 Ac
939 2247 1080 2302 tantumt

95 2328 155 2387 luit
170 2327 202 2384 in
216 2325 363 2386 militibus
378 2327 484 2395 studii,
506 2336 540 2387 ut
560 2327 673 2387 milium
690 2346 741 2387 sex
757 2328 866 2388 aditer
881 2326 980 2386 addito
996 2328 1055 2384 cir·

96 2412 182 2470 cuitu
196 2427 360 2489 magnaque
377 2410 412 2470 ad
427 2411 534 2470 vadum
554 2411 685 2471 lluminis
700 2429 782 2472 mora
802 2412 979 2489 interposita
994 2426 1054 2478 eoS,

96 2496 149 2574 qui
166 2494 202 2553 de
217 2497 306 2554 tertia
320 2494 422 2571 vigilia
437 2497 584 2565 exissent,
606 2502 673 2555 ante
688 2495 791 2556 horam
807 2495 867 2555 diei
882 2506 970 2555 vnn.
985 2510 1056 2553 con·

97 2586 307 2657 sequerentur.
860 2641 865 2648 ,

161 2661 247 2721 LXV.
283 2661 362 2731 Quos
382 2662 434 2722 ubi
454 2664 594 2723 Afranius
619 2663 723 2742 procul
749 2666 828 2724 visos
849 2681 916 2723 cum
936 2661 1081 2722 Petrei01

98 2748 268 2823 conspexit,
289 2764 412 2806 novare
433 2751 613 2826 perterritus
633 2748 706 2807 locis
727 2746 931 2826 superioribus
945 2746 1055 2805 consti·

97 2833 135 2890 tit
151 2830 303 2908 aciemque
318 2832 448 2891 instruit.
479 2832 587 2893 Caesar
601 2834 633 2891 in
646 2833 757 2909 campis
772 2833 935 2892 exercitum
949 2829 1083 2895 reticita

97 2932 137 2974 ne
158 2913 307 2974 delessum
328 2915 442 2993 proelio
465 2915 591 2986 obiciat;
617 2933 722 2975 rursus
748 2921 888 2975 conantes
916 2911 1056 2992 progredi

98 3000 269 3076 insequitur
290 3005 319 3057 et
339 3006 481 3058 moratur.
522 2999 568 3059 llli
594 3001 762 3060 necessario
782 2999 941 3067 maturius,
968 3002 1083 3075 quam3

98 3083 332 3152 constituerant,
355 3090 451 3142 castra
465 3093 589 3161 ponunt.
627 3083 774 3144 Suberant
789 3085 868 3143 enim
884 3088 998 3142 montes
1013 3087 1055 3139 at·

99 3183 158 3245 que
179 3183 197 3225 a
216 3165 339 3226 milibus
359 3185 477 3244 passum
497 3181 520 3227 v
540 3170 650 3228 itinera
671 3167 805 3228 dilficilia
825 3176 912 3246 atque
933 3172 1056 3243 angusta

99 3248 297 3328 excipiebant.
328 3249 388 3310 Hos
399 3259 514 3312 montes
531 3255 644 3312 intrare
660 3251 828 3331 cupiebant,
844 3261 877 3311 ut
890 3253 1083 3329 equitatumt

100 3333 267 3410 effugerent
288 3333 423 3396 Caesaris
449 3336 667 3415 praesidiisque
693 3339 725 3397 in
745 3336 889 3412 angustiis
908 3334 1057 3396 collocatis

100 3419 267 3478 exercitum
288 3419 397 3480 itinere
416 3420 630 3498 prohiberent,
652 3423 710 3501 ipsi
731 3423 795 3480 sine
815 3417 954 3500 periculo
972 3418 1063 3478 act‘x·

99 3517 186 3562 more
200 3500 345 3563 Hiberum
360 3506 460 3583 coplas
475 3505 679 3572 traducerent.
709 3505 799 3581 Quod
814 3507 878 3569 luit
887 3504 955 3564 illis
968 3500 1117 3562 conen-b
