2356 3870
119 191 163 255 24
439 198 487 252 DE
507 197 625 253 DELLO
648 196 757 254 OIVILI

121 365 299 424 mitteretur.
331 363 442 424 Tamen
456 365 568 424 virtute
584 368 614 423 et
633 364 775 442 patientia
797 362 969 424 nitebantur
990 371 1080 443 atque

94 449 222 508 'lornnia
237 447 359 507 vulnera
374 446 569 508 sustinebant.
607 447 779 525 Augebatur
793 447 853 508 illis
867 450 968 527 copia,
991 456 1080 528 atque

122 551 158 591 ex
173 534 279 591 castris
294 531 431 591 cohortes
452 549 507 611 per
529 531 670 610 oppidum
691 531 796 592 crebro
817 530 1077 602 submittebantur,

97 623 156 674 sut
170 617 281 692 integri
297 615 422 676 defessis
437 615 640 676 succederent.
676 614 739 676 Hoc
759 615 839 676 idem
855 616 962 677 Caesar
979 619 1079 677 lacere

122 698 293 777 cogebatur,
310 706 342 759 ut
357 701 523 761 summissis
537 702 569 759 in
585 699 711 760 eundem
728 700 824 761 locum
841 699 1012 761 cohortibus
1026 701 1080 761 de·

121 783 218 844 fessos
231 785 392 863 reciperet.

96 874 110 923 ι
184 866 336 927 xxxxvl.
362 867 424 928 Hoc
439 887 506 928 cum
519 870 598 928 esset
611 867 699 929 modo
713 875 875 948 pugnatum
891 871 1081 930 continenter

122 951 205 1012 horis
219 953 360 1030 quinque,
377 955 530 1031 nostrique
545 955 665 1031 grauius
677 972 693 1014 a
705 953 893 1013 multitudine
905 956 1080 1032 premeren-

121 1042 186 1106 tur,
209 1038 391 1115 consumptis
406 1036 545 1098 omnibus
559 1035 628 1096 telis
647 1036 754 1113 gladiis
769 1035 920 1097 destrictis
934 1039 1079 1115 impetum

122 1119 262 1180 adversus
282 1126 412 1180 montem
433 1122 465 1180 in
486 1121 618 1191 cohortis
637 1121 749 1181 iaciunt
771 1122 932 1199 paucisque
954 1121 1082 1181 deiectis

96 1203 254 1282 areliquos
275 1221 340 1264 sese
359 1211 534 1264 convertere
556 1211 674 1281 cogunt.
712 1203 862 1264 Submotis
883 1204 939 1264 sub
959 1222 1082 1264 murum

123 1287 296 1348 cohortibus
317 1306 351 1347 ac
370 1287 516 1348 nonnulla
529 1297 613 1366 parte
633 1295 757 1367 propter
775 1297 920 1349 terrorem
940 1290 971 1348 in
993 1290 1083 1366 oppi-

95 1371 194 1431 ³dum
214 1372 373 1450 compulsis
393 1373 488 1432 lacilis
504 1380 548 1432 est
569 1374 679 1432 nostris
698 1378 837 1452 receptus
857 1372 950 1432 datus.
986 1371 1083 1450 Equi·

121 1462 200 1516 tatus
216 1462 314 1516 autem
329 1463 429 1516 noster
445 1455 481 1516 ab
497 1463 623 1535 utroque
643 1456 753 1526 latere,
774 1457 831 1516 etsi
852 1456 976 1516 deiectis
991 1465 1082 1535 atque

122 1539 317 1599 inferioribus
342 1539 415 1600 locis
441 1541 627 1610 constiterat,
652 1546 751 1600 minen
777 1558 891 1602 summa
919 1541 952 1600 in
977 1542 1082 1616 iugum

123 1626 233 1684 virtute
249 1625 391 1685 conititur
407 1632 493 1703 atque
513 1627 593 1685 inter
608 1623 681 1685 dues
696 1626 777 1685 acies
791 1625 983 1704 perequitans
999 1642 1079 1683 com·

122 1707 286 1768 modiorum
308 1726 341 1768 ao
368 1711 509 1769 tutiorem
530 1711 642 1769 nostris
660 1716 813 1787 receptum
834 1708 892 1768 dat.
933 1706 976 1768 lta
997 1710 1083 1768 vario

95 1795 285 1852 tcertamine
300 1800 463 1870 pugnatum
478 1800 533 1853 est.
569 1792 669 1853 Nostri
684 1795 715 1853 in
731 1794 826 1871 primo
842 1809 1003 1869 congressu
1018 1794 1082 1852 cir·

122 1877 199 1936 citer
213 1887 285 1935 Lxx
299 1877 486 1947 ceciderunt,
507 1878 539 1937 in
559 1877 607 1936 his
626 1875 660 1946 Q.
676 1876 831 1953 Fulginius
852 1895 888 1936 ex
908 1878 1006 1954 primo
1027 1876 1081 1936 ha·

121 1967 197 2021 stato
211 1959 339 2036 legionis
349 1973 450 2030 xlm„
466 1962 518 2039 qui
533 1967 656 2038 propter
671 1962 810 2021 eximiam
826 1962 965 2020 virtutem
981 1978 1017 2019 ex
1032 1962 1081 2019 in·

120 2043 284 2107 serioribus
298 2043 454 2103 ordinibus
469 2046 501 2103 in
516 2062 584 2105 eum
600 2044 696 2104 locum
713 2051 905 2123 pervenerat;
921 2044 1082 2103 vulneran-

93 2133 170 2188 ttur
190 2128 316 2205 amplius
336 2139 392 2187 Dc.
429 2127 473 2188 Ex
495 2128 665 2188 Afranianis
685 2129 905 2188 interficiuntur
925 2127 960 2188 Τ.
978 2128 1082 2188 Caeci·

120 2212 188 2280 lius,
210 2213 299 2289 primi
316 2211 369 2290 pili
384 2215 529 2282 centurio,
546 2219 576 2272 et
589 2220 710 2291 praeter
725 2231 793 2272 enm
809 2213 999 2272 centuriones
1014 2224 1080 2275 1111.

121 2296 232 2356 milites
247 2294 372 2373 amplius
387 2307 438 2355 co.

96 2385 111 2435 1
184 2378 351 2440 xxxxvrl.
389 2379 447 2439 Sed
467 2380 541 2442 haec
557 2382 621 2440 eius
638 2381 698 2441 diei
719 2381 888 2459 praefertur
908 2381 1023 2459 opinio,
1046 2386 1081 2440 ui

93 2469 153 2525 ase
168 2466 288 2543 utrique
304 2465 474 2542 superiores
490 2464 663 2526 discessisse
679 2467 897 2525 existimarent:
914 2464 1078 2532 Afraniani,

120 2546 213 2624 quod,
241 2565 306 2608 cum
334 2566 399 2608 esse
420 2550 553 2609 omnium
578 2548 691 2610 iudicio
716 2549 875 2610 interiores
894 2548 1081 2617 viderentur,

120 2633 284 2692 comminus
299 2632 423 2692 tamdiu
437 2634 589 2693 stetissent
604 2641 634 2694 et
648 2641 817 2694 nostrorum
832 2634 976 2710 impetum
988 2633 1078 2691 susti·

119 2716 253 2775 uuissent
273 2722 303 2776 ct
327 2717 413 2776 initio
438 2716 536 2777 locum
561 2717 766 2796 tumulumque
792 2718 972 2785 tenuissent,
1002 2733 1082 2794 quae

120 2817 208 2859 causa
223 2801 374 2878 pugnandi
388 2802 501 2870 suerat,
524 2809 554 2861 et
573 2807 691 2861 nostros
706 2803 802 2880 primo
817 2817 978 2877 congressu
993 2807 1078 2876 terga

92 2890 236 2943 evertere
252 2886 434 2961 coegissent3
455 2888 549 2945 nostri
564 2892 678 2954 autem,
699 2884 777 2964 quod
792 2887 894 2963 iniquo
909 2883 974 2943 loco
989 2892 1083 2961 atque

119 2970 228 3045 impari
244 2970 397 3044 congressi
413 2986 537 3029 numero
549 2970 679 3048 quinque
694 2969 777 3029 horis
791 2969 936 3048 proelium
948 2969 1082 3026 sustinu·

71 3051 72 3055 ’
119 3053 221 3122 issent,
239 3052 316 3130 quod
332 3059 462 3112 montem
478 3053 584 3130 gladiis
600 3052 751 3113 destrictis
766 3053 977 3120 ascendissent,
999 3050 1079 3130 quod

119 3153 155 3195 ex
180 3135 245 3196 loco
272 3138 427 3214 superiore
452 3143 535 3214 terga
561 3143 677 3196 vertere
704 3137 888 3197 adversarios
913 3135 1082 3212 coegissent

92 3225 207 3298 tatque
223 3221 255 3280 in
270 3220 412 3299 oppidum
432 3221 655 3299 compulissent.
691 3219 736 3280 Illi
752 3239 819 3281 eum
839 3221 1003 3288 tumulum,
1023 3236 1082 3297 pro

119 3321 178 3380 quo
198 3313 360 3381 pugnatum
381 3311 441 3373 est,
468 3307 584 3383 magnis
605 3303 748 3385 operibus
769 3306 943 3364 munierunt
964 3303 1080 3382 praesi-

119 3388 259 3465 diumque
275 3387 317 3446 ihi
334 3397 506 3467 posuerunt.

89 3479 105 3526 1
180 3468 363 3534 XXXXVlll.
398 3472 511 3534 decidit
532 3475 622 3534 etiam
643 3474 834 3554 repentinum
858 3469 1080 3533 incommodum
