2356 3870
292 226 405 303 OOMM.
420 228 440 283 I.
464 227 540 283 CAP.
555 226 848 280 mxl-xxxxv.
1012 219 1053 285 23

93 395 197 456 luntur
210 400 297 473 atque
311 393 377 453 aliis
390 395 555 454 summissis
571 392 714 453 subsidiis
730 399 813 470 terga
829 398 945 453 vertere
961 410 1052 473 seque

95 479 131 540 ad
146 481 232 554 signa
246 479 398 555 legionum
414 481 548 557 recipere
565 485 720 554 coguntur.

157 560 327 622 XXXXllll.
364 562 464 643 Genus
486 569 549 622 erat
574 579 690 640 pugnae
711 562 837 622 militum
858 561 991 631 illorum,
1019 570 1075 622 utt

94 663 202 724 magno
222 648 335 725 impetu
356 648 453 726 primo
473 654 698 724 procurrerent,
725 646 865 707 audacter
885 646 983 706 locum
1004 665 1051 705 ca·

94 739 211 810 perent,
227 731 348 790 ordines
360 748 432 790 suos
447 749 505 789 nou
521 747 700 809 magnopere
721 737 887 800 servarent,
909 734 971 790 rari
992 731 1052 791 dis·

93 817 234 894 persique
255 821 436 892 pugnarent3
460 816 485 874 si
507 821 729 894 premerentur,
756 815 863 893 pedem
885 817 999 875 relerre
1022 822 1078 875 etr

94 899 160 958 loeo
175 898 319 958 excedere
335 917 393 958 uon
408 906 495 977 turpe
512 900 733 968 existimarent,
756 916 823 959 cum
838 900 990 959 Lusitanis
1004 918 1051 959 re-

93 982 245 1062 liquisque
272 981 400 1042 barbaro
418 978 554 1061 ‘quodam
585 1000 694 1060 genere
726 1000 840 1062 pugnae
873 983 1079 1052 adsuefacti;·

93 1066 173 1146 quod
190 1067 253 1126 lere
268 1068 315 1134 fit,
331 1066 440 1146 quibus
455 1069 581 1146 quisque
597 1070 628 1127 iu
644 1067 717 1128 locis
732 1067 818 1127 miles
832 1069 1051 1135 inveteraverit,

94 1158 127 1212 ut
142 1148 267 1210 multum
279 1168 379 1210 earum
392 1151 546 1228 regionum
558 1151 771 1211 cousuetudine
783 1160 945 1211 moveatur.
972 1151 1051 1211 llaec
1063 1160 1079 1208 3

93 1243 157 1296 tum
172 1237 249 1294 ratio
264 1241 383 1296 nostros
397 1235 583 1315 perturbavit
602 1237 734 1295 insuetos
754 1235 843 1295 huius
863 1237 983 1313 generis
997 1255 1052 1314 pu·

94 1337 185 1396 gnae:
208 1320 361 1379 circumiri
383 1321 462 1378 enim
487 1337 552 1378 sese
574 1319 610 1379 ab
632 1327 735 1397 aperto
760 1319 852 1380 latere
873 1337 1052 1399 procurren-

94 1403 177 1464 tibus
203 1403 328 1479 singulis
354 1401 590 1473 arbitrabantur;
620 1405 681 1481 ipsi
710 1411 808 1464 autem
837 1422 906 1464 suos
932 1405 1053 1464 ordines

94 1505 215 1548 servare
232 1505 328 1565 neque
344 1486 381 1546 ab
397 1489 490 1563 siguis
506 1487 660 1547 discedere
676 1504 773 1564 neque
787 1490 852 1548 sine
867 1490 950 1565 gravi
965 1506 1053 1549 causa

95 1589 163 1632 eum
177 1570 284 1639 locum,
301 1589 390 1650 quem
405 1578 562 1650 ceperant,
586 1571 697 1631 dimitti
712 1580 890 1632 censuerant
904 1579 1052 1650 oportere.

94 1655 199 1734 ltaque
219 1654 402 1734 perturbatis
424 1656 624 1732 antesignanis
645 1655 737 1731 legio,
760 1674 835 1734 quae
857 1658 887 1714 in
909 1673 944 1714 eo
959 1665 1081 1714 cernuo

95 1741 284 1807 constiterat,
307 1739 403 1799 locum
419 1757 477 1799 non
493 1740 590 1799 tenuit
610 1745 697 1817 atque
718 1741 749 1798 in
765 1741 932 1818 proximum
949 1739 1053 1798 collem

94 1842 161 1884 sese
179 1824 303 1901 recepit.

159 1906 303 1968 XXXXV.
339 1908 447 1968 Caesar
467 1925 561 1986 paene
583 1909 664 1966 omni
685 1908 748 1967 acie
775 1910 950 1987 perterrita,
977 1908 1082 1987 quodt

95 1999 217 2072 praeter
239 1993 408 2070 opinionem
429 1991 733 2070 consuetudinemque
757 1992 920 2060 acciderat,
949 1992 1053 2053 cohor-

95 2084 176 2137 tatus
198 2092 267 2136 suos
287 2075 436 2152 legionem
462 2095 569 2135 nonam
593 2075 726 2136 subsidio
747 2076 843 2145 ducit;
868 2075 984 2136 hostem
1008 2079 1054 2136 in·

96 2160 229 2221 solenter
244 2166 331 2238 atque
344 2163 454 2220 acriter
464 2168 581 2219 nostros
595 2162 802 2238 insequentem
813 2159 974 2238 subprimit
988 2179 1050 2221 rur·

95 2261 207 2323 susque
223 2251 307 2320 terga
323 2243 439 2303 verte're
455 2262 546 2322 seque
562 2242 597 2303 ad
619 2242 760 2321 oppidum
775 2242 900 2303 Ilerdam
918 2247 1054 2322 recipere

97 2335 127 2388 et
142 2326 197 2387 sub
212 2346 298 2387 muro
313 2330 476 2388 consistere
491 2329 579 2403 cogit.
611 2326 670 2386 Sed
686 2345 780 2388 nonae
800 2327 927 2403 legionis
944 2329 1079 2388 militesr

96 2411 166 2472 elati
183 2412 295 2480 studio,
318 2412 386 2470 dum
409 2413 520 2471 sarcire
542 2417 696 2489 acceptum
718 2411 928 2471 detrimentum
944 2412 1054 2480 volunt,

96 2503 210 2556 temere
225 2497 352 2555 insecuti
367 2493 484 2571 longius
498 2495 655 2572 fugientes,
677 2495 821 2574 inlocum
836 2497 971 2575 iniquum
986 2514 1055 2574 pro·

98 2579 275 2656 gradiuntur
290 2585 320 2638 et
334 2577 389 2638 sub
405 2588 549 2648 montem,
571 2581 603 2639 in
619 2597 676 2659 quo
691 2587 756 2640 erat
770 2580 911 2659 oppidum
925 2582 1055 2659 positum

98 2663 203 2733 llerda,
220 2662 393 2723 succedunt.
429 2663 504 2723 Hinc
520 2682 551 2723 se
573 2665 707 2741 recipere
724 2682 791 2723 cum
806 2664 928 2733 vellent,
950 2673 1080 2724 rursus3

97 2747 141 2809 illi
157 2766 192 2807 ex
207 2747 271 2806 loco
287 2749 441 2825 superiore
457 2756 573 2807 nostros
588 2747 773 2826 premebant.
808 2747 991 2826 Praeruptus
1011 2749 1080 2807 lot

96 2849 150 2892 cus
166 2838 245 2900 erat,
268 2838 393 2910 utraque
409 2850 445 2892 ex
464 2840 548 2911 parte
564 2831 710 2900 directuS,
732 2849 766 2891 ac
781 2838 894 2893 tantum
910 2834 941 2891 in
956 2831 1054 2892 latitu-

97 2917 198 2977 dinem
214 2913 344 2993 patebat,
361 2922 394 2974 ut
409 2924 471 2975 tres
486 2918 649 2975 instructae
662 2915 797 2975 cohortes
809 2934 876 2975 eum
892 2916 989 2975 locum
1005 2933 1054 2975 ex·

96 3000 228 3080 plerent,
255 3007 288 3059 ut
314 3017 409 3077 neque
432 2999 566 3060 subsidia
591 3019 607 3058 a
632 2999 776 3059 lateribus
796 2999 931 3060 submitti
958 3017 1054 3079 neque

97 3086 215 3163 equites
230 3082 431 3143 laborantibus
446 3086 514 3144 usui
530 3101 594 3144 esse
610 3092 740 3162 possent.
771 3083 814 3143 Ab
830 3085 938 3163 oppido
955 3092 1079 3144 autema

97 3168 221 3228 declivis
235 3167 317 3240 locus
332 3169 413 3226 tenui
429 3168 547 3244 fastigio
557 3166 698 3244 vergebat
713 3170 743 3227 in
760 3167 972 3245 longitudinem
988 3187 1054 3246 pas·

96 3271 183 3312 suum
199 3252 320 3311 circiter
335 3262 428 3311 ccco.
464 3251 524 3311 Hac
540 3254 727 3311 nostris-erat
746 3258 900 3330 receptus,
925 3253 1002 3330 quod
1019 3259 1080 3311 eoo

96 3338 215 3397 incitati
230 3335 328 3395 studio
343 3336 538 3396 inconsultius
552 3342 774 3414 processerant;
795 3335 852 3396 hoe
867 3335 1055 3414 pugnabatur

97 3421 171 3489 loco,
189 3426 218 3480 et
233 3425 356 3500 propter
368 3421 518 3497 angustias
532 3423 635 3498 iniquo
648 3426 678 3479 et
692 3420 770 3500 quod
786 3420 841 3480 sub
857 3422 934 3499 ipsis
948 3419 1058 3479 radici·

95 3503 153 3565 bus
168 3505 278 3563 montis
293 3506 499 3574 constiterant,
523 3511 555 3565 ut
570 3504 687 3569 nullum
709 3506 828 3570 trustra
846 3505 949 3568 telum
965 3507 1008 3564 'm
1024 3518 1084 3561 eos
