2356 3870
136 186 222 262 Ἶ4μ
311 200 313 204 ”
425 195 571 252 BELLUM
585 194 806 253 dambertum

139 369 192 413 sua
215 351 382 417 exercitum
394 346 528 408 Caesaris
551 353 639 424 atque
660 346 872 425 perturbatum
887 345 995 406 iaculis
1010 346 1106 408 couti·

139 442 236 514 geret.
279 433 360 495 Haec
382 431 439 491 luit
460 432 540 491 ratio
564 429 714 508 Scipionis
737 448 772 490 eo
796 429 844 489 die
866 430 1058 508 proeliandi.⁸

103 532 121 580 t
203 517 263 580 LX.
308 517 444 578 Caesaris
466 522 565 575 autem
587 517 668 575 acles
689 514 747 588 hoc
769 512 857 574 modo
872 514 931 573 luit
946 514 1103 583 collocata,

140 610 176 664 ut
197 601 235 663 ab
257 602 380 672 sinistro
403 602 469 660 eius
491 616 586 670 cornu
609 598 712 658 ordiar
734 598 762 658 et
786 597 821 658 ad
845 597 981 658 dextrum
996 601 1104 676 pcr've'·

141 688 232 748 niam.
282 682 395 755 Habuit
415 683 565 761 legionem
592 695 638 751 x„
667 693 756 741 VII-11.
786 685 817 742 in
846 683 970 742 sinistro
997 699 1104 752 cornu,

140 783 237 840 xxv„
259 780 397 837 xxvrm,
419 780 508 836 xus,
530 779 633 837 xuu„
656 777 806 836 xxurru„
830 777 928 824 xxvi.
951 767 984 826 in
1004 765 1105 827 media

101 856 217 915 aacie.
263 852 298 925 ln
313 870 367 912 suo
390 859 490 912 autem
513 851 618 911 dextro
642 868 737 911 cornu
758 867 775 909 e
797 849 926 910 secunda
942 851 1007 910 acie
1023 856 1105 911 vete·

109 938 113 945 ’
141 956 283 999 ranarum
300 937 452 1013 legionum
466 943 582 1013 partem
599 935 768 995 cohortium
785 933 993 1004 collocaverat,
1016 950 1105 1012 prae·

102 1031 226 1086 aterea
259 1038 296 1081 ex
327 1023 462 1080 tironum
491 1036 603 1098 paucas
625 1017 786 1079 adiecerat.
840 1019 971 1079 Tertiam
1004 1024 1106 1079 autern

142 1109 239 1167 aciem
273 1106 304 1164 iu
336 1106 492 1164 sinistrum
520 1121 608 1162 suum
638 1121 732 1164 cornu
761 1100 930 1162 contulerat
957 1109 1106 1181 eiusque

88 1232 91 1241 ι
142 1190 179 1250 ad
202 1189 280 1251 aciei
302 1206 373 1248 suae
396 1186 526 1247 mediam
549 1186 697 1264 legionem
720 1193 895 1264 porrexerat
917 1194 947 1247 et
969 1188 1011 1245 ita
1032 1203 1106 1246 con·

100 1274 306 1341 tlocaverat,
330 1274 376 1331 uti
398 1272 555 1331 sinistrum
578 1288 663 1331 suum
688 1288 783 1330 cornu
805 1270 914 1348 triplex
938 1277 1027 1330 esset
1072 1268 1105 1330 ld

142 1377 178 1419 eo
201 1355 327 1417 consilio
350 1357 472 1425 iecerat,
496 1354 575 1432 quod
598 1373 685 1414 suum
708 1355 844 1415 dextrum
869 1354 946 1414 latus
960 1355 1105 1415 munitio·

141 1440 232 1502 nibus
255 1438 465 1506 adiuvabatur,
489 1438 645 1499 sinistrum
668 1447 776 1507 autem,
800 1440 951 1516 equitatus
973 1437 1107 1499 hostium

140 1523 331 1587 multitudini
363 1523 409 1583 uti
441 1523 544 1582 resisti
576 1529 691 1601 posset,
732 1522 902 1592 laborabat,
940 1521 1107 1601 eodemque

141 1626 229 1670 suum
252 1625 371 1667 omnem
393 1608 558 1686 equitatum
580 1605 750 1666 contulerat
771 1613 816 1675 et,
846 1605 926 1685 quod
947 1609 976 1666 ei
998 1623 1107 1684 parum

142 1690 324 1760 confidebat,
355 1690 506 1769 praesidio
534 1690 582 1750 his
609 1689 762 1768 equitibus
790 1689 940 1766 legionem
960 1703 994 1749 v.
1017 1707 1106 1768 prae-

141 1779 266 1837 miserat
287 1774 441 1855 levemque
463 1782 645 1834 armaturam
669 1776 748 1834 inter
771 1776 887 1852 equites
916 1775 1106 1852 interposue-

104 1865 199 1922 Μαι.
243 1859 420 1937 sagittarios
442 1860 524 1920 uarie
546 1859 716 1937 passimque
739 1855 816 1917 locis
838 1859 932 1919 certis
960 1859 1106 1918 maxime·

121 1962 202 2024 -que
223 1946 256 2003 in
279 1941 424 2003 comibus
446 1941 655 2004 collocaverat.

107 2034 125 2083 1
207 2025 281 2087 LXl.
325 2025 375 2086 Sic
396 2032 595 2105 utrorumque
618 2028 768 2102 exercitus
792 2027 933 2087 instructi
955 2043 1015 2087 non
1037 2025 1108 2105 plus

143 2128 285 2190 passuum
308 2120 370 2169 ccc
392 2110 552 2171 interiecto
575 2110 686 2187 spatio,
715 2108 795 2188 quod
821 2111 953 2184 forsitan
975 2117 1046 2170 ante
1074 2108 1107 2170 id

143 2201 262 2271 tempus
284 2191 430 2255 acciderit
451 2194 628 2272 numquam.
652 2196 725 2272 quin
748 2192 955 2263 dimicaretur,
978 2212 994 2254 a
1017 2211 1106 2254 mane

103 2287 239 2356 aesque
266 2276 304 2338 ad
330 2277 434 2338 boram
463 2289 497 2337 x.
528 2277 576 2338 die
598 2280 806 2356 perstiterunt.
841 2277 974 2357 'lamque
997 2277 1107 2339 Caesar

145 2379 214 2423 cum
241 2363 406 2423 exereitum
434 2362 514 2422 intra
541 2363 726 2422 munitiones
758 2380 827 2423 suas
857 2361 1004 2423 reducere
1036 2381 1106 2423 coe·

143 2448 254 2525 pisset,
284 2443 384 2509 subito
407 2446 566 2507 universus
588 2447 738 2525 equitatus
760 2445 887 2508 ulterior
908 2445 1107 2508 Numidarum

145 2528 399 2608 Gaetulorumque
420 2530 486 2590 siue
509 2530 604 2591 irenis
626 2529 663 2590 ab
687 2530 789 2591 dextra
812 2538 897 2608 parte
925 2549 957 2590 se
984 2548 1107 2592 movere

54 2630 56 2634 ’
144 2615 329 2692 proptusque
351 2613 486 2674 Caesaris
514 2620 625 2682 castra,
660 2632 735 2692 quae
767 2623 853 2675 erant
885 2616 917 2674 in
947 2614 1039 2683 colle,
1074 2630 1107 2674 se

144 2698 283 2758 conferre
306 2698 423 2775 coepit,
445 2696 580 2757 frenatus
602 2704 701 2757 autem
722 2697 847 2758 Labieni
871 2717 963 2777 eques
985 2700 1018 2758 in
1039 2699 1108 2759 loco

103 2792 126 2842 3
144 2798 322 2861 permanere
338 2780 530 2860 legionesque
554 2781 713 2842 distinere:
738 2801 808 2842 cum
820 2781 920 2842 subito
937 2800 1006 2860 pars
1022 2784 1107 2861 equi·

144 2872 224 2928 tatus
247 2865 382 2927 Caesaris
412 2883 481 2926 cmn
503 2866 561 2926 levi
583 2873 733 2927 armatura
762 2874 866 2927 contra
890 2867 1030 2928 Gaetulos
1060 2870 1107 2926 in·

146 2950 231 3010 iussu
253 2967 288 3010 ac
314 2956 429 3021 temere
452 2950 571 3026 longius
596 2952 751 3027 progressi
778 2949 977 3028 paludemque
1006 2959 1108 3012 trans·

144 3034 242 3110 gressi
268 3032 492 3094 multitudinem
522 3033 654 3094 hostium
676 3035 765 3112 pauci
787 3036 936 3095 sustinere
965 3053 1026 3094 non
1053 3052 1107 3113 po·

145 3123 277 3185 tuerunt,
301 3115 418 3195 levique
441 3124 592 3178 armatura
615 3116 732 3178 deserta
747 3117 827 3196 pulsi
843 3118 1108 3198 convulneratique

145 3218 206 3260 uno
230 3202 331 3277 equite
354 3201 478 3271 amisso,
501 3202 605 3262 multis
627 3203 714 3280 equis
736 3205 856 3271 sauciis
879 3202 953 3263 levis
975 3209 1109 3263 armatu·

107 3299 197 3349 trae
218 3296 318 3343 xxvn
341 3286 450 3346 occisis
479 3286 516 3346 ad
544 3304 614 3346 suos
641 3287 828 3364 refugerunt.
881 3287 947 3357 Quo
974 3287 1109 3348 secundo

145 3369 279 3448 equestri
306 3368 421 3446 proelio
447 3372 527 3431 lacto
555 3369 658 3448 Scipio
692 3371 724 3430 iu
759 3377 856 3431 castra
887 3370 984 3433 laetus
1019 3378 1110 3433 noete

108 3454 248 3532 acopias
276 3452 412 3514 reduxit.
462 3453 548 3525 Quod
569 3455 727 3534 proprium
754 3455 898 3533 gandium
925 3454 1111 3518 bellantibus
