2356 3870
79 267 82 272 .
163 181 222 288 ως
475 219 633 277 orontio
650 218 797 276 cupreo.

161 386 255 468 pulsi,
278 383 449 446 adhortatus
479 382 514 442 ad
540 380 672 442 laborem
696 381 804 443 milites
831 381 1051 445 circumvallare
1074 387 1118 447 ln·

162 470 266 530 stituit.

135 561 148 611 1
206 550 344 612 LXVllll.
382 549 482 628 lpsum
498 555 561 609 erat
582 547 722 627 oppidum
737 548 832 609 Alesia
853 550 884 608 in
905 549 979 610 colle
1005 569 1120 613 summo

163 633 320 696 admodum
333 633 410 693 edito
422 631 496 699 loco,
510 638 543 691 ut
553 633 610 692 nisi
622 630 774 691 obsidione
786 634 949 710 expugnari
961 652 1021 693 non
1032 653 1120 713 posse

132 729 148 776 2
163 719 328 784 rideretur;
346 718 430 776 cuius
445 714 527 775 collis
539 715 653 775 radices
669 713 726 774 duo
739 714 852 775 duabus
869 733 903 775 ex
916 717 1049 794 partibus
1064 719 1120 779 ssu-

131 810 148 861 3
162 803 241 861 mina
257 799 443 862 subluebant.
474 799 549 858 Ante
563 797 592 858 id
614 797 755 876 oppidum
775 797 916 876 planicies
932 801 1051 862 circiter
1065 805 1119 862 mi·

130 884 200 945 ella
227 901 368 961 passuum
396 902 434 942 111
457 882 487 941 in
514 881 729 958 longitudinem
752 881 886 959 patebat:
927 883 1050 960 reliquis
1083 905 1119 944 ex

163 965 299 1028 omnibus
310 964 443 1045 partibus
455 962 544 1024 colles
555 965 697 1024 mediocri
707 965 862 1025 interiecto
874 968 968 1044 spatio
980 969 1045 1045 pari
1056 968 1107 1028 alti

132 1058 148 1108 5
165 1050 275 1110 tudinis
290 1051 406 1126 lastigie
418 1047 557 1126 oppidum
571 1046 735 1124 cingebam.
761 1047 828 1108 ,Sub
843 1066 939 1118 muro,
962 1067 1037 1126 quae
1051 1069 1119 1129 pars

162 1131 251 1210 collis]
267 1133 302 1192 ad
322 1134 467 1194 orientem
486 1129 579 1190 solem
600 1129 764 1209 spectabat,
786 1129 866 1191 bunc
885 1150 1003 1193 omnem
1022 1133 1119 1196 locum

164 1217 265 1295 coplae
276 1214 425 1276 Gallorum
441 1213 659 1292 compleverant
673 1215 842 1291 fossamque
855 1223 884 1275 et
894 1218 1052 1276 maceriam
1067 1236 1119 1277 sex

131 1300 193 1359 sin
215 1298 398 1358 altitudinem
423 1297 532 1376 pedum
559 1297 785 1374 praeduxerant.
836 1299 907 1358 Eius
938 1302 1117 1368 munitionis,

163 1398 238 1459 quae
253 1380 289 1440 ab
295 1381 436 1442 Romanis
447 1379 666 1449 instituebatur,
682 1382 823 1442 circuitus
837 1402 871 1442 11
885 1381 963 1442 milia
980 1400 1118 1460 passuum

131 1463 289 1525 ttenebat.
322 1463 422 1526 Castra
443 1464 618 1542 opportunis
638 1463 711 1524 locis
732 1472 816 1524 erant
836 1466 932 1543 posita
951 1465 1052 1541 ibique
1067 1486 1115 1527 ca·

163 1546 247 1608 stella
263 1548 363 1625 viginti
376 1548 431 1607 tria
447 1549 537 1616 iacta,
554 1547 663 1624 quibus
677 1549 708 1607 in
723 1547 852 1608 castellis
870 1549 1000 1610 interdiu
1015 1552 1102 1610 statio

161 1630 420 1709 reponebantur,
437 1650 476 1692 ne
491 1647 548 1708 qua
563 1629 660 1692 subito
676 1632 793 1709 eruptio
808 1631 909 1699 fleret:
925 1631 998 1693 baec
1013 1632 1114 1692 eadem

162 1723 253 1775 noctu
265 1713 484 1775 excubitoribus
499 1733 534 1774 ac
547 1715 639 1775 firmis
654 1714 808 1795 praesidis
819 1714 1005 1776 tenebantur.

135 1803 149 1855 t
207 1796 292 1858 Lllll.
338 1798 436 1876 Opere
449 1800 583 1858 instituto
598 1799 630 1858 lit
646 1806 784 1874 equestre
798 1796 945 1876 proelium
959 1801 990 1859 in
1006 1817 1039 1859 ea
1054 1799 1116 1878 pla·

162 1883 259 1950 ulcis,
289 1898 377 1958 quam
396 1882 595 1942 intermissam
615 1881 740 1942 collibus
756 1883 811 1942 tria
824 1881 902 1941 milia
924 1900 1067 1960 passuum
1087 1885 1118 1942 ln

163 1963 376 2041 longitudinem
396 1972 499 2042 patere
519 1983 609 2042 supra
636 1965 909 2026 demonstravimus.
951 1965 1071 2026 Summa
1090 1967 1118 2025 vi

134 2045 202 2107 aab
232 2049 367 2124 utrisque
393 2047 588 2108 contenditur.
632 2047 846 2109 Laborantibus
873 2050 982 2109 nostris
1009 2049 1117 2110 Caesar

163 2129 325 2190 Germanos
339 2131 495 2191 summittit
509 2131 699 2209 legionesque
713 2150 768 2210 pro
784 2133 888 2192 castris
904 2133 1064 2199 coustituit,
1080 2150 1118 2192 ne

134 2217 221 2289 tqua
242 2212 339 2273 subito
365 2215 498 2292 inruptio
518 2213 555 2274 ab
575 2213 703 2276 bostium
723 2214 855 2294 peditatu
874 2215 932 2274 liat.
967 2215 1117 2277 Praesidio

162 2294 310 2372 legionum
330 2296 429 2358 addlto
443 2299 553 2358 nostris
568 2299 682 2358 animus
698 2304 836 2375 augetur:
857 2295 959 2358 hostes
973 2300 1004 2358 in
1018 2298 1116 2374 lugam

164 2380 288 2439 coniecti
303 2398 335 2440 se
349 2381 406 2459 ipsi
420 2380 607 2441 multitudine
621 2381 774 2461 inpediunt
789 2389 877 2458 atque
897 2380 1116 2458 angustioribus

137 2464 260 2540 sportis
279 2463 391 2524 relictis
412 2472 630 2525 coacervantur.
673 2464 811 2525 Germani
836 2466 933 2525 acrius
960 2481 1054 2541 usque
1081 2462 1116 2523 ad

134 2547 344 2606 emunitiones
365 2556 539 2624 sequuntur.
575 2547 620 2607 Fit
640 2565 744 2625 magna
761 2547 881 2616 caedes;
909 2547 1044 2608 nonnulli
1065 2565 1112 2607 re·

164 2626 242 2692 lictis
268 2631 351 2707 equis
376 2632 485 2691 fossam
516 2632 643 2691 transire
672 2639 701 2690 et
724 2633 882 2693 maceriam
906 2630 1116 2691 transcendere

164 2722 317 2775 conantur.
343 2711 467 2774 Paulum
481 2713 612 2792 legiones
627 2714 741 2782 Caesar,
759 2731 831 2791 quas
845 2713 990 2793 provallo
1006 2716 1114 2774 consti·

131 2804 266 2867 otuerat
282 2799 451 2876 promoverl
464 2797 555 2858 lubet.
578 2798 643 2858 Non
658 2799 765 2866 minus,
782 2799 833 2874 qui
843 2799 922 2858 intra
936 2797 1116 2857 munitiones

165 2890 263 2950 erant,
284 2881 497 2960 perturbantur
519 2880 607 2948 Galli,
624 2882 717 2950 veniri
737 2882 773 2941 ad
788 2899 820 2941 se
841 2881 994 2941 confestim
1018 2881 1116 2940 existi·

164 2971 278 3024 mantes
293 2963 329 3024 ad
344 2983 425 3025 arma
440 2963 637 3031 conclamant;
668 2961 802 3025 nonnulli
820 2965 971 3043 perterriti
985 2965 1016 3024 in
1032 2964 1115 3041 oppi-

134 3047 233 3107 ¹idum
249 3048 433 3126 inrumpunt.
475 3048 698 3124 Vercingetorix
722 3046 807 3108 iubet
824 3053 925 3126 portas
947 3044 1056 3113 claudi,
1079 3062 1117 3104 ne

165 3137 260 3191 castra
286 3129 444 3190 nudentur.
487 3130 586 3190 Multis
611 3131 790 3199 interiectis,
817 3127 1011 3208 conpluribus
1033 3129 1116 3204 equis

165 3215 257 3292 captis
273 3213 412 3274 Germani
423 3231 488 3274 sese
502 3214 659 3292 recipiunt.

135 3301 148 3352 t
226 3295 325 3357 Llllll.
356 3298 587 3374 Vercingetorix,
611 3298 783 3376 priusquam
798 3297 977 3357 munitiones
1004 3293 1040 3354 ab
1055 3294 1115 3354 llo·

164 3381 258 3441 manis
272 3380 471 3458 perficiantur,
488 3380 643 3442 consilium
658 3381 749 3459 capit,
765 3398 883 3441 omnem
903 3379 939 3439 ab
954 3396 987 3439 se
1003 3379 1115 3460 equita·

129 3470 225 3521 arom
248 3469 339 3524 noctu
366 3463 522 3525 dimittere.
565 3462 788 3525 Discedentibus
813 3462 945 3530 mandat,
975 3469 1008 3523 ut
1033 3480 1115 3522 suam
