<?xml version="1.0" encoding="UTF-8"?>
<!DOCTYPE html PUBLIC "-//W3C//DTD XHTML 1.0 Transitional//EN"
    "http://www.w3.org/TR/xhtml1/DTD/xhtml1-transitional.dtd">
<html xmlns="http://www.w3.org/1999/xhtml" xml:lang="en" lang="en">
 <head>
  <title>
</title>
<meta http-equiv="Content-Type" content="text/html;charset=utf-8" />
  <meta name='ocr-system' content='tesseract 3.04.00' />
  <meta name='ocr-capabilities' content='ocr_page ocr_carea ocr_par ocr_line ocrx_word'/>
</head>
<body>
  <div class='ocr_page' id='page_1' title='image "./commentariicuma00caesgoog_0399.png"; bbox 0 0 2356 3870; ppageno 0'>
   <div class='ocr_carea' id='block_1_1' title="bbox 157 194 836 289">
    <p class='ocr_par' dir='ltr' id='par_1_1' title="bbox 157 194 836 289">
     <span class='ocr_line' id='line_1_1' title="bbox 157 194 836 289; baseline 0.003 -34"><span class='ocrx_word' id='word_1_1' title='bbox 157 195 204 289; x_wconf 71' lang='grc'>64</span> <span class='ocrx_word' id='word_1_2' title='bbox 446 199 593 256; x_wconf 78' lang='lat' dir='ltr'>BELLUM</span> <span class='ocrx_word' id='word_1_3' title='bbox 612 194 836 257; x_wconf 67' lang='lat' dir='ltr'>tubicinum</span> 
     </span>
    </p>
   </div>
   <div class='ocr_carea' id='block_1_2' title="bbox 69 348 1137 3536">
    <p class='ocr_par' dir='ltr' id='par_1_2' title="bbox 123 348 1129 597">
     <span class='ocr_line' id='line_1_2' title="bbox 123 348 1128 428; baseline 0.002 -20"><span class='ocrx_word' id='word_1_4' title='bbox 123 359 141 408; x_wconf 80' lang='lat'>1</span> <span class='ocrx_word' id='word_1_5' title='bbox 226 349 341 410; x_wconf 86' lang='lat' dir='ltr'>XXXX.</span> <span class='ocrx_word' id='word_1_6' title='bbox 385 349 458 408; x_wconf 83' lang='lat' dir='ltr'>Erat</span> <span class='ocrx_word' id='word_1_7' title='bbox 478 351 510 409; x_wconf 94' lang='lat' dir='ltr'>in</span> <span class='ocrx_word' id='word_1_8' title='bbox 533 368 568 410; x_wconf 92' lang='lat' dir='ltr'>eo</span> <span class='ocrx_word' id='word_1_9' title='bbox 590 368 710 428; x_wconf 89' lang='lat' dir='ltr'>eampo,</span> <span class='ocrx_word' id='word_1_10' title='bbox 740 348 792 409; x_wconf 90' lang='lat' dir='ltr'>ubi</span> <span class='ocrx_word' id='word_1_11' title='bbox 823 368 858 411; x_wconf 91' lang='lat' dir='ltr'>ea</span> <span class='ocrx_word' id='word_1_12' title='bbox 881 368 930 410; x_wconf 90' lang='lat' dir='ltr'>res</span> <span class='ocrx_word' id='word_1_13' title='bbox 952 352 1128 426; x_wconf 81' lang='lat' dir='ltr'><strong>gerebatur,</strong></span> 
     </span>
     <span class='ocr_line' id='line_1_3' title="bbox 161 431 1129 513; baseline 0.001 -20"><span class='ocrx_word' id='word_1_14' title='bbox 161 435 233 495; x_wconf 86' lang='lat' dir='ltr'>villa</span> <span class='ocrx_word' id='word_1_15' title='bbox 260 451 421 513; x_wconf 81' lang='lat' dir='ltr'>permagna</span> <span class='ocrx_word' id='word_1_16' title='bbox 454 431 590 493; x_wconf 91' lang='lat' dir='ltr'>turribus</span> <span class='ocrx_word' id='word_1_17' title='bbox 621 446 676 493; x_wconf 89' lang='lat'>1111</span> <span class='ocrx_word' id='word_1_18' title='bbox 709 441 859 501; x_wconf 77' lang='lat' dir='ltr'>extructa3</span> <span class='ocrx_word' id='word_1_19' title='bbox 892 452 968 512; x_wconf 90' lang='lat' dir='ltr'>quae</span> <span class='ocrx_word' id='word_1_20' title='bbox 1000 432 1129 494; x_wconf 83' lang='lat' dir='ltr'>Labieni</span> 
     </span>
     <span class='ocr_line' id='line_1_4' title="bbox 162 517 1128 597; baseline 0.001 -20"><span class='ocrx_word' id='word_1_21' title='bbox 162 525 353 597; x_wconf 90' lang='lat' dir='ltr'>prospectum</span> <span class='ocrx_word' id='word_1_22' title='bbox 376 517 575 595; x_wconf 91' lang='lat' dir='ltr'>impediebat,</span> <span class='ocrx_word' id='word_1_23' title='bbox 606 535 654 578; x_wconf 91' lang='lat' dir='ltr'>ne·</span> <span class='ocrx_word' id='word_1_24' title='bbox 673 526 773 595; x_wconf 89' lang='lat' dir='ltr'>posset</span> <span class='ocrx_word' id='word_1_25' title='bbox 801 520 933 578; x_wconf 91' lang='lat' dir='ltr'>animum</span> <span class='ocrx_word' id='word_1_26' title='bbox 961 517 1128 585; x_wconf 84' lang='lat' dir='ltr'>advertere,</span> 
     </span>
    </p>

    <p class='ocr_par' dir='ltr' id='par_1_3' title="bbox 123 600 1128 680">
     <span class='ocr_line' id='line_1_5' title="bbox 123 600 1128 680; baseline 0.002 -21"><span class='ocrx_word' id='word_1_27' title='bbox 123 612 142 659; x_wconf 81' lang='lat'>2</span> <span class='ocrx_word' id='word_1_28' title='bbox 163 601 200 661; x_wconf 95' lang='lat' dir='ltr'>ab</span> <span class='ocrx_word' id='word_1_29' title='bbox 225 605 357 680; x_wconf 91' lang='lat' dir='ltr'>equitatu</span> <span class='ocrx_word' id='word_1_30' title='bbox 380 600 516 662; x_wconf 84' lang='lat' dir='ltr'>Caesaris</span> <span class='ocrx_word' id='word_1_31' title='bbox 538 620 569 661; x_wconf 93' lang='lat' dir='ltr'>se</span> <span class='ocrx_word' id='word_1_32' title='bbox 597 601 769 662; x_wconf 80' lang='lat' dir='ltr'>intercludi.</span> <span class='ocrx_word' id='word_1_33' title='bbox 820 600 923 680; x_wconf 90' lang='lat' dir='ltr'>ltaque</span> <span class='ocrx_word' id='word_1_34' title='bbox 953 619 1013 661; x_wconf 93' lang='lat' dir='ltr'>non</span> <span class='ocrx_word' id='word_1_35' title='bbox 1041 603 1128 680; x_wconf 85' lang='lat' dir='ltr'>prius</span> 
     </span>
    </p>

    <p class='ocr_par' dir='ltr' id='par_1_4' title="bbox 69 685 1128 849">
     <span class='ocr_line' id='line_1_6' title="bbox 69 685 1128 764; baseline 0.001 -20"><span class='ocrx_word' id='word_1_36' title='bbox 69 710 71 714; x_wconf 49' lang='lat'><em>⁴</em></span> <span class='ocrx_word' id='word_1_37' title='bbox 162 685 239 745; x_wconf 90' lang='lat' dir='ltr'>vidit</span> <span class='ocrx_word' id='word_1_38' title='bbox 259 694 373 747; x_wconf 90' lang='lat' dir='ltr'>turmas</span> <span class='ocrx_word' id='word_1_39' title='bbox 396 685 541 756; x_wconf 84' lang='lat' dir='ltr'>Iulianas,</span> <span class='ocrx_word' id='word_1_40' title='bbox 563 704 652 764; x_wconf 91' lang='lat' dir='ltr'>quam</span> <span class='ocrx_word' id='word_1_41' title='bbox 673 703 745 746; x_wconf 87' lang='lat' dir='ltr'>suos</span> <span class='ocrx_word' id='word_1_42' title='bbox 767 685 853 745; x_wconf 89' lang='lat' dir='ltr'>caedi</span> <span class='ocrx_word' id='word_1_43' title='bbox 875 705 891 745; x_wconf 95' lang='lat' dir='ltr'>a</span> <span class='ocrx_word' id='word_1_44' title='bbox 913 693 998 762; x_wconf 83' lang='lat' dir='ltr'>tergo</span> <span class='ocrx_word' id='word_1_45' title='bbox 1020 687 1128 746; x_wconf 86' lang='lat' dir='ltr'>sensit.</span> 
     </span>
     <span class='ocr_line' id='line_1_7' title="bbox 161 768 1128 849; baseline 0.002 -21"><span class='ocrx_word' id='word_1_46' title='bbox 161 769 207 829; x_wconf 84' lang='lat' dir='ltr'>Ex</span> <span class='ocrx_word' id='word_1_47' title='bbox 230 788 288 849; x_wconf 91' lang='lat' dir='ltr'>qua</span> <span class='ocrx_word' id='word_1_48' title='bbox 310 789 343 830; x_wconf 91' lang='lat' dir='ltr'>re</span> <span class='ocrx_word' id='word_1_49' title='bbox 366 768 467 830; x_wconf 88' lang='lat' dir='ltr'>subito</span> <span class='ocrx_word' id='word_1_50' title='bbox 490 772 692 831; x_wconf 89' lang='lat' dir='ltr'>interrorem</span> <span class='ocrx_word' id='word_1_51' title='bbox 715 787 858 829; x_wconf 89' lang='lat' dir='ltr'>converso</span> <span class='ocrx_word' id='word_1_52' title='bbox 875 772 1009 849; x_wconf 90' lang='lat' dir='ltr'>equitatu</span> <span class='ocrx_word' id='word_1_53' title='bbox 1024 768 1128 830; x_wconf 85' lang='lat' dir='ltr'>Numi·</span> 
     </span>
    </p>

    <p class='ocr_par' dir='ltr' id='par_1_5' title="bbox 124 852 1137 1100">
     <span class='ocr_line' id='line_1_8' title="bbox 124 852 1137 934; baseline 0.002 -24"><span class='ocrx_word' id='word_1_54' title='bbox 124 855 280 924; x_wconf 71' lang='lat' dir='ltr'>edorum,</span> <span class='ocrx_word' id='word_1_55' title='bbox 304 861 386 915; x_wconf 87' lang='lat' dir='ltr'>recta</span> <span class='ocrx_word' id='word_1_56' title='bbox 408 856 441 914; x_wconf 93' lang='lat' dir='ltr'>in</span> <span class='ocrx_word' id='word_1_57' title='bbox 464 862 560 934; x_wconf 75' lang='lat' dir='ltr'>castrp</span> <span class='ocrx_word' id='word_1_58' title='bbox 581 854 685 931; x_wconf 81' lang='lat' dir='ltr'>lugere</span> <span class='ocrx_word' id='word_1_59' title='bbox 699 852 864 914; x_wconf 85' lang='lat' dir='ltr'>contendit.</span> <span class='ocrx_word' id='word_1_60' title='bbox 910 853 988 914; x_wconf 88' lang='lat' dir='ltr'>Galli</span> <span class='ocrx_word' id='word_1_61' title='bbox 1004 853 1137 923; x_wconf 72' lang='lat' dir='ltr'>Germa,</span> 
     </span>
     <span class='ocr_line' id='line_1_9' title="bbox 163 937 1128 1016; baseline 0 -18"><span class='ocrx_word' id='word_1_62' title='bbox 163 940 273 1016; x_wconf 87' lang='lat' dir='ltr'>nique,</span> <span class='ocrx_word' id='word_1_63' title='bbox 297 940 349 1016; x_wconf 93' lang='lat' dir='ltr'>qui</span> <span class='ocrx_word' id='word_1_64' title='bbox 370 939 559 1005; x_wconf 80' lang='lat' dir='ltr'>restiterant,</span> <span class='ocrx_word' id='word_1_65' title='bbox 592 955 629 997; x_wconf 87' lang='lat' dir='ltr'>ex</span> <span class='ocrx_word' id='word_1_66' title='bbox 655 939 813 1015; x_wconf 88' lang='lat' dir='ltr'>superiore</span> <span class='ocrx_word' id='word_1_67' title='bbox 835 937 902 997; x_wconf 92' lang='lat' dir='ltr'>loco</span> <span class='ocrx_word' id='word_1_68' title='bbox 924 945 954 997; x_wconf 91' lang='lat' dir='ltr'>et</span> <span class='ocrx_word' id='word_1_69' title='bbox 977 945 1043 1015; x_wconf 93' lang='lat' dir='ltr'>post</span> <span class='ocrx_word' id='word_1_70' title='bbox 1065 945 1128 998; x_wconf 92' lang='lat' dir='ltr'>ter·</span> 
     </span>
     <span class='ocr_line' id='line_1_10' title="bbox 163 1021 1128 1100; baseline -0.001 -18"><span class='ocrx_word' id='word_1_71' title='bbox 163 1039 234 1100; x_wconf 80' lang='lat' dir='ltr'>gum</span> <span class='ocrx_word' id='word_1_72' title='bbox 255 1024 454 1082; x_wconf 89' lang='lat' dir='ltr'>circumventi</span> <span class='ocrx_word' id='word_1_73' title='bbox 475 1023 654 1100; x_wconf 85' lang='lat' dir='ltr'>fortiterque</span> <span class='ocrx_word' id='word_1_74' title='bbox 669 1027 817 1082; x_wconf 89' lang='lat' dir='ltr'>restantes</span> <span class='ocrx_word' id='word_1_75' title='bbox 838 1021 1038 1082; x_wconf 89' lang='lat' dir='ltr'>conciduntur</span> <span class='ocrx_word' id='word_1_76' title='bbox 1060 1023 1128 1081; x_wconf 94' lang='lat' dir='ltr'>uni·</span> 
     </span>
    </p>

    <p class='ocr_par' dir='ltr' id='par_1_6' title="bbox 126 1104 1131 1351">
     <span class='ocr_line' id='line_1_11' title="bbox 126 1104 1131 1184; baseline 0.006 -24"><span class='ocrx_word' id='word_1_77' title='bbox 126 1108 252 1167; x_wconf 74' lang='lat' dir='ltr'>ovensi.</span> <span class='ocrx_word' id='word_1_78' title='bbox 298 1105 382 1176; x_wconf 83' lang='lat' dir='ltr'>Quod</span> <span class='ocrx_word' id='word_1_79' title='bbox 405 1104 458 1164; x_wconf 93' lang='lat' dir='ltr'>ubi</span> <span class='ocrx_word' id='word_1_80' title='bbox 479 1105 614 1182; x_wconf 83' lang='lat' dir='ltr'>legiones</span> <span class='ocrx_word' id='word_1_81' title='bbox 641 1104 809 1183; x_wconf 81' lang='lat' dir='ltr'>Scipionis,</span> <span class='ocrx_word' id='word_1_82' title='bbox 833 1123 909 1183; x_wconf 90' lang='lat' dir='ltr'>quae</span> <span class='ocrx_word' id='word_1_83' title='bbox 937 1123 993 1184; x_wconf 88' lang='lat' dir='ltr'>pro</span> <span class='ocrx_word' id='word_1_84' title='bbox 1021 1107 1131 1166; x_wconf 89' lang='lat' dir='ltr'>castris</span> 
     </span>
     <span class='ocr_line' id='line_1_12' title="bbox 163 1188 1128 1258; baseline -0.001 -8"><span class='ocrx_word' id='word_1_85' title='bbox 163 1197 250 1250; x_wconf 88' lang='lat' dir='ltr'>erant</span> <span class='ocrx_word' id='word_1_86' title='bbox 272 1190 448 1257; x_wconf 89' lang='lat' dir='ltr'>instructae,</span> <span class='ocrx_word' id='word_1_87' title='bbox 472 1191 605 1249; x_wconf 92' lang='lat' dir='ltr'>animum</span> <span class='ocrx_word' id='word_1_88' title='bbox 627 1188 828 1258; x_wconf 86' lang='lat' dir='ltr'>adverterunt,</span> <span class='ocrx_word' id='word_1_89' title='bbox 852 1197 934 1250; x_wconf 91' lang='lat' dir='ltr'>metu</span> <span class='ocrx_word' id='word_1_90' title='bbox 957 1208 991 1249; x_wconf 92' lang='lat' dir='ltr'>ac</span> <span class='ocrx_word' id='word_1_91' title='bbox 1006 1196 1128 1249; x_wconf 89' lang='lat' dir='ltr'>terrore</span> 
     </span>
     <span class='ocr_line' id='line_1_13' title="bbox 164 1271 1126 1351; baseline -0.001 -17"><span class='ocrx_word' id='word_1_92' title='bbox 164 1272 343 1334; x_wconf 85' lang='lat' dir='ltr'>obcaecatae</span> <span class='ocrx_word' id='word_1_93' title='bbox 366 1271 507 1334; x_wconf 91' lang='lat' dir='ltr'>omnibus</span> <span class='ocrx_word' id='word_1_94' title='bbox 528 1275 626 1351; x_wconf 90' lang='lat' dir='ltr'>portis</span> <span class='ocrx_word' id='word_1_95' title='bbox 644 1276 676 1333; x_wconf 91' lang='lat' dir='ltr'>in</span> <span class='ocrx_word' id='word_1_96' title='bbox 691 1290 744 1333; x_wconf 92' lang='lat' dir='ltr'>sua</span> <span class='ocrx_word' id='word_1_97' title='bbox 768 1280 866 1334; x_wconf 88' lang='lat' dir='ltr'>castra</span> <span class='ocrx_word' id='word_1_98' title='bbox 888 1273 993 1350; x_wconf 85' lang='lat' dir='ltr'>iuger&#39;e</span> <span class='ocrx_word' id='word_1_99' title='bbox 1017 1290 1126 1351; x_wconf 87' lang='lat' dir='ltr'>coepe-</span> 
     </span>
    </p>

    <p class='ocr_par' dir='ltr' id='par_1_7' title="bbox 125 1354 1130 2110">
     <span class='ocr_line' id='line_1_14' title="bbox 125 1354 1129 1436; baseline 0.003 -22"><span class='ocrx_word' id='word_1_100' title='bbox 125 1364 246 1418; x_wconf 77' lang='lat' dir='ltr'>5runt.</span> <span class='ocrx_word' id='word_1_101' title='bbox 295 1354 456 1436; x_wconf 89' lang='lat' dir='ltr'>Postquam</span> <span class='ocrx_word' id='word_1_102' title='bbox 478 1357 620 1435; x_wconf 88' lang='lat' dir='ltr'>Scipione</span> <span class='ocrx_word' id='word_1_103' title='bbox 649 1359 774 1436; x_wconf 87' lang='lat' dir='ltr'>eiusque</span> <span class='ocrx_word' id='word_1_104' title='bbox 796 1359 894 1435; x_wconf 90' lang='lat' dir='ltr'>copiis</span> <span class='ocrx_word' id='word_1_105' title='bbox 915 1375 1019 1435; x_wconf 89' lang='lat' dir='ltr'>campo</span> <span class='ocrx_word' id='word_1_106' title='bbox 1042 1356 1129 1417; x_wconf 90' lang='lat' dir='ltr'>colli·</span> 
     </span>
     <span class='ocr_line' id='line_1_15' title="bbox 165 1439 1130 1520; baseline -0.001 -19"><span class='ocrx_word' id='word_1_107' title='bbox 165 1439 282 1519; x_wconf 90' lang='lat' dir='ltr'>busque</span> <span class='ocrx_word' id='word_1_108' title='bbox 294 1440 462 1500; x_wconf 80' lang='lat' dir='ltr'>exturbatis</span> <span class='ocrx_word' id='word_1_109' title='bbox 472 1447 562 1519; x_wconf 92' lang='lat' dir='ltr'>atque</span> <span class='ocrx_word' id='word_1_110' title='bbox 573 1443 607 1502; x_wconf 91' lang='lat' dir='ltr'>in</span> <span class='ocrx_word' id='word_1_111' title='bbox 617 1449 716 1503; x_wconf 90' lang='lat' dir='ltr'>castra</span> <span class='ocrx_word' id='word_1_112' title='bbox 731 1442 894 1520; x_wconf 89' lang='lat' dir='ltr'>compulsis</span> <span class='ocrx_word' id='word_1_113' title='bbox 910 1460 978 1502; x_wconf 88' lang='lat' dir='ltr'>cum</span> <span class='ocrx_word' id='word_1_114' title='bbox 992 1443 1130 1518; x_wconf 91' lang='lat' dir='ltr'>receptui</span> 
     </span>
     <span class='ocr_line' id='line_1_16' title="bbox 165 1524 1130 1605; baseline -0.002 -19"><span class='ocrx_word' id='word_1_115' title='bbox 165 1524 273 1586; x_wconf 85' lang='lat' dir='ltr'>Caesar</span> <span class='ocrx_word' id='word_1_116' title='bbox 296 1527 363 1585; x_wconf 89' lang='lat' dir='ltr'>cani</span> <span class='ocrx_word' id='word_1_117' title='bbox 386 1526 524 1586; x_wconf 91' lang='lat' dir='ltr'>iussisset</span> <span class='ocrx_word' id='word_1_118' title='bbox 551 1527 778 1605; x_wconf 83' lang='lat' dir='ltr'>equitatumque</span> <span class='ocrx_word' id='word_1_119' title='bbox 810 1543 929 1586; x_wconf 92' lang='lat' dir='ltr'>omnem</span> <span class='ocrx_word' id='word_1_120' title='bbox 952 1527 1031 1585; x_wconf 91' lang='lat' dir='ltr'>intra</span> <span class='ocrx_word' id='word_1_121' title='bbox 1060 1543 1130 1585; x_wconf 91' lang='lat' dir='ltr'>suas</span> 
     </span>
     <span class='ocr_line' id='line_1_17' title="bbox 163 1609 1129 1688; baseline 0 -20"><span class='ocrx_word' id='word_1_122' title='bbox 163 1610 350 1670; x_wconf 90' lang='lat' dir='ltr'>munitiones</span> <span class='ocrx_word' id='word_1_123' title='bbox 361 1611 537 1687; x_wconf 89' lang='lat' dir='ltr'>recepisset,</span> <span class='ocrx_word' id='word_1_124' title='bbox 553 1628 659 1688; x_wconf 91' lang='lat' dir='ltr'>campo</span> <span class='ocrx_word' id='word_1_125' title='bbox 674 1616 801 1688; x_wconf 81' lang='lat' dir='ltr'>purgato</span> <span class='ocrx_word' id='word_1_126' title='bbox 818 1609 1027 1670; x_wconf 89' lang='lat' dir='ltr'>animadvertit</span> <span class='ocrx_word' id='word_1_127' title='bbox 1042 1611 1129 1668; x_wconf 90' lang='lat' dir='ltr'>miri-</span> 
     </span>
     <span class='ocr_line' id='line_1_18' title="bbox 163 1693 1130 1772; baseline -0.001 -18"><span class='ocrx_word' id='word_1_128' title='bbox 163 1695 221 1754; x_wconf 90' lang='lat' dir='ltr'>lica</span> <span class='ocrx_word' id='word_1_129' title='bbox 254 1711 381 1772; x_wconf 89' lang='lat' dir='ltr'>corpora</span> <span class='ocrx_word' id='word_1_130' title='bbox 414 1693 568 1755; x_wconf 88' lang='lat' dir='ltr'>Gallorum</span> <span class='ocrx_word' id='word_1_131' title='bbox 601 1695 895 1772; x_wconf 90' lang='lat' dir='ltr'>Germanorumque;</span> <span class='ocrx_word' id='word_1_132' title='bbox 932 1694 985 1772; x_wconf 93' lang='lat' dir='ltr'>qui</span> <span class='ocrx_word' id='word_1_133' title='bbox 1017 1695 1130 1771; x_wconf 87' lang='lat' dir='ltr'>partim</span> 
     </span>
     <span class='ocr_line' id='line_1_19' title="bbox 163 1778 1130 1857; baseline -0.001 -20"><span class='ocrx_word' id='word_1_134' title='bbox 163 1780 232 1838; x_wconf 89' lang='lat' dir='ltr'>eius</span> <span class='ocrx_word' id='word_1_135' title='bbox 253 1780 466 1839; x_wconf 89' lang='lat' dir='ltr'>auctoritatem</span> <span class='ocrx_word' id='word_1_136' title='bbox 489 1784 574 1840; x_wconf 90' lang='lat' dir='ltr'>erant</span> <span class='ocrx_word' id='word_1_137' title='bbox 596 1797 633 1840; x_wconf 88' lang='lat' dir='ltr'>ex</span> <span class='ocrx_word' id='word_1_138' title='bbox 656 1778 751 1840; x_wconf 90' lang='lat' dir='ltr'>Gallia</span> <span class='ocrx_word' id='word_1_139' title='bbox 774 1781 880 1849; x_wconf 90' lang='lat' dir='ltr'>secuti,</span> <span class='ocrx_word' id='word_1_140' title='bbox 903 1779 1014 1857; x_wconf 92' lang='lat' dir='ltr'>partim</span> <span class='ocrx_word' id='word_1_141' title='bbox 1028 1779 1130 1856; x_wconf 91' lang='lat' dir='ltr'>pretio</span> 
     </span>
     <span class='ocr_line' id='line_1_20' title="bbox 164 1860 1128 1941; baseline -0.001 -20"><span class='ocrx_word' id='word_1_142' title='bbox 164 1860 497 1941; x_wconf 86' lang='lat' dir='ltr'>pollicitationibusque</span> <span class='ocrx_word' id='word_1_143' title='bbox 530 1861 652 1923; x_wconf 87' lang='lat' dir='ltr'>adducti</span> <span class='ocrx_word' id='word_1_144' title='bbox 685 1862 722 1922; x_wconf 93' lang='lat' dir='ltr'>ad</span> <span class='ocrx_word' id='word_1_145' title='bbox 755 1881 823 1924; x_wconf 89' lang='lat' dir='ltr'>eum</span> <span class='ocrx_word' id='word_1_146' title='bbox 859 1881 892 1922; x_wconf 92' lang='lat' dir='ltr'>se</span> <span class='ocrx_word' id='word_1_147' title='bbox 928 1861 1128 1931; x_wconf 89' lang='lat' dir='ltr'>contulerant,</span> 
     </span>
     <span class='ocr_line' id='line_1_21' title="bbox 165 1946 1128 2026; baseline 0.001 -21"><span class='ocrx_word' id='word_1_148' title='bbox 165 1946 319 2015; x_wconf 90' lang='lat' dir='ltr'>nonnulli,</span> <span class='ocrx_word' id='word_1_149' title='bbox 348 1947 401 2024; x_wconf 90' lang='lat' dir='ltr'>qui</span> <span class='ocrx_word' id='word_1_150' title='bbox 423 1964 460 2006; x_wconf 79' lang='lat' dir='ltr'>ex</span> <span class='ocrx_word' id='word_1_151' title='bbox 483 1946 624 2007; x_wconf 87' lang='lat' dir='ltr'>Curionis</span> <span class='ocrx_word' id='word_1_152' title='bbox 644 1946 761 2026; x_wconf 90' lang='lat' dir='ltr'>proelio</span> <span class='ocrx_word' id='word_1_153' title='bbox 792 1948 872 2025; x_wconf 92' lang='lat' dir='ltr'>capti</span> <span class='ocrx_word' id='word_1_154' title='bbox 900 1948 1128 2025; x_wconf 90' lang='lat' dir='ltr'>conservatique</span> 
     </span>
     <span class='ocr_line' id='line_1_22' title="bbox 165 2029 1129 2110; baseline -0.002 -20"><span class='ocrx_word' id='word_1_155' title='bbox 165 2048 270 2108; x_wconf 90' lang='lat' dir='ltr'>parem</span> <span class='ocrx_word' id='word_1_156' title='bbox 296 2030 425 2107; x_wconf 77' lang='lat' dir='ltr'>gratiam</span> <span class='ocrx_word' id='word_1_157' title='bbox 452 2031 484 2089; x_wconf 89' lang='lat' dir='ltr'>in</span> <span class='ocrx_word' id='word_1_158' title='bbox 512 2029 570 2090; x_wconf 87' lang='lat' dir='ltr'>fide</span> <span class='ocrx_word' id='word_1_159' title='bbox 599 2031 742 2091; x_wconf 89' lang='lat' dir='ltr'>servanda</span> <span class='ocrx_word' id='word_1_160' title='bbox 775 2038 929 2110; x_wconf 86' lang='lat' dir='ltr'>praestare</span> <span class='ocrx_word' id='word_1_161' title='bbox 961 2029 1129 2090; x_wconf 87' lang='lat' dir='ltr'>voluerant.</span> 
     </span>
    </p>

    <p class='ocr_par' dir='ltr' id='par_1_8' title="bbox 127 2112 1130 2275">
     <span class='ocr_line' id='line_1_23' title="bbox 127 2112 1130 2193; baseline -0.001 -19"><span class='ocrx_word' id='word_1_162' title='bbox 127 2112 280 2174; x_wconf 82' lang='lat' dir='ltr'>oliorum</span> <span class='ocrx_word' id='word_1_163' title='bbox 312 2130 439 2190; x_wconf 91' lang='lat' dir='ltr'>corpora</span> <span class='ocrx_word' id='word_1_164' title='bbox 473 2116 602 2174; x_wconf 88' lang='lat' dir='ltr'>mirifica</span> <span class='ocrx_word' id='word_1_165' title='bbox 635 2117 735 2193; x_wconf 90' lang='lat' dir='ltr'>specie</span> <span class='ocrx_word' id='word_1_166' title='bbox 763 2114 1019 2193; x_wconf 87' lang='lat' dir='ltr'>amplitudineque</span> <span class='ocrx_word' id='word_1_167' title='bbox 1042 2132 1130 2174; x_wconf 87' lang='lat' dir='ltr'>caesa</span> 
     </span>
     <span class='ocr_line' id='line_1_24' title="bbox 166 2197 896 2275; baseline 0.004 -19"><span class='ocrx_word' id='word_1_168' title='bbox 166 2203 229 2257; x_wconf 92' lang='lat' dir='ltr'>toto</span> <span class='ocrx_word' id='word_1_169' title='bbox 252 2214 357 2274; x_wconf 91' lang='lat' dir='ltr'>campo</span> <span class='ocrx_word' id='word_1_170' title='bbox 380 2214 414 2256; x_wconf 91' lang='lat' dir='ltr'>ac</span> <span class='ocrx_word' id='word_1_171' title='bbox 437 2205 587 2275; x_wconf 90' lang='lat' dir='ltr'>prostrata</span> <span class='ocrx_word' id='word_1_172' title='bbox 609 2197 726 2259; x_wconf 85' lang='lat' dir='ltr'>diverse</span> <span class='ocrx_word' id='word_1_173' title='bbox 748 2199 896 2260; x_wconf 89' lang='lat' dir='ltr'>iacebant.</span> 
     </span>
    </p>

    <p class='ocr_par' dir='ltr' id='par_1_9' title="bbox 130 2278 1131 2614">
     <span class='ocr_line' id='line_1_25' title="bbox 130 2278 1130 2361; baseline 0 -20"><span class='ocrx_word' id='word_1_174' title='bbox 130 2293 146 2341; x_wconf 86' lang='lat'>1</span> <span class='ocrx_word' id='word_1_175' title='bbox 229 2278 360 2339; x_wconf 89' lang='lat' dir='ltr'>XXXXI.</span> <span class='ocrx_word' id='word_1_176' title='bbox 404 2279 458 2341; x_wconf 88' lang='lat' dir='ltr'>llis</span> <span class='ocrx_word' id='word_1_177' title='bbox 485 2281 578 2343; x_wconf 91' lang='lat' dir='ltr'>rebus</span> <span class='ocrx_word' id='word_1_178' title='bbox 608 2285 702 2360; x_wconf 82' lang='lat' dir='ltr'>gestis</span> <span class='ocrx_word' id='word_1_179' title='bbox 730 2282 838 2344; x_wconf 84' lang='lat' dir='ltr'>Caesar</span> <span class='ocrx_word' id='word_1_180' title='bbox 865 2290 986 2361; x_wconf 90' lang='lat' dir='ltr'>postero</span> <span class='ocrx_word' id='word_1_181' title='bbox 1015 2282 1064 2343; x_wconf 92' lang='lat' dir='ltr'>die</span> <span class='ocrx_word' id='word_1_182' title='bbox 1093 2300 1130 2342; x_wconf 82' lang='lat' dir='ltr'>ex</span> 
     </span>
     <span class='ocr_line' id='line_1_26' title="bbox 166 2363 1131 2444; baseline 0.001 -19"><span class='ocrx_word' id='word_1_183' title='bbox 166 2363 308 2425; x_wconf 91' lang='lat' dir='ltr'>omnibus</span> <span class='ocrx_word' id='word_1_184' title='bbox 329 2365 491 2443; x_wconf 88' lang='lat' dir='ltr'>praesidiis</span> <span class='ocrx_word' id='word_1_185' title='bbox 513 2365 654 2427; x_wconf 91' lang='lat' dir='ltr'>cohortes</span> <span class='ocrx_word' id='word_1_186' title='bbox 676 2366 800 2430; x_wconf 84' lang='lat' dir='ltr'>deduxit</span> <span class='ocrx_word' id='word_1_187' title='bbox 822 2374 910 2444; x_wconf 87' lang='lat' dir='ltr'>atque</span> <span class='ocrx_word' id='word_1_188' title='bbox 933 2385 1037 2427; x_wconf 92' lang='lat' dir='ltr'>omnes</span> <span class='ocrx_word' id='word_1_189' title='bbox 1060 2385 1131 2427; x_wconf 91' lang='lat' dir='ltr'>suas</span> 
     </span>
     <span class='ocr_line' id='line_1_27' title="bbox 167 2450 1130 2530; baseline -0.001 -19"><span class='ocrx_word' id='word_1_190' title='bbox 167 2451 269 2528; x_wconf 91' lang='lat' dir='ltr'>copias</span> <span class='ocrx_word' id='word_1_191' title='bbox 291 2450 323 2508; x_wconf 92' lang='lat' dir='ltr'>in</span> <span class='ocrx_word' id='word_1_192' title='bbox 346 2467 451 2528; x_wconf 90' lang='lat' dir='ltr'>eampo</span> <span class='ocrx_word' id='word_1_193' title='bbox 473 2452 627 2511; x_wconf 82' lang='lat' dir='ltr'>instruxit.</span> <span class='ocrx_word' id='word_1_194' title='bbox 673 2450 775 2530; x_wconf 89' lang='lat' dir='ltr'>Scipio</span> <span class='ocrx_word' id='word_1_195' title='bbox 799 2453 861 2511; x_wconf 91' lang='lat' dir='ltr'>suis</span> <span class='ocrx_word' id='word_1_196' title='bbox 882 2450 961 2511; x_wconf 92' lang='lat' dir='ltr'>male</span> <span class='ocrx_word' id='word_1_197' title='bbox 983 2452 1130 2529; x_wconf 89' lang='lat' dir='ltr'>acceptis,</span> 
     </span>
     <span class='ocr_line' id='line_1_28' title="bbox 167 2533 1130 2614; baseline 0.001 -21"><span class='ocrx_word' id='word_1_198' title='bbox 167 2535 276 2593; x_wconf 90' lang='lat' dir='ltr'>occisis</span> <span class='ocrx_word' id='word_1_199' title='bbox 298 2533 580 2614; x_wconf 89' lang='lat' dir='ltr'>convulneratisque</span> <span class='ocrx_word' id='word_1_200' title='bbox 602 2537 681 2595; x_wconf 89' lang='lat' dir='ltr'>intra</span> <span class='ocrx_word' id='word_1_201' title='bbox 704 2553 773 2596; x_wconf 92' lang='lat' dir='ltr'>suas</span> <span class='ocrx_word' id='word_1_202' title='bbox 795 2538 950 2595; x_wconf 89' lang='lat' dir='ltr'>continere</span> <span class='ocrx_word' id='word_1_203' title='bbox 973 2552 1005 2596; x_wconf 90' lang='lat' dir='ltr'>se</span> <span class='ocrx_word' id='word_1_204' title='bbox 1027 2535 1130 2596; x_wconf 91' lang='lat' dir='ltr'>muni-</span> 
     </span>
    </p>

    <p class='ocr_par' dir='ltr' id='par_1_10' title="bbox 128 2618 1132 3286">
     <span class='ocr_line' id='line_1_29' title="bbox 128 2618 1131 2695; baseline 0.004 -18"><span class='ocrx_word' id='word_1_205' title='bbox 128 2629 146 2677; x_wconf 79' lang='lat'>2</span> <span class='ocrx_word' id='word_1_206' title='bbox 166 2619 264 2676; x_wconf 91' lang='lat' dir='ltr'>tiones</span> <span class='ocrx_word' id='word_1_207' title='bbox 287 2618 397 2695; x_wconf 90' lang='lat' dir='ltr'>coepit.</span> <span class='ocrx_word' id='word_1_208' title='bbox 442 2618 550 2679; x_wconf 84' lang='lat' dir='ltr'>Caesar</span> <span class='ocrx_word' id='word_1_209' title='bbox 572 2621 719 2679; x_wconf 89' lang='lat' dir='ltr'>instructa</span> <span class='ocrx_word' id='word_1_210' title='bbox 743 2620 807 2680; x_wconf 88' lang='lat' dir='ltr'>acie</span> <span class='ocrx_word' id='word_1_211' title='bbox 830 2618 997 2679; x_wconf 89' lang='lat' dir='ltr'>secundum</span> <span class='ocrx_word' id='word_1_212' title='bbox 1011 2619 1131 2681; x_wconf 78' lang='lat' dir='ltr'>infimas</span> 
     </span>
     <span class='ocr_line' id='line_1_30' title="bbox 168 2698 1130 2779; baseline 0.002 -20"><span class='ocrx_word' id='word_1_213' title='bbox 168 2701 231 2777; x_wconf 82' lang='lat' dir='ltr'>iugi</span> <span class='ocrx_word' id='word_1_214' title='bbox 253 2698 372 2760; x_wconf 88' lang='lat' dir='ltr'>radices</span> <span class='ocrx_word' id='word_1_215' title='bbox 394 2703 519 2779; x_wconf 88' lang='lat' dir='ltr'>propius</span> <span class='ocrx_word' id='word_1_216' title='bbox 541 2703 725 2763; x_wconf 89' lang='lat' dir='ltr'>munitiones</span> <span class='ocrx_word' id='word_1_217' title='bbox 748 2705 874 2764; x_wconf 89' lang='lat' dir='ltr'>accessit</span> <span class='ocrx_word' id='word_1_218' title='bbox 888 2703 1007 2763; x_wconf 85' lang='lat' dir='ltr'>leniter.</span> <span class='ocrx_word' id='word_1_219' title='bbox 1051 2702 1130 2763; x_wconf 92' lang='lat' dir='ltr'>lam·</span> 
     </span>
     <span class='ocr_line' id='line_1_31' title="bbox 167 2784 1130 2865; baseline 0.002 -22"><span class='ocrx_word' id='word_1_220' title='bbox 167 2802 225 2863; x_wconf 91' lang='lat' dir='ltr'>que</span> <span class='ocrx_word' id='word_1_221' title='bbox 247 2785 348 2845; x_wconf 90' lang='lat' dir='ltr'>minus</span> <span class='ocrx_word' id='word_1_222' title='bbox 360 2784 452 2851; x_wconf 26' lang='lat' dir='ltr'>,mille</span> <span class='ocrx_word' id='word_1_223' title='bbox 467 2803 609 2864; x_wconf 89' lang='lat' dir='ltr'>passuum</span> <span class='ocrx_word' id='word_1_224' title='bbox 625 2784 661 2846; x_wconf 95' lang='lat' dir='ltr'>ab</span> <span class='ocrx_word' id='word_1_225' title='bbox 676 2787 785 2865; x_wconf 92' lang='lat' dir='ltr'>oppido</span> <span class='ocrx_word' id='word_1_226' title='bbox 800 2787 908 2856; x_wconf 87' lang='lat' dir='ltr'>Uzitta,</span> <span class='ocrx_word' id='word_1_227' title='bbox 932 2785 1011 2864; x_wconf 93' lang='lat' dir='ltr'>quod</span> <span class='ocrx_word' id='word_1_228' title='bbox 1027 2785 1130 2864; x_wconf 87' lang='lat' dir='ltr'>Scipio</span> 
     </span>
     <span class='ocr_line' id='line_1_32' title="bbox 167 2866 1130 2949; baseline 0.002 -21"><span class='ocrx_word' id='word_1_229' title='bbox 167 2866 300 2937; x_wconf 88' lang='lat' dir='ltr'>tenebat,</span> <span class='ocrx_word' id='word_1_230' title='bbox 323 2866 448 2929; x_wconf 89' lang='lat' dir='ltr'>aberant</span> <span class='ocrx_word' id='word_1_231' title='bbox 472 2869 607 2947; x_wconf 80' lang='lat' dir='ltr'>legiones</span> <span class='ocrx_word' id='word_1_232' title='bbox 629 2868 772 2940; x_wconf 90' lang='lat' dir='ltr'>Iulianae,</span> <span class='ocrx_word' id='word_1_233' title='bbox 795 2888 864 2931; x_wconf 92' lang='lat' dir='ltr'>cum</span> <span class='ocrx_word' id='word_1_234' title='bbox 879 2871 981 2949; x_wconf 92' lang='lat' dir='ltr'>Scipio</span> <span class='ocrx_word' id='word_1_235' title='bbox 1004 2871 1130 2938; x_wconf 84' lang='lat' dir='ltr'>veritus,</span> 
     </span>
     <span class='ocr_line' id='line_1_33' title="bbox 168 2951 1132 3033; baseline 0.003 -22"><span class='ocrx_word' id='word_1_236' title='bbox 168 2970 206 3012; x_wconf 91' lang='lat' dir='ltr'>ne</span> <span class='ocrx_word' id='word_1_237' title='bbox 230 2951 375 3030; x_wconf 88' lang='lat' dir='ltr'>oppidum</span> <span class='ocrx_word' id='word_1_238' title='bbox 397 2955 565 3023; x_wconf 88' lang='lat' dir='ltr'>amitteret,</span> <span class='ocrx_word' id='word_1_239' title='bbox 595 2952 676 3014; x_wconf 89' lang='lat' dir='ltr'>unde</span> <span class='ocrx_word' id='word_1_240' title='bbox 698 2957 803 3033; x_wconf 89' lang='lat' dir='ltr'>aquari</span> <span class='ocrx_word' id='word_1_241' title='bbox 825 2954 1009 3033; x_wconf 90' lang='lat' dir='ltr'>reliquisque</span> <span class='ocrx_word' id='word_1_242' title='bbox 1037 2952 1132 3014; x_wconf 91' lang='lat' dir='ltr'>rebus</span> 
     </span>
     <span class='ocr_line' id='line_1_34' title="bbox 166 3034 1131 3106; baseline 0.002 -10"><span class='ocrx_word' id='word_1_243' title='bbox 166 3034 321 3096; x_wconf 89' lang='lat' dir='ltr'>sublevari</span> <span class='ocrx_word' id='word_1_244' title='bbox 348 3039 414 3097; x_wconf 91' lang='lat' dir='ltr'>eius</span> <span class='ocrx_word' id='word_1_245' title='bbox 442 3040 594 3098; x_wconf 79' lang='lat' dir='ltr'>exercitus</span> <span class='ocrx_word' id='word_1_246' title='bbox 622 3047 800 3106; x_wconf 89' lang='lat' dir='ltr'>consuerat,</span> <span class='ocrx_word' id='word_1_247' title='bbox 836 3038 952 3099; x_wconf 90' lang='lat' dir='ltr'>eductis</span> <span class='ocrx_word' id='word_1_248' title='bbox 987 3037 1131 3098; x_wconf 89' lang='lat' dir='ltr'>omnibus</span> 
     </span>
     <span class='ocr_line' id='line_1_35' title="bbox 168 3119 1132 3200; baseline 0.001 -20"><span class='ocrx_word' id='word_1_249' title='bbox 168 3121 265 3198; x_wconf 89' lang='lat' dir='ltr'>copiis</span> <span class='ocrx_word' id='word_1_250' title='bbox 280 3119 470 3198; x_wconf 90' lang='lat' dir='ltr'>quadruplici</span> <span class='ocrx_word' id='word_1_251' title='bbox 482 3123 548 3182; x_wconf 90' lang='lat' dir='ltr'>acie</span> <span class='ocrx_word' id='word_1_252' title='bbox 564 3124 711 3182; x_wconf 89' lang='lat' dir='ltr'>instructa</span> <span class='ocrx_word' id='word_1_253' title='bbox 727 3140 762 3182; x_wconf 83' lang='lat' dir='ltr'>ex</span> <span class='ocrx_word' id='word_1_254' title='bbox 784 3125 922 3183; x_wconf 89' lang='lat' dir='ltr'>instituto</span> <span class='ocrx_word' id='word_1_255' title='bbox 945 3139 1009 3190; x_wconf 90' lang='lat' dir='ltr'>sno,</span> <span class='ocrx_word' id='word_1_256' title='bbox 1032 3124 1132 3200; x_wconf 90' lang='lat' dir='ltr'>prima</span> 
     </span>
     <span class='ocr_line' id='line_1_36' title="bbox 169 3204 1132 3286; baseline 0.001 -23"><span class='ocrx_word' id='word_1_257' title='bbox 169 3205 304 3281; x_wconf 88' lang='lat' dir='ltr'>equestri</span> <span class='ocrx_word' id='word_1_258' title='bbox 325 3206 479 3264; x_wconf 87' lang='lat' dir='ltr'>turmatim</span> <span class='ocrx_word' id='word_1_259' title='bbox 501 3204 616 3266; x_wconf 84' lang='lat' dir='ltr'>directa</span> <span class='ocrx_word' id='word_1_260' title='bbox 638 3205 866 3286; x_wconf 88' lang='lat' dir='ltr'>elephantisque</span> <span class='ocrx_word' id='word_1_261' title='bbox 888 3207 1009 3266; x_wconf 87' lang='lat' dir='ltr'>turritis</span> <span class='ocrx_word' id='word_1_262' title='bbox 1037 3209 1132 3268; x_wconf 88' lang='lat' dir='ltr'>inter-</span> 
     </span>
    </p>

    <p class='ocr_par' dir='ltr' id='par_1_11' title="bbox 129 3288 1133 3536">
     <span class='ocr_line' id='line_1_37' title="bbox 129 3288 1132 3369; baseline 0 -18"><span class='ocrx_word' id='word_1_263' title='bbox 129 3288 277 3367; x_wconf 77' lang='lat' dir='ltr'>upositis</span> <span class='ocrx_word' id='word_1_264' title='bbox 310 3289 505 3368; x_wconf 88' lang='lat' dir='ltr'>armatisque,</span> <span class='ocrx_word' id='word_1_265' title='bbox 540 3293 694 3369; x_wconf 90' lang='lat' dir='ltr'>suppetias</span> <span class='ocrx_word' id='word_1_266' title='bbox 726 3292 772 3350; x_wconf 91' lang='lat' dir='ltr'>ire</span> <span class='ocrx_word' id='word_1_267' title='bbox 805 3289 961 3351; x_wconf 90' lang='lat' dir='ltr'>contendit</span> <span class='ocrx_word' id='word_1_268' title='bbox 986 3290 1132 3369; x_wconf 89' lang='lat' dir='ltr'>—quod</span> 
     </span>
     <span class='ocr_line' id='line_1_38' title="bbox 168 3369 1131 3454; baseline 0.004 -24"><span class='ocrx_word' id='word_1_269' title='bbox 168 3369 222 3430; x_wconf 91' lang='lat' dir='ltr'>ubi</span> <span class='ocrx_word' id='word_1_270' title='bbox 245 3370 353 3432; x_wconf 83' lang='lat' dir='ltr'>Caesar</span> <span class='ocrx_word' id='word_1_271' title='bbox 375 3371 599 3442; x_wconf 87' lang='lat' dir='ltr'>animadvertit,</span> <span class='ocrx_word' id='word_1_272' title='bbox 623 3373 800 3443; x_wconf 90' lang='lat' dir='ltr'>arbitratus,</span> <span class='ocrx_word' id='word_1_273' title='bbox 830 3374 1004 3454; x_wconf 91' lang='lat' dir='ltr'>Scipionem</span> <span class='ocrx_word' id='word_1_274' title='bbox 1027 3373 1063 3434; x_wconf 87' lang='lat' dir='ltr'>ad</span> <span class='ocrx_word' id='word_1_275' title='bbox 1086 3373 1131 3434; x_wconf 93' lang='lat' dir='ltr'>di·</span> 
     </span>
     <span class='ocr_line' id='line_1_39' title="bbox 165 3454 1133 3536; baseline 0.005 -21"><span class='ocrx_word' id='word_1_276' title='bbox 165 3454 340 3516; x_wconf 90' lang='lat' dir='ltr'>micandum</span> <span class='ocrx_word' id='word_1_277' title='bbox 361 3463 499 3536; x_wconf 88' lang='lat' dir='ltr'>paratum</span> <span class='ocrx_word' id='word_1_278' title='bbox 521 3456 558 3517; x_wconf 92' lang='lat' dir='ltr'>ad</span> <span class='ocrx_word' id='word_1_279' title='bbox 586 3476 618 3519; x_wconf 87' lang='lat' dir='ltr'>se</span> <span class='ocrx_word' id='word_1_280' title='bbox 648 3466 731 3520; x_wconf 89' lang='lat' dir='ltr'>certo</span> <span class='ocrx_word' id='word_1_281' title='bbox 759 3461 858 3519; x_wconf 90' lang='lat' dir='ltr'>animo</span> <span class='ocrx_word' id='word_1_282' title='bbox 887 3459 1005 3528; x_wconf 88' lang='lat' dir='ltr'>venire,</span> <span class='ocrx_word' id='word_1_283' title='bbox 1034 3460 1068 3519; x_wconf 90' lang='lat' dir='ltr'>in</span> <span class='ocrx_word' id='word_1_284' title='bbox 1096 3476 1133 3520; x_wconf 93' lang='lat' dir='ltr'>eo</span> 
     </span>
    </p>
   </div>
   <div class='ocr_carea' id='block_1_3' title="bbox 0 0 1186 3870">
    <p class='ocr_par' dir='ltr' id='par_1_12' title="bbox 0 0 1186 3870">
     <span class='ocr_line' id='line_1_40' title="bbox 0 0 1186 3870; baseline 0 0"><span class='ocrx_word' id='word_1_285' title='bbox 0 0 1186 3870; x_wconf 95' lang='lat' dir='ltr'> </span> 
     </span>
    </p>
   </div>
  </div>
 </body>
</html>
