2356 3870
142 211 187 275 56
392 231 396 243 ·
432 210 817 286 nntiumnmtlcnrtou.
889 290 893 301 Ι

146 363 359 428 condicionem
387 365 498 432 ferret,
526 369 559 422 ut
587 360 697 438 oppido
724 361 905 422 excederent
931 360 1023 440 idque
1051 360 1113 422 sibi

145 466 275 510 vacuum
296 447 461 514 traderent,
485 445 754 524 condicionemque
765 445 984 525 repudiassent,
1007 455 1113 524 postea
1157 512 1164 531 ,

146 532 186 593 ab
210 551 246 593 eo
268 533 347 610 capti
370 531 582 608 interfectique
603 535 674 589 sunt
688 547 801 589 omnes.
838 528 910 589 Inde
933 545 1114 607 progressus

109 630 237 694 tagros
266 614 432 694 oppidaque
460 631 567 673 vexare
600 631 660 674 non
693 613 818 673 destitit.
872 612 989 684 Quibus
1019 612 1114 675 rebus

148 700 281 777 cognitis
301 696 390 769 Iuba,
421 716 489 759 cum
516 699 576 758 iam
604 714 664 757 non
686 697 775 773 longe
798 696 835 756 ab
858 696 1000 775 Scipione
1022 708 1113 777 atque

148 787 216 845 eius
238 781 367 843 ducibus
389 781 522 850 abesset,
547 783 627 860 capit
648 781 824 849 consilium,
848 783 941 841 satius
963 799 1029 842 esse
1052 781 1114 842 sibi

147 885 263 945 suoque
284 884 379 944 regno
402 864 616 934 subsidione,
640 882 738 943 quam,
762 864 832 924 dum
855 864 931 924 alios
953 863 1115 926 adiuturus

146 952 408 1030 proficisceretur,
431 952 496 1029 ipse
523 966 578 1008 suo
599 965 693 1026 regno
716 948 858 1027 expulsus
880 948 1007 1009 forsitan
1028 959 1114 1009 utra-

104 1054 206 1115 sque
229 1053 264 1095 re
285 1034 498 1111 expelleretur.
542 1031 645 1111 ltaque
667 1049 772 1092 rursus
795 1051 827 1092 se
849 1034 997 1110 recipere,
1021 1040 1115 1112 atque

147 1119 262 1180 auxilia
283 1120 374 1178 ctiam
403 1117 440 1178 ab
464 1117 607 1194 Scipione
635 1114 760 1176 abduxit
790 1115 850 1176 sibi
873 1119 996 1195 suisque
1018 1117 1115 1179 rebus

147 1205 262 1264 timens
283 1201 510 1279 elephantisque
531 1212 606 1259 xxx
627 1200 743 1261 relictis
766 1202 829 1259 suis
850 1198 962 1260 finibus
978 1202 1114 1279 oppidis·

148 1304 208 1366 que
231 1287 386 1364 suppetias
406 1286 561 1364 profectus
584 1291 639 1344 est.

111 1390 129 1439 1
213 1368 313 1429 xxvi.
358 1367 465 1429 Caesar
485 1368 624 1437 interim,
646 1384 715 1428 cum
738 1367 775 1428 de
797 1386 852 1429 suo
874 1367 1002 1429 adventu
1024 1368 1113 1430 dubi·

148 1454 225 1514 tatio
241 1455 273 1513 in
288 1454 445 1531 provincia
462 1458 541 1511 esset
555 1468 652 1528 neque
668 1453 827 1530 quisquam
849 1453 987 1513 crederet
1001 1456 1115 1532 ipsum,

149 1535 203 1598 sed
231 1535 361 1614 aliquem
392 1537 523 1613 legatum
550 1536 583 1595 in
604 1535 737 1595 Africam
765 1554 834 1596 cum
863 1538 960 1615 copiis
982 1540 1114 1609 venisse,

149 1622 332 1699 conscriptis
359 1619 469 1680 litteris
499 1621 615 1679 circum
641 1621 828 1697 provinciam
850 1638 954 1681 omnes
976 1622 1116 1683 civitates

111 1724 131 1774 2
149 1706 223 1766 facit
245 1703 282 1764 de
304 1721 359 1764 suo
380 1703 510 1764 adventu
524 1705 681 1763 certiores.
725 1702 850 1764 Interim
872 1703 992 1765 nobiles
1013 1704 1113 1766 homi·

150 1805 205 1848 nes
234 1805 270 1848 ex
297 1790 360 1849 suis
388 1787 507 1868 oppidis
534 1788 698 1866 profugere
727 1794 758 1847 et
785 1789 819 1847 in
852 1795 949 1849 castra
977 1788 1115 1851 Caesaris

150 1872 293 1933 devenire
321 1879 351 1932 et
379 1870 416 1931 de
443 1869 684 1931 adversariorum
706 1871 771 1931 eius
793 1870 971 1934 erudelitate
994 1866 1113 1934 ace‘rbi·

111 1963 272 2034 steteque
302 1972 543 2016 commemorare
574 1961 748 2033 coeperunt.
808 1955 942 2026 Quorum
977 1956 1114 2019 lacrimis

151 2039 345 2119 querelisque
367 2038 477 2099 Caesar
500 2047 680 2107 commotus,
704 2056 774 2098 cum
797 2049 883 2100 antea
906 2042 1114 2103 constituisset

151 2141 169 2183 e
192 2125 308 2184 stativis
330 2124 437 2183 castris
459 2129 569 2182 aestate
592 2124 667 2182 inita
687 2124 805 2184 cunctis
820 2125 916 2202 copiis
932 2125 1114 2205 auxiliisque

151 2208 259 2267 accitis
282 2249 390 2276 .......
419 2205 532 2266 bellum
560 2224 628 2266 cum
649 2208 713 2267 suis
736 2205 913 2267 adversariis
934 2225 1042 2285 gerere
1067 2212 1114 2270 in·

151 2292 253 2351 stituit
274 2290 444 2369 litterisque
467 2289 610 2351 celeriter
631 2291 663 2348 in
679 2290 814 2350 Siciliam
839 2287 968 2372 [missis]
992 2291 1031 2353 ad
1051 2293 1114 2354 Ali·

151 2393 244 2436 enum
265 2382 297 2435 et
316 2372 474 2436 Rabirium
496 2373 671 2434 Postumum
693 2377 875 2453 conscriptis
898 2371 958 2454 [et]
986 2394 1042 2454 per
1065 2397 1114 2439 ca»
1143 2403 1146 2409 ·

149 2468 307 2537 tascopum
338 2460 447 2528 mittit,
482 2464 515 2519 ut
542 2460 607 2518 sine
635 2476 719 2519 mora
748 2476 782 2518 ac
810 2458 892 2520 nulla
923 2463 1118 2523 excusatione

151 2543 262 2604 hiemis
294 2550 511 2620 ventorumque
545 2560 634 2620 quam
668 2542 828 2603 celerrime
866 2545 1016 2604 exereitus
1055 2545 1115 2607 sibi

102 2654 104 2659 ·
151 2632 425 2704 transportaretur:
448 2628 579 2686 Africam
602 2628 787 2704 provinciam
802 2629 903 2705 perire
918 2627 1117 2708 funditusque

152 2711 249 2771 everti
271 2708 308 2770 ab
331 2711 396 2770 suis
417 2710 566 2776 inimicis;
589 2709 669 2786 quod
692 2711 750 2770 nisi
772 2711 915 2772 celeriter
930 2713 1022 2772 sociis
1037 2715 1116 2775 foret

152 2793 350 2862 subventum,
378 2800 500 2872 praeter
528 2795 623 2871 ipsam
644 2795 775 2855 Africam
804 2803 918 2856 terram
950 2796 1043 2866 nihil,
1078 2816 1118 2858 ne

152 2885 267 2948 tectum
289 2878 425 2956 quidem,
449 2896 507 2956 quo
530 2895 562 2937 se
585 2879 770 2956 reciperent,
795 2878 831 2939 ab
855 2880 977 2940 illorum
1000 2882 1116 2942 scelere

115 2961 334 3040 einsidiisque
362 2962 513 3040 reliquum
545 2963 689 3021 futurum.
744 2965 839 3040 Atque
874 2967 938 3041 ipse
970 2966 1002 3023 in
1035 2976 1118 3025 tanta

153 3053 219 3106 erat
241 3047 435 3105 festinatione
458 3052 488 3105 et
510 3047 726 3124 expectatione,
749 3055 782 3106 ut
801 3055 923 3125 postero
945 3047 1003 3117 die,
1028 3068 1119 3127 quam

151 3131 286 3190 misisset
321 3128 438 3189 litteras
474 3131 687 3208 nuntiumque,
728 3130 854 3192 classem
890 3135 1117 3212 exercitumque

152 3214 267 3273 morari
290 3212 420 3281 diceret,
450 3211 515 3272 dies
542 3219 704 3292 noctesque
733 3215 838 3275 oeulos
866 3224 1057 3294 mentemque
1081 3218 1118 3278 ad

115 3308 236 3359 amare
259 3295 421 3374 dispositos
436 3296 626 3376 directosque
641 3297 776 3359 haberet.
809 3297 870 3359 Nec
891 3302 1017 3360 mirum:
1052 3305 1119 3362 ani·

152 3378 361 3442 madvertebat
381 3382 478 3450 enim,
508 3379 595 3441 villas
623 3385 725 3451 exuri,
755 3399 841 3458 agros
871 3386 995 3452 vastari,
1025 3404 1121 3462 pecus

149 3463 258 3547 diripi,
294 3463 459 3538 trucidari,
493 3464 602 3548 oppida
628 3466 809 3545 castellaque
837 3466 918 3528 dirui
946 3468 1119 3550 deseritque,
