2356 3870
440 196 663 259 aelswma,
967 198 1029 264 166

401 375 444 446 μ
463 377 499 434 ο.
516 375 545 432 ο.
563 376 694 448 nucu]
788 344 795 355 ”

126 482 260 586 Appiam
282 484 321 543 Β.
339 482 434 554 0.,11
451 488 500 545 79.
537 483 695 563 Πομπήιος
716 482 815 546 δέ-
837 481 952 551 ἕέλειιε
967 508 1027 561 τοις

63 568 161 640 πεζοῖς
182 565 241 646 μήτ
244 561 419 627 ’ἐπεκθεῖν
433 564 534 626 ἐπ’
492 590 551 646 μητ
554 564 733 648 ’ἐκτρέχειν
754 566 788 630 ἐκ
809 578 861 649 τῆς
865 569 1027 674 φάλαγγος

62 648 136 729 μήδ
160 647 334 728 ἆκοντίζειν,
360 645 426 711 ἀλλ’
451 648 484 711 ἐν
504 654 649 755 προβρλῇ
657 651 835 726 διαστάντας
854 651 1028 759 ἆμόνεσθριι

63 733 114 796 δεδι
142 733 237 815 χειρός
265 741 326 807 τοῖς
354 733 458 814 δόρασι
486 732 556 808 τοδς
581 732 731 844 ἐπιόρκοις.
774 737 835 799 Καί
861 735 927 801 τόδε
949 761 1026 812 τινες

62 816 158 879 αὐτοῦ
179 817 212 880 τὸ
234 817 422 922 στρατήγημα
444 815 663 881 ἐπαινοῦσιν“
641 844 683 894 ως
703 819 829 901 όῖριστον
849 819 883 882 ἐν
904 844 1026 903 περικν·

62 902 184 964 κλοόσει·
211 897 228 963 δ
255 900 289 963 δὲ
311 907 411 964 Καῖσα
455 900 490 963 ἐν
510 910 575 978 ταῖς
602 903 769 978 ἐπιστολαῖς
796 904 1025 985 καταμέμφεται.
1117 924 1119 935 “

66 986 127 1059 Τάς
148 1009 178 1048 τε
199 985 256 1066 γὰρ
277 978 415 1087 πληγαῖς
404 985 465 1048 υπὸ
480 996 532 1067 τῆς
551 991 644 1069 βολῆς
658 986 855 1093 εότονεοτέρμς
868 990 1026 1136 γίγνεσθαι

62 1071 114 1131 καῖ
135 1069 203 1144 τοὺς
208 1067 378 1176 ἄνδρας*
360 1064 421 1132 υπὸ
447 1081 501 1134 τοῦ
522 1070 633 1152 δρόμον
653 1072 968 1178 amavissem-to
969 1084 1025 1136 τῶ-

62 1178 115 1227 τας
143 1150 176 1215 δ’
198 1150 305 1232 ἆποψό
323 1155 415 1217 εσθαί
440 1178 470 1218 τε
496 1155 548 1218 καί
574 1163 636 1231 τοῖς
660 1156 750 1219 ἐπιθέ
749 1175 836 1219 ουσιν
861 1155 1025 1239 εὐβλήτους

62 1235 105 1300 δι’
128 1235 307 1318 ότρεμίανο
352 1238 482 1345 σκοπρός
504 1233 595 1302 εἶναι
619 1238 748 1303 δκαί’
715 1264 779 1304 τοτε
799 1240 952 1340 γενέσθαι.
984 1243 1025 1304 Τὸ

62 1322 119 1404 γὰρ
146 1321 271 1385 δέκατον
297 1322 377 1398 τέλος
404 1322 464 1385 σόν
491 1321 573 1429 αότρλ
599 1326 816 1405 περιδραμεῖν·
819 1349 854 1387 τα
881 1325 950 1389 λαιὰ
972 1335 1025 1389 τοῦ

63 1409 225 1514 Πομπηΐου
247 1406 375 1512 ἔρημα
360 1406 477 1470 ιππέοον
497 1409 641 1489 γενόμενα
655 1410 706 1472 καί
726 1407 958 1490 πανταχόθεν’
939 1434 1024 1516 ατρε-

61 1500 193 1597 μοῦντας
216 1490 299 1565 ἐς
269 1514 302 1552 τα
325 1491 437 1573 πλευρόι
455 1490 667 1572 ἐσακοντίζειν,
689 1491 772 1574 μέχρι
785 1492 1023 1640 θορυβουμένοιρς

63 1575 242 1654 ἐμπεσόντας
264 1577 316 1658 βίᾳ
338 1575 507 1657 τρέψασθαι
528 1576 578 1638 καῖ
599 1587 653 1658 τῆς
668 1578 753 1657 νίκης
769 1578 920 1686 κατάρξαι.
962 1580 1015 1656 (Of
1014 1625 1022 1642 .

64 1662 144 1722 Caes.
160 1663 199 1722 Β.
216 1661 330 1731 0.,ΙΙΙ
347 1664 396 1722 92.
411 1663 520 1738 οη.-)
484 1665 617 1725 -.Ρλνλ
629 1665 731 1739 Ροκηο.
745 1667 796 1725 68.
807 1666 879 1725 med.
912 1659 1022 1724 ἫΕωθι

63 1754 118 1823 νης
139 1742 170 1804 δὲ
190 1739 365 1823 φυλακῆς*
347 1765 424 1844 οπερ
444 1753 498 1806 τοῦ
518 1745 669 1826 Καίσαρος
693 1744 891 1826 στρατοπέδου
911 1745 1025 1826 πολλὴν

61 1825 193 1933 ἡσυχίαν
213 1828 337 1909 όγοντος
360 1825 505 1907 ἐξέλαμψε
525 1827 603 1910 μέγα
621 1839 697 1907 φῶς,
720 1828 753 1891 ἐκ
774 1826 808 1891 δέ
822 1829 928 1891 τοότον
949 1835 1021 1910 λαμ-

62 1911 121 1984 πδς
147 1907 276 1991 όρθεῖσα
302 1911 475 1992 φλογοειδὴς
502 1911 550 1974 ἐπί
577 1912 739 2012 Πομπηίον
764 1911 950 1993 κατέσκηψε
971 1913 1022 1975 καὶ

62 2006 148 2058 τοῦτο
180 1994 257 2058 ῖδεῖν
291 2013 365 2076 φησι
394 1998 493 2058 Καῖσα
541 1990 630 2070 αὐτὸς
663 1995 758 2059 ἐπιών
788 1994 841 2071 τὰς
873 1998 1021 2077 φυλακαῖς.

62 2114 102 2126 -
126 2081 206 2143 Gaea.
222 2084 273 2143 la.
287 2086 361 2144 med.
406 2083 474 2154 Τοῖς
494 2020 530 2142 66
556 2083 653 2160 φίλοις
680 2082 722 2155 είς
741 2075 858 2189 Ῥνῖμην
884 2078 1022 2164 ἔγραφεν,

60 2164 108 2226 ότι
129 2174 182 2244 τῆς
205 2165 290 2242 νίκης
311 2162 459 2227 ἆπολαόοι
486 2174 573 2227 τοῦτο
597 2164 735 2247 μέγιστον
755 2165 807 2228 καὶ
834 2163 967 2246 ηδιστον,
989 2165 1022 2228 τδ

61 2249 167 2322 σώζειν
188 2248 271 2322 τινός
292 2245 339 2311 δεῖ
361 2257 420 2310 τοῖν
440 2249 688 2329 πεπολεμηκότων
713 2257 843 2312 πολιτοῖν
867 2247 958 2334 αὐτῷ.
980 2285 1023 2296 -

61 2338 120 2399 Cic.
143 2339 201 2412 Ep.
229 2341 269 2399 ad
290 2337 350 2399 Αλλ.
374 2340 437 2408 ΧΙ,
462 2342 495 2412 6,
520 2343 549 2401 7.
599 2370 639 2382 -
669 2359 778 2442 quaere
806 2360 842 2400 ex
867 2314 1022 2413 Di06hare,

60 2426 196 2486 Caesaris
217 2427 337 2500 liberto,
361 2446 449 2502 quem
471 2445 527 2503 ego
549 2446 609 2488 nou
630 2428 700 2502 vidi,
724 2429 776 2506 qui
797 2428 871 2488 istas
894 2428 1022 2489 Meran-

59 2517 132 2575 drea
154 2516 271 2574 litteras
293 2515 404 2574 attulit.

390 2678 433 2746 [Α.
451 2675 486 2735 ο.
504 2676 532 2732 c.
551 2674 695 2747 necui]

126 2788 163 2846 κθ.
188 2788 242 2862 16,
267 2788 295 2846 1.
339 2786 408 2846 Nou
434 2805 500 2847 meo
531 2787 605 2846 vitio
632 2787 680 2860 fit,
711 2785 767 2847 hou
797 2786 918 2862 quidem
948 2789 1022 2846 tem·

58 2893 130 2950 pora
158 2905 214 2948 -,
245 2877 280 2933 ul
310 2894 358 2934 me
389 2875 448 2933 ista
478 2874 607 2950 epistula
636 2875 712 2933 nihil
741 2875 921 2934 consoletur:
951 2891 1022 2933 uam

59 2967 90 3024 et
113 2963 218 3038 exigue
241 2963 351 3038 scripta
373 2966 419 3022 est
442 2966 473 3023 et
494 2963 671 3040 suspitiones
690 2980 814 3040 magnas
836 2963 939 3035 habet,
961 2980 1021 3022 non

58 3070 124 3110 esse
146 3054 184 3111 ab
206 3051 267 3111 ino.
291 3076 332 3092 *-
359 3053 409 3125 17,
432 3051 461 3111 8.
505 3050 595 3111 Illum
619 3048 684 3126 [ab]
707 3051 894 3112 Alexandrea
915 3050 1021 3110 disces·

58 3141 132 3199 sisse
159 3158 246 3200 nemo
272 3139 404 3212 nuntiat,
436 3141 623 3216 constatque,
650 3158 688 3199 ne
709 3140 875 3215 profestum
901 3139 1020 3216 quidam

57 3229 133 3286 illim
156 3247 335 3305 quemquam
356 3230 426 3303 post
447 3227 518 3287 Idus
541 3228 679 3301 Manias,
701 3247 756 3288 nee
777 3229 845 3303 post
870 3227 942 3286 Idus
963 3227 1020 3288 De-

57 3318 165 3375 eambr.
192 3319 230 3377 ab
257 3317 310 3375 illo
336 3317 421 3375 datas
448 3317 526 3375 ullas
553 3317 682 3390 litteras3
713 3334 750 3375 ex
776 3332 834 3392 quo
860 3316 1019 3392 intellegis,

57 3403 132 3462 illud
154 3404 191 3463 de
212 3404 321 3467 litteris
344 3400 413 3464 ad.
436 3423 465 3465 v.
478 3404 549 3463 Idus
563 3404 649 3464 Febr.
672 3404 750 3464 datis
773 3434 815 3446 -
839 3405 918 3480 quod
931 3405 1019 3464 inane

56 3493 149 3566 esset,
172 3491 287 3552 etiamsi
310 3512 414 3553 rerum
437 3495 516 3552 esset
539 3522 580 3536 -··
604 3509 666 3552 nou
686 3511 797 3553 aarum
816 3509 898 3551 essa
