<?xml version="1.0" encoding="UTF-8"?>
<!DOCTYPE html PUBLIC "-//W3C//DTD XHTML 1.0 Transitional//EN"
    "http://www.w3.org/TR/xhtml1/DTD/xhtml1-transitional.dtd">
<html xmlns="http://www.w3.org/1999/xhtml" xml:lang="en" lang="en">
 <head>
  <title>
</title>
<meta http-equiv="Content-Type" content="text/html;charset=utf-8" />
  <meta name='ocr-system' content='tesseract 3.04.00' />
  <meta name='ocr-capabilities' content='ocr_page ocr_carea ocr_par ocr_line ocrx_word'/>
</head>
<body>
  <div class='ocr_page' id='page_1' title='image "./commentariicuma00caesgoog_0470.png"; bbox 0 0 2356 3870; ppageno 0'>
   <div class='ocr_carea' id='block_1_1' title="bbox 462 201 1072 281">
    <p class='ocr_par' dir='ltr' id='par_1_1' title="bbox 462 201 1072 281">
     <span class='ocr_line' id='line_1_1' title="bbox 462 201 1072 281; baseline 0.015 -26"><span class='ocrx_word' id='word_1_1' title='bbox 462 201 726 264; x_wconf 77' lang='lat' dir='ltr'>nnrronronus.</span> <span class='ocrx_word' id='word_1_2' title='bbox 1011 214 1072 281; x_wconf 84' lang='lat'>135</span> 
     </span>
    </p>
   </div>
   <div class='ocr_carea' id='block_1_2' title="bbox 102 346 1072 878">
    <p class='ocr_par' dir='ltr' id='par_1_2' title="bbox 102 346 1072 878">
     <span class='ocr_line' id='line_1_2' title="bbox 105 346 1072 449; baseline 0.032 -47"><span class='ocrx_word' id='word_1_3' title='bbox 105 346 157 420; x_wconf 78' lang='lat' dir='ltr'>sit3</span> <span class='ocrx_word' id='word_1_4' title='bbox 190 348 298 423; x_wconf 84' lang='lat' dir='ltr'>quibus</span> <span class='ocrx_word' id='word_1_5' title='bbox 326 352 462 413; x_wconf 88' lang='lat' dir='ltr'>omnibus</span> <span class='ocrx_word' id='word_1_6' title='bbox 494 357 652 431; x_wconf 82' lang='lat' dir='ltr'>gonoribus</span> <span class='ocrx_word' id='word_1_7' title='bbox 679 380 752 423; x_wconf 79' lang='lat' dir='ltr'>nsua</span> <span class='ocrx_word' id='word_1_8' title='bbox 784 368 830 426; x_wconf 84' lang='lat' dir='ltr'>cst</span> <span class='ocrx_word' id='word_1_9' title='bbox 855 367 945 430; x_wconf 87' lang='lat' dir='ltr'>nimis</span> <span class='ocrx_word' id='word_1_10' title='bbox 976 372 1072 449; x_wconf 88' lang='lat' dir='ltr'>impu·</span> 
     </span>
     <span class='ocr_line' id='line_1_3' title="bbox 104 433 1069 530; baseline 0.032 -40"><span class='ocrx_word' id='word_1_11' title='bbox 104 433 209 493; x_wconf 84' lang='lat' dir='ltr'>denter</span> <span class='ocrx_word' id='word_1_12' title='bbox 232 433 341 496; x_wconf 83' lang='lat' dir='ltr'>Caesar</span> <span class='ocrx_word' id='word_1_13' title='bbox 368 444 471 500; x_wconf 84' lang='lat' dir='ltr'>contra</span> <span class='ocrx_word' id='word_1_14' title='bbox 494 440 636 505; x_wconf 83' lang='lat' dir='ltr'>Catonem</span> <span class='ocrx_word' id='word_1_15' title='bbox 659 469 766 511; x_wconf 85' lang='lat' dir='ltr'>mcum.</span> <span class='ocrx_word' id='word_1_16' title='bbox 795 484 837 496; x_wconf 92' lang='lat'>—-</span> <span class='ocrx_word' id='word_1_17' title='bbox 865 455 923 530; x_wconf 68' lang='lat' dir='ltr'>Ep.</span> <span class='ocrx_word' id='word_1_18' title='bbox 948 461 987 518; x_wconf 82' lang='lat' dir='ltr'>ad</span> <span class='ocrx_word' id='word_1_19' title='bbox 1008 459 1069 520; x_wconf 77' lang='lat' dir='ltr'>Aa.</span> 
     </span>
     <span class='ocr_line' id='line_1_4' title="bbox 105 521 1069 620; baseline 0.031 -42"><span class='ocrx_word' id='word_1_20' title='bbox 105 521 204 589; x_wconf 88' lang='lat' dir='ltr'><strong><em>XIII,</em></strong></span> <span class='ocrx_word' id='word_1_21' title='bbox 228 526 279 598; x_wconf 90' lang='grc'>50,</span> <span class='ocrx_word' id='word_1_22' title='bbox 306 529 333 584; x_wconf 95' lang='grc'><strong>1.</strong></span> <span class='ocrx_word' id='word_1_23' title='bbox 380 560 422 569; x_wconf 93' lang='grc'><strong>-</strong></span> <span class='ocrx_word' id='word_1_24' title='bbox 446 548 513 589; x_wconf 90' lang='lat' dir='ltr'>curn</span> <span class='ocrx_word' id='word_1_25' title='bbox 535 533 608 592; x_wconf 91' lang='lat' dir='ltr'>mihi</span> <span class='ocrx_word' id='word_1_26' title='bbox 627 535 739 598; x_wconf 78' lang='lat' dir='ltr'><strong>Balbus</strong></span> <span class='ocrx_word' id='word_1_27' title='bbox 763 572 805 581; x_wconf 94' lang='lat'><em>-</em></span> <span class='ocrx_word' id='word_1_28' title='bbox 829 540 964 620; x_wconf 78' lang='lat' dir='ltr'>dixisset,</span> <span class='ocrx_word' id='word_1_29' title='bbox 988 565 1019 607; x_wconf 89' lang='lat' dir='ltr'>se</span> <span class='ocrx_word' id='word_1_30' title='bbox 1039 553 1069 608; x_wconf 89' lang='lat' dir='ltr'>ot</span> 
     </span>
     <span class='ocr_line' id='line_1_5' title="bbox 102 606 1068 702; baseline 0.031 -36"><span class='ocrx_word' id='word_1_31' title='bbox 102 606 230 684; x_wconf 89' lang='lat' dir='ltr'>Oppium</span> <span class='ocrx_word' id='word_1_32' title='bbox 254 614 406 688; x_wconf 77' lang='lat' dir='ltr'>scripsisse</span> <span class='ocrx_word' id='word_1_33' title='bbox 429 619 467 676; x_wconf 88' lang='lat' dir='ltr'>ad</span> <span class='ocrx_word' id='word_1_34' title='bbox 482 617 649 696; x_wconf 79' lang='lat' dir='ltr'>Gaesarem,</span> <span class='ocrx_word' id='word_1_35' title='bbox 673 643 705 684; x_wconf 86' lang='lat' dir='ltr'>so</span> <span class='ocrx_word' id='word_1_36' title='bbox 728 628 838 702; x_wconf 83' lang='lat' dir='ltr'>legisse</span> <span class='ocrx_word' id='word_1_37' title='bbox 859 632 951 693; x_wconf 88' lang='lat' dir='ltr'>libros</span> <span class='ocrx_word' id='word_1_38' title='bbox 966 640 1068 695; x_wconf 86' lang='lat' dir='ltr'>contra</span> 
     </span>
     <span class='ocr_line' id='line_1_6' title="bbox 103 695 1067 799; baseline 0.031 -45"><span class='ocrx_word' id='word_1_39' title='bbox 103 695 244 757; x_wconf 85' lang='lat' dir='ltr'>Catonem</span> <span class='ocrx_word' id='word_1_40' title='bbox 260 704 291 759; x_wconf 88' lang='lat' dir='ltr'>et</span> <span class='ocrx_word' id='word_1_41' title='bbox 308 704 498 765; x_wconf 84' lang='lat' dir='ltr'>vehementer</span> <span class='ocrx_word' id='word_1_42' title='bbox 520 711 660 783; x_wconf 83' lang='lat' dir='ltr'>probasse</span> <span class='ocrx_word' id='word_1_43' title='bbox 675 743 726 774; x_wconf 89' lang='lat'>-.</span> <span class='ocrx_word' id='word_1_44' title='bbox 750 707 809 794; x_wconf 85' lang='lat' dir='ltr'>(of.</span> <span class='ocrx_word' id='word_1_45' title='bbox 824 718 876 793; x_wconf 86' lang='grc'>51,</span> <span class='ocrx_word' id='word_1_46' title='bbox 893 724 920 780; x_wconf 98' lang='grc'><strong>1.</strong></span> <span class='ocrx_word' id='word_1_47' title='bbox 934 722 973 782; x_wconf 92' lang='lat' dir='ltr'>ib.</span> <span class='ocrx_word' id='word_1_48' title='bbox 989 723 1067 799; x_wconf 89' lang='lat' dir='ltr'>XII,</span> 
     </span>
     <span class='ocr_line' id='line_1_7' title="bbox 103 786 652 878; baseline 0.029 -36"><span class='ocrx_word' id='word_1_49' title='bbox 103 786 154 859; x_wconf 84' lang='lat'>40,</span> <span class='ocrx_word' id='word_1_50' title='bbox 171 788 198 845; x_wconf 90' lang='lat'>1.</span> <span class='ocrx_word' id='word_1_51' title='bbox 222 789 275 861; x_wconf 82' lang='lat'>41,</span> <span class='ocrx_word' id='word_1_52' title='bbox 289 791 318 849; x_wconf 88' lang='grc'><strong>4.</strong></span> <span class='ocrx_word' id='word_1_53' title='bbox 343 823 384 831; x_wconf 91' lang='grc'><strong>-</strong></span> <span class='ocrx_word' id='word_1_54' title='bbox 407 812 435 852; x_wconf 83' lang='lat' dir='ltr'>v.</span> <span class='ocrx_word' id='word_1_55' title='bbox 452 812 486 868; x_wconf 82' lang='lat' dir='ltr'>p.</span> <span class='ocrx_word' id='word_1_56' title='bbox 503 798 574 856; x_wconf 89' lang='grc'><strong>159.</strong></span> <span class='ocrx_word' id='word_1_57' title='bbox 596 791 652 878; x_wconf 79' lang='lat' dir='ltr'>in.)</span> 
     </span>
    </p>
   </div>
   <div class='ocr_carea' id='block_1_3' title="bbox 171 874 1065 973">
    <p class='ocr_par' dir='ltr' id='par_1_3' title="bbox 171 874 1065 973">
     <span class='ocr_line' id='line_1_8' title="bbox 171 874 1065 973; baseline 0.031 -41"><span class='ocrx_word' id='word_1_58' title='bbox 171 874 266 948; x_wconf 79' lang='lat' dir='ltr'>Quint.</span> <span class='ocrx_word' id='word_1_59' title='bbox 289 878 364 938; x_wconf 73' lang='lat' dir='ltr'>Iasi.</span> <span class='ocrx_word' id='word_1_60' title='bbox 389 879 524 950; x_wconf 82' lang='lat' dir='ltr'>0r.111,</span> <span class='ocrx_word' id='word_1_61' title='bbox 549 887 578 958; x_wconf 80' lang='grc'>7,</span> <span class='ocrx_word' id='word_1_62' title='bbox 603 888 653 947; x_wconf 82' lang='lat'>28.</span> <span class='ocrx_word' id='word_1_63' title='bbox 699 919 741 930; x_wconf 91' lang='lat'>-—</span> <span class='ocrx_word' id='word_1_64' title='bbox 764 892 949 954; x_wconf 81' lang='lat' dir='ltr'>laudativum</span> <span class='ocrx_word' id='word_1_65' title='bbox 972 917 1065 973; x_wconf 80' lang='lat' dir='ltr'>genus</span> 
     </span>
    </p>
   </div>
   <div class='ocr_carea' id='block_1_4' title="bbox 93 964 1065 1746">
    <p class='ocr_par' dir='ltr' id='par_1_4' title="bbox 99 964 1065 1221">
     <span class='ocr_line' id='line_1_9' title="bbox 101 964 1065 1058; baseline 0.03 -41"><span class='ocrx_word' id='word_1_66' title='bbox 101 991 143 1000; x_wconf 91' lang='lat'>—</span> <span class='ocrx_word' id='word_1_67' title='bbox 172 964 316 1036; x_wconf 73' lang='lat' dir='ltr'>qualitate</span> <span class='ocrx_word' id='word_1_68' title='bbox 342 969 469 1029; x_wconf 83' lang='lat' dir='ltr'>marimo</span> <span class='ocrx_word' id='word_1_69' title='bbox 501 973 645 1033; x_wconf 86' lang='lat' dir='ltr'>contineri</span> <span class='ocrx_word' id='word_1_70' title='bbox 674 979 761 1053; x_wconf 91' lang='lat' dir='ltr'>puto,</span> <span class='ocrx_word' id='word_1_71' title='bbox 793 998 973 1058; x_wconf 88' lang='lat' dir='ltr'>quamquam</span> <span class='ocrx_word' id='word_1_72' title='bbox 1004 990 1065 1048; x_wconf 83' lang='lat' dir='ltr'>tres</span> 
     </span>
     <span class='ocr_line' id='line_1_10' title="bbox 100 1049 1065 1147; baseline 0.03 -42"><span class='ocrx_word' id='word_1_73' title='bbox 100 1049 197 1108; x_wconf 86' lang='lat' dir='ltr'>status</span> <span class='ocrx_word' id='word_1_74' title='bbox 221 1069 322 1112; x_wconf 91' lang='lat' dir='ltr'>omnes</span> <span class='ocrx_word' id='word_1_75' title='bbox 345 1057 448 1116; x_wconf 84' lang='lat' dir='ltr'>cadere</span> <span class='ocrx_word' id='word_1_76' title='bbox 470 1059 502 1117; x_wconf 92' lang='lat' dir='ltr'>in</span> <span class='ocrx_word' id='word_1_77' title='bbox 525 1060 579 1120; x_wconf 92' lang='lat' dir='ltr'>hoc</span> <span class='ocrx_word' id='word_1_78' title='bbox 602 1081 676 1137; x_wconf 88' lang='lat' dir='ltr'>opus</span> <span class='ocrx_word' id='word_1_79' title='bbox 698 1067 825 1142; x_wconf 76' lang='lat' dir='ltr'>possint,</span> <span class='ocrx_word' id='word_1_80' title='bbox 853 1070 949 1147; x_wconf 86' lang='lat' dir='ltr'>iisque</span> <span class='ocrx_word' id='word_1_81' title='bbox 977 1091 1065 1134; x_wconf 90' lang='lat' dir='ltr'>usum</span> 
     </span>
     <span class='ocr_line' id='line_1_11' title="bbox 99 1133 1028 1221; baseline 0.031 -28"><span class='ocrx_word' id='word_1_82' title='bbox 99 1133 131 1195; x_wconf 81' lang='lat' dir='ltr'>O.</span> <span class='ocrx_word' id='word_1_83' title='bbox 157 1134 314 1199; x_wconf 84' lang='lat' dir='ltr'>Caesarem</span> <span class='ocrx_word' id='word_1_84' title='bbox 334 1143 366 1201; x_wconf 91' lang='lat' dir='ltr'>in</span> <span class='ocrx_word' id='word_1_85' title='bbox 388 1145 583 1221; x_wconf 81' lang='lat' dir='ltr'>vituperando</span> <span class='ocrx_word' id='word_1_86' title='bbox 607 1148 719 1212; x_wconf 83' lang='lat' dir='ltr'>Catone</span> <span class='ocrx_word' id='word_1_87' title='bbox 746 1158 895 1217; x_wconf 80' lang='lat' dir='ltr'>notaverit</span> <span class='ocrx_word' id='word_1_88' title='bbox 918 1157 1028 1221; x_wconf 78' lang='lat' dir='ltr'>Cicero.</span> 
     </span>
    </p>

    <p class='ocr_par' dir='ltr' id='par_1_5' title="bbox 141 1226 938 1301">
     <span class='ocr_line' id='line_1_12' title="bbox 141 1226 938 1301; baseline 0.034 -19"><span class='ocrx_word' id='word_1_89' title='bbox 141 1226 298 1287; x_wconf 65' lang='grc' dir='ltr'>4Ιαιιαιιιι.</span> <span class='ocrx_word' id='word_1_90' title='bbox 320 1229 381 1290; x_wconf 81' lang='lat' dir='ltr'>Sat.</span> <span class='ocrx_word' id='word_1_91' title='bbox 411 1234 465 1301; x_wconf 87' lang='lat' dir='ltr'>VI,</span> <span class='ocrx_word' id='word_1_92' title='bbox 490 1236 563 1296; x_wconf 81' lang='lat'><strong>338.</strong></span> <span class='ocrx_word' id='word_1_93' title='bbox 587 1268 628 1279; x_wconf 93' lang='lat'>-</span> <span class='ocrx_word' id='word_1_94' title='bbox 934 1294 938 1300; x_wconf 80' lang='grc'><strong>.</strong></span> 
     </span>
    </p>

    <p class='ocr_par' dir='ltr' id='par_1_6' title="bbox 93 1313 1062 1746">
     <span class='ocr_line' id='line_1_13' title="bbox 142 1313 1040 1409; baseline 0.032 -39"><span class='ocrx_word' id='word_1_95' title='bbox 142 1313 298 1389; x_wconf 86' lang='lat' dir='ltr'>Maiorem,</span> <span class='ocrx_word' id='word_1_96' title='bbox 322 1337 411 1394; x_wconf 89' lang='lat' dir='ltr'>quam</span> <span class='ocrx_word' id='word_1_97' title='bbox 433 1326 503 1381; x_wconf 90' lang='lat' dir='ltr'>sunt</span> <span class='ocrx_word' id='word_1_98' title='bbox 525 1325 583 1383; x_wconf 90' lang='lat' dir='ltr'>duo</span> <span class='ocrx_word' id='word_1_99' title='bbox 600 1325 735 1388; x_wconf 82' lang='lat' dir='ltr'>Caesaris</span> <span class='ocrx_word' id='word_1_100' title='bbox 749 1330 955 1409; x_wconf 79' lang='lat' dir='ltr'>Anticatones,</span> <span class='ocrx_word' id='word_1_101' title='bbox 976 1368 1017 1378; x_wconf 93' lang='lat'>—</span> <span class='ocrx_word' id='word_1_102' title='bbox 1038 1393 1040 1401; x_wconf 89' lang='lat'><em>.</em></span> 
     </span>
     <span class='ocr_line' id='line_1_14' title="bbox 98 1401 1062 1501; baseline 0.03 -44"><span class='ocrx_word' id='word_1_103' title='bbox 98 1417 166 1458; x_wconf 89' lang='lat' dir='ltr'>cum</span> <span class='ocrx_word' id='word_1_104' title='bbox 175 1401 266 1462; x_wconf 81' lang='lat' dir='ltr'>Schol.</span> <span class='ocrx_word' id='word_1_105' title='bbox 280 1405 347 1464; x_wconf 88' lang='lat' dir='ltr'>hcc:</span> <span class='ocrx_word' id='word_1_106' title='bbox 372 1407 479 1469; x_wconf 81' lang='lat' dir='ltr'>Caesar</span> <span class='ocrx_word' id='word_1_107' title='bbox 492 1413 570 1471; x_wconf 80' lang='lat' dir='ltr'>bollo</span> <span class='ocrx_word' id='word_1_108' title='bbox 584 1415 664 1474; x_wconf 85' lang='lat' dir='ltr'>civili</span> <span class='ocrx_word' id='word_1_109' title='bbox 677 1409 806 1494; x_wconf 70' lang='lat' dir='ltr'>&#39;cognita</span> <span class='ocrx_word' id='word_1_110' title='bbox 820 1418 940 1482; x_wconf 79' lang='lat' dir='ltr'>Catonis</span> <span class='ocrx_word' id='word_1_111' title='bbox 958 1429 1062 1501; x_wconf 85' lang='lat' dir='ltr'>morta,</span> 
     </span>
     <span class='ocr_line' id='line_1_15' title="bbox 96 1488 1061 1583; baseline 0.028 -36"><span class='ocrx_word' id='word_1_112' title='bbox 96 1488 180 1547; x_wconf 90' lang='lat' dir='ltr'>ouius</span> <span class='ocrx_word' id='word_1_113' title='bbox 202 1491 344 1552; x_wconf 83' lang='lat' dir='ltr'>virtutem</span> <span class='ocrx_word' id='word_1_114' title='bbox 367 1497 484 1574; x_wconf 86' lang='lat' dir='ltr'>dialogo</span> <span class='ocrx_word' id='word_1_115' title='bbox 507 1500 567 1574; x_wconf 92' lang='lat' dir='ltr'>illo,</span> <span class='ocrx_word' id='word_1_116' title='bbox 591 1505 642 1578; x_wconf 89' lang='lat' dir='ltr'>qni</span> <span class='ocrx_word' id='word_1_117' title='bbox 663 1505 835 1566; x_wconf 75' lang='lat' dir='ltr'>inscribitur</span> <span class='ocrx_word' id='word_1_118' title='bbox 854 1507 935 1583; x_wconf 78' lang='lat' dir='ltr'>Cato,</span> <span class='ocrx_word' id='word_1_119' title='bbox 960 1510 1061 1573; x_wconf 86' lang='lat' dir='ltr'>Cicero</span> 
     </span>
     <span class='ocr_line' id='line_1_16' title="bbox 96 1576 1060 1676; baseline 0.03 -43"><span class='ocrx_word' id='word_1_120' title='bbox 96 1576 187 1635; x_wconf 86' lang='lat' dir='ltr'>ctiam</span> <span class='ocrx_word' id='word_1_121' title='bbox 218 1579 363 1655; x_wconf 86' lang='lat' dir='ltr'>laudavit,</span> <span class='ocrx_word' id='word_1_122' title='bbox 395 1585 485 1644; x_wconf 88' lang='lat' dir='ltr'>libros</span> <span class='ocrx_word' id='word_1_123' title='bbox 513 1587 587 1648; x_wconf 86' lang='lat' dir='ltr'>duos</span> <span class='ocrx_word' id='word_1_124' title='bbox 613 1590 824 1654; x_wconf 86' lang='lat' dir='ltr'>furiosissimos</span> <span class='ocrx_word' id='word_1_125' title='bbox 852 1598 958 1673; x_wconf 86' lang='lat' dir='ltr'>edidit,</span> <span class='ocrx_word' id='word_1_126' title='bbox 986 1619 1060 1676; x_wconf 88' lang='lat' dir='ltr'>quos</span> 
     </span>
     <span class='ocr_line' id='line_1_17' title="bbox 93 1663 472 1746; baseline 0.029 -26"><span class='ocrx_word' id='word_1_127' title='bbox 93 1663 291 1726; x_wconf 50' lang='lat' dir='ltr'>Anticatones</span> <span class='ocrx_word' id='word_1_128' title='bbox 314 1670 472 1746; x_wconf 87' lang='lat' dir='ltr'>inscripsit.</span> 
     </span>
    </p>
   </div>
   <div class='ocr_carea' id='block_1_5' title="bbox 91 1760 1059 2790">
    <p class='ocr_par' dir='ltr' id='par_1_7' title="bbox 102 1760 1057 2006">
     <span class='ocr_line' id='line_1_18' title="bbox 168 1760 1057 1837; baseline 0.006 -18"><span class='ocrx_word' id='word_1_129' title='bbox 168 1760 236 1820; x_wconf 81' lang='lat' dir='ltr'>Tac.</span> <span class='ocrx_word' id='word_1_130' title='bbox 252 1763 290 1820; x_wconf 86' lang='lat' dir='ltr'>ab</span> <span class='ocrx_word' id='word_1_131' title='bbox 304 1762 361 1821; x_wconf 77' lang='lat' dir='ltr'>Ec.</span> <span class='ocrx_word' id='word_1_132' title='bbox 373 1761 412 1820; x_wconf 88' lang='lat' dir='ltr'>D.</span> <span class='ocrx_word' id='word_1_133' title='bbox 428 1761 506 1837; x_wconf 76' lang='grc' dir='ltr'>Ααρ.</span> <span class='ocrx_word' id='word_1_134' title='bbox 518 1762 606 1830; x_wconf 86' lang='lat' dir='ltr'><strong><em>IIII,</em></strong></span> <span class='ocrx_word' id='word_1_135' title='bbox 622 1761 672 1821; x_wconf 89' lang='grc'>34.</span> <span class='ocrx_word' id='word_1_136' title='bbox 693 1779 718 1822; x_wconf 83' lang='lat' dir='ltr'>c.</span> <span class='ocrx_word' id='word_1_137' title='bbox 739 1762 792 1834; x_wconf 71' lang='lat' dir='ltr'>ria.</span> <span class='ocrx_word' id='word_1_138' title='bbox 804 1763 896 1821; x_wconf 85' lang='lat' dir='ltr'>Marci</span> <span class='ocrx_word' id='word_1_139' title='bbox 909 1762 1057 1826; x_wconf 81' lang='lat' dir='ltr'>Ciccronis</span> 
     </span>
     <span class='ocr_line' id='line_1_19' title="bbox 102 1842 1057 1945; baseline 0.008 -45"><span class='ocrx_word' id='word_1_140' title='bbox 102 1842 189 1918; x_wconf 91' lang='lat' dir='ltr'>libro,</span> <span class='ocrx_word' id='word_1_141' title='bbox 201 1864 259 1919; x_wconf 91' lang='lat' dir='ltr'>quo</span> <span class='ocrx_word' id='word_1_142' title='bbox 271 1844 413 1904; x_wconf 85' lang='lat' dir='ltr'>Catonem</span> <span class='ocrx_word' id='word_1_143' title='bbox 425 1847 505 1904; x_wconf 86' lang='lat' dir='ltr'>caelo</span> <span class='ocrx_word' id='word_1_144' title='bbox 516 1847 664 1920; x_wconf 83' lang='lat' dir='ltr'>aequavit,</span> <span class='ocrx_word' id='word_1_145' title='bbox 675 1845 746 1920; x_wconf 90' lang='lat' dir='ltr'>quid</span> <span class='ocrx_word' id='word_1_146' title='bbox 756 1846 837 1904; x_wconf 84' lang='lat' dir='ltr'>aliud</span> <span class='ocrx_word' id='word_1_147' title='bbox 848 1845 975 1906; x_wconf 79' lang='lat' dir='ltr'>dictator</span> <span class='ocrx_word' id='word_1_148' title='bbox 986 1847 1057 1945; x_wconf 74' lang='lat' dir='ltr'>an-</span> 
     </span>
     <span class='ocr_line' id='line_1_20' title="bbox 102 1929 1056 2006; baseline 0.005 -20"><span class='ocrx_word' id='word_1_149' title='bbox 102 1944 151 1986; x_wconf 86' lang='lat' dir='ltr'>sar</span> <span class='ocrx_word' id='word_1_150' title='bbox 161 1947 250 2003; x_wconf 85' lang='lat' dir='ltr'>quarn</span> <span class='ocrx_word' id='word_1_151' title='bbox 260 1930 403 2005; x_wconf 85' lang='lat' dir='ltr'>rescripta</span> <span class='ocrx_word' id='word_1_152' title='bbox 412 1930 554 2002; x_wconf 85' lang='lat' dir='ltr'>oratione,</span> <span class='ocrx_word' id='word_1_153' title='bbox 563 1931 648 1988; x_wconf 88' lang='lat' dir='ltr'>velut</span> <span class='ocrx_word' id='word_1_154' title='bbox 658 1929 736 2004; x_wconf 86' lang='lat' dir='ltr'>apud</span> <span class='ocrx_word' id='word_1_155' title='bbox 747 1929 869 2004; x_wconf 85' lang='lat' dir='ltr'>iudices,</span> <span class='ocrx_word' id='word_1_156' title='bbox 877 1931 1056 2006; x_wconf 79' lang='lat' dir='ltr'>respondit?</span> 
     </span>
    </p>

    <p class='ocr_par' dir='ltr' id='par_1_8' title="bbox 91 2016 1059 2268">
     <span class='ocr_line' id='line_1_21' title="bbox 156 2016 1058 2124; baseline 0 -44"><span class='ocrx_word' id='word_1_157' title='bbox 156 2020 234 2095; x_wconf 83' lang='lat' dir='ltr'>App.</span> <span class='ocrx_word' id='word_1_158' title='bbox 249 2022 288 2080; x_wconf 92' lang='lat' dir='ltr'>B.</span> <span class='ocrx_word' id='word_1_159' title='bbox 306 2020 336 2081; x_wconf 82' lang='lat'>0.</span> <span class='ocrx_word' id='word_1_160' title='bbox 352 2022 400 2092; x_wconf 87' lang='lat' dir='ltr'>II,</span> <span class='ocrx_word' id='word_1_161' title='bbox 417 2025 467 2082; x_wconf 93' lang='grc'><strong>99.</strong></span> <span class='ocrx_word' id='word_1_162' title='bbox 478 2026 549 2082; x_wconf 75' lang='lat' dir='ltr'>ectr.</span> <span class='ocrx_word' id='word_1_163' title='bbox 584 2054 627 2065; x_wconf 94' lang='lat'>—</span> <span class='ocrx_word' id='word_1_164' title='bbox 641 2017 810 2099; x_wconf 65' lang='lat' dir='ltr'>Keriparon</span> <span class='ocrx_word' id='word_1_165' title='bbox 832 2016 865 2080; x_wconf 81' lang='grc' dir='ltr'>δὲ</span> <span class='ocrx_word' id='word_1_166' title='bbox 879 2017 1058 2124; x_wconf 74' lang='grc' dir='ltr'><strong><em>ποιήσαντος</em></strong></span> 
     </span>
     <span class='ocr_line' id='line_1_22' title="bbox 92 2098 1059 2195; baseline 0 -30"><span class='ocrx_word' id='word_1_167' title='bbox 92 2098 241 2182; x_wconf 74' lang='grc' dir='ltr'><strong><em>ἐγκώμιον</em></strong></span> <span class='ocrx_word' id='word_1_168' title='bbox 252 2104 293 2175; x_wconf 80' lang='grc' dir='ltr'>εἰς</span> <span class='ocrx_word' id='word_1_169' title='bbox 304 2099 397 2165; x_wconf 78' lang='grc' dir='ltr'><strong><em>αὐτὸν</em></strong></span> <span class='ocrx_word' id='word_1_170' title='bbox 410 2100 441 2186; x_wconf 87' lang='lat' dir='ltr'>[i.</span> <span class='ocrx_word' id='word_1_171' title='bbox 450 2127 475 2165; x_wconf 89' lang='lat' dir='ltr'>c.</span> <span class='ocrx_word' id='word_1_172' title='bbox 485 2102 633 2186; x_wconf 78' lang='lat' dir='ltr'>Catonem]</span> <span class='ocrx_word' id='word_1_173' title='bbox 646 2102 696 2165; x_wconf 78' lang='grc' dir='ltr'>καὶ</span> <span class='ocrx_word' id='word_1_174' title='bbox 707 2099 927 2195; x_wconf 70' lang='grc' dir='ltr'><strong><em>ἐπιγράψαντος</em></strong></span> <span class='ocrx_word' id='word_1_175' title='bbox 939 2107 1059 2182; x_wconf 82' lang='grc' dir='ltr'><strong><em>Κατων,</em></strong></span> 
     </span>
     <span class='ocr_line' id='line_1_23' title="bbox 91 2181 1058 2268; baseline 0.002 -21"><span class='ocrx_word' id='word_1_176' title='bbox 91 2182 261 2268; x_wconf 73' lang='grc' dir='ltr'><em>ἀντέγραψε</em></span> <span class='ocrx_word' id='word_1_177' title='bbox 274 2189 453 2268; x_wconf 82' lang='grc' dir='ltr'><strong><em>κατηγορίαν</em></strong></span> <span class='ocrx_word' id='word_1_178' title='bbox 467 2183 484 2250; x_wconf 82' lang='lat' dir='ltr'>d</span> <span class='ocrx_word' id='word_1_179' title='bbox 495 2191 613 2268; x_wconf 88' lang='grc' dir='ltr'><strong><em>Καῖσαρ</em></strong></span> <span class='ocrx_word' id='word_1_180' title='bbox 625 2187 676 2249; x_wconf 82' lang='grc' dir='ltr'>καὶ</span> <span class='ocrx_word' id='word_1_181' title='bbox 690 2184 862 2268; x_wconf 70' lang='grc' dir='ltr'><strong><em>ἐπέγραψεν</em></strong></span> <span class='ocrx_word' id='word_1_182' title='bbox 867 2181 1058 2250; x_wconf 78' lang='grc' dir='ltr'>Ἀντικάτων.</span> 
     </span>
    </p>

    <p class='ocr_par' dir='ltr' id='par_1_9' title="bbox 91 2286 1059 2703">
     <span class='ocr_line' id='line_1_24' title="bbox 156 2286 1058 2363; baseline 0 -14"><span class='ocrx_word' id='word_1_183' title='bbox 156 2290 215 2350; x_wconf 80' lang='lat' dir='ltr'>Dio</span> <span class='ocrx_word' id='word_1_184' title='bbox 233 2288 313 2351; x_wconf 75' lang='lat' dir='ltr'>Oasa</span> <span class='ocrx_word' id='word_1_185' title='bbox 329 2291 408 2351; x_wconf 82' lang='lat' dir='ltr'>Hist.</span> <span class='ocrx_word' id='word_1_186' title='bbox 423 2291 507 2351; x_wconf 86' lang='lat' dir='ltr'>Rom.</span> <span class='ocrx_word' id='word_1_187' title='bbox 523 2291 718 2361; x_wconf 89' lang='lat' dir='ltr'><strong><em>XXXXIII,</em></strong></span> <span class='ocrx_word' id='word_1_188' title='bbox 735 2292 786 2363; x_wconf 84' lang='lat'>13,</span> <span class='ocrx_word' id='word_1_189' title='bbox 802 2292 831 2350; x_wconf 89' lang='grc'>4.</span> <span class='ocrx_word' id='word_1_190' title='bbox 868 2321 909 2332; x_wconf 91' lang='lat'><em>-</em></span> <span class='ocrx_word' id='word_1_191' title='bbox 925 2286 1004 2349; x_wconf 78' lang='grc' dir='ltr'><strong><em>οὕτω</em></strong></span> <span class='ocrx_word' id='word_1_192' title='bbox 1018 2322 1058 2334; x_wconf 92' lang='lat'>-</span> 
     </span>
     <span class='ocr_line' id='line_1_25' title="bbox 93 2366 1059 2474; baseline 0.002 -43"><span class='ocrx_word' id='word_1_193' title='bbox 93 2367 186 2431; x_wconf 78' lang='grc' dir='ltr'><strong><em>αὐτὸν</em></strong></span> <span class='ocrx_word' id='word_1_194' title='bbox 215 2366 247 2455; x_wconf 86' lang='lat' dir='ltr'>[i.</span> <span class='ocrx_word' id='word_1_195' title='bbox 270 2393 294 2433; x_wconf 88' lang='lat' dir='ltr'>e.</span> <span class='ocrx_word' id='word_1_196' title='bbox 319 2373 467 2451; x_wconf 71' lang='lat' dir='ltr'>Catonem]</span> <span class='ocrx_word' id='word_1_197' title='bbox 496 2368 712 2453; x_wconf 75' lang='grc' dir='ltr'><strong><em>ἐτεθαυμάκει,</em></strong></span> <span class='ocrx_word' id='word_1_198' title='bbox 745 2369 821 2432; x_wconf 74' lang='grc' dir='ltr'><strong>ὥστε</strong></span> <span class='ocrx_word' id='word_1_199' title='bbox 849 2380 903 2474; x_wconf 76' lang='grc' dir='ltr'>ιρῦ</span> <span class='ocrx_word' id='word_1_200' title='bbox 927 2370 1059 2451; x_wconf 75' lang='grc' dir='ltr'><strong><em>Κικέρω-</em></strong></span> 
     </span>
     <span class='ocr_line' id='line_1_26' title="bbox 93 2451 1059 2559; baseline 0.001 -44"><span class='ocrx_word' id='word_1_201' title='bbox 93 2476 146 2527; x_wconf 80' lang='grc' dir='ltr'>νος</span> <span class='ocrx_word' id='word_1_202' title='bbox 167 2453 315 2535; x_wconf 81' lang='grc' dir='ltr'><strong><em>ἐγκώμιον</em></strong></span> <span class='ocrx_word' id='word_1_203' title='bbox 335 2455 406 2533; x_wconf 80' lang='grc' dir='ltr'><strong><em>μετά</em></strong></span> <span class='ocrx_word' id='word_1_204' title='bbox 429 2464 523 2516; x_wconf 80' lang='grc' dir='ltr'><strong><em>ταῦτα</em></strong></span> <span class='ocrx_word' id='word_1_205' title='bbox 544 2451 639 2516; x_wconf 79' lang='grc' dir='ltr'><strong><em>αὐτοῦ</em></strong></span> <span class='ocrx_word' id='word_1_206' title='bbox 660 2454 832 2535; x_wconf 84' lang='grc' dir='ltr'><strong><em>γράψαντος</em></strong></span> <span class='ocrx_word' id='word_1_207' title='bbox 853 2464 1059 2559; x_wconf 75' lang='grc' dir='ltr'><strong><em>αγαααιιτήσαι</em></strong></span> 
     </span>
     <span class='ocr_line' id='line_1_27' title="bbox 91 2535 1058 2620; baseline -0.001 -21"><span class='ocrx_word' id='word_1_208' title='bbox 91 2536 149 2617; x_wconf 83' lang='grc' dir='ltr'>μὲν</span> <span class='ocrx_word' id='word_1_209' title='bbox 169 2537 273 2616; x_wconf 76' lang='grc' dir='ltr'><strong><em>μηδὲν,</em></strong></span> <span class='ocrx_word' id='word_1_210' title='bbox 295 2539 402 2620; x_wconf 79' lang='grc' dir='ltr'><strong><em>καίπερ</em></strong></span> <span class='ocrx_word' id='word_1_211' title='bbox 423 2538 473 2600; x_wconf 79' lang='lat' dir='ltr'>act</span> <span class='ocrx_word' id='word_1_212' title='bbox 494 2535 611 2599; x_wconf 81' lang='grc' dir='ltr'><strong><em>ἐκείνου</em></strong></span> <span class='ocrx_word' id='word_1_213' title='bbox 633 2539 664 2598; x_wconf 80' lang='grc' dir='ltr'>οἱ</span> <span class='ocrx_word' id='word_1_214' title='bbox 682 2543 988 2619; x_wconf 78' lang='grc' dir='ltr'><strong><em>ιιρασπολεμησαντος,</em></strong></span> <span class='ocrx_word' id='word_1_215' title='bbox 1009 2540 1058 2618; x_wconf 69' lang='lat' dir='ltr'>dt·</span> 
     </span>
     <span class='ocr_line' id='line_1_28' title="bbox 92 2616 900 2703; baseline 0.009 -23"><span class='ocrx_word' id='word_1_216' title='bbox 92 2622 180 2701; x_wconf 83' lang='grc' dir='ltr'><em>βλίον</em></span> <span class='ocrx_word' id='word_1_217' title='bbox 201 2618 236 2681; x_wconf 79' lang='grc' dir='ltr'>δέ</span> <span class='ocrx_word' id='word_1_218' title='bbox 257 2645 284 2682; x_wconf 84' lang='grc' dir='ltr'>τι</span> <span class='ocrx_word' id='word_1_219' title='bbox 304 2621 420 2703; x_wconf 85' lang='grc' dir='ltr'><strong><em>γράψαι</em></strong></span> <span class='ocrx_word' id='word_1_220' title='bbox 441 2621 459 2683; x_wconf 80' lang='lat' dir='ltr'>d</span> <span class='ocrx_word' id='word_1_221' title='bbox 480 2621 532 2684; x_wconf 83' lang='grc' dir='ltr'>καὶ</span> <span class='ocrx_word' id='word_1_222' title='bbox 550 2616 750 2684; x_wconf 83' lang='grc' dir='ltr'><strong><em>Ἀντιιιάτωνα</em></strong></span> <span class='ocrx_word' id='word_1_223' title='bbox 771 2617 900 2687; x_wconf 75' lang='grc' dir='ltr'>ἐκάλεσε.</span> 
     </span>
    </p>

    <p class='ocr_par' dir='ltr' id='par_1_10' title="bbox 259 2704 899 2790">
     <span class='ocr_line' id='line_1_29' title="bbox 259 2704 899 2790; baseline 0.003 -20"><span class='ocrx_word' id='word_1_224' title='bbox 259 2704 317 2790; x_wconf 85' lang='lat' dir='ltr'><strong>(Of.</strong></span> <span class='ocrx_word' id='word_1_225' title='bbox 331 2712 499 2786; x_wconf 78' lang='lat' dir='ltr'>Hieroapm.</span> <span class='ocrx_word' id='word_1_226' title='bbox 520 2711 573 2771; x_wconf 90' lang='lat' dir='ltr'>VI.</span> <span class='ocrx_word' id='word_1_227' title='bbox 582 2730 614 2786; x_wconf 86' lang='lat' dir='ltr'>p.</span> <span class='ocrx_word' id='word_1_228' title='bbox 630 2714 681 2772; x_wconf 83' lang='lat'>54.</span> <span class='ocrx_word' id='word_1_229' title='bbox 696 2714 737 2772; x_wconf 81' lang='lat' dir='ltr'>ed.</span> <span class='ocrx_word' id='word_1_230' title='bbox 758 2711 899 2786; x_wconf 78' lang='lat' dir='ltr'>Volture.)</span> 
     </span>
    </p>
   </div>
   <div class='ocr_carea' id='block_1_6' title="bbox 92 2815 1154 3329">
    <p class='ocr_par' dir='ltr' id='par_1_11' title="bbox 92 2815 1154 3329">
     <span class='ocr_line' id='line_1_30' title="bbox 161 2815 1154 2890; baseline 0.002 -18"><span class='ocrx_word' id='word_1_231' title='bbox 161 2815 305 2874; x_wconf 81' lang='lat' dir='ltr'>Martiuc.</span> <span class='ocrx_word' id='word_1_232' title='bbox 329 2815 437 2890; x_wconf 78' lang='lat' dir='ltr'>Capeti.</span> <span class='ocrx_word' id='word_1_233' title='bbox 466 2815 499 2875; x_wconf 88' lang='lat' dir='ltr'>V.</span> <span class='ocrx_word' id='word_1_234' title='bbox 522 2817 557 2875; x_wconf 80' lang='lat' dir='ltr'>de</span> <span class='ocrx_word' id='word_1_235' title='bbox 578 2816 660 2874; x_wconf 71' lang='lat' dir='ltr'>niet.</span> <span class='ocrx_word' id='word_1_236' title='bbox 685 2817 735 2875; x_wconf 89' lang='grc'><strong>18.</strong></span> <span class='ocrx_word' id='word_1_237' title='bbox 759 2819 827 2875; x_wconf 79' lang='lat' dir='ltr'>ectr.</span> <span class='ocrx_word' id='word_1_238' title='bbox 845 2833 878 2889; x_wconf 84' lang='lat' dir='ltr'>p.</span> <span class='ocrx_word' id='word_1_239' title='bbox 895 2816 967 2874; x_wconf 88' lang='grc'><strong>155.</strong></span> <span class='ocrx_word' id='word_1_240' title='bbox 986 2815 1059 2875; x_wconf 83' lang='lat' dir='ltr'>med.</span> <span class='ocrx_word' id='word_1_241' title='bbox 1153 2837 1154 2841; x_wconf 44' lang='lat'>¹</span> 
     </span>
     <span class='ocr_line' id='line_1_31' title="bbox 94 2901 1058 2977; baseline 0.002 -16"><span class='ocrx_word' id='word_1_242' title='bbox 94 2903 136 2961; x_wconf 84' lang='lat' dir='ltr'>cd.</span> <span class='ocrx_word' id='word_1_243' title='bbox 151 2903 291 2976; x_wconf 74' lang='grc' dir='ltr'><strong><em>ΕγεειιιΙι.</em></strong></span> <span class='ocrx_word' id='word_1_244' title='bbox 300 2921 333 2977; x_wconf 87' lang='lat' dir='ltr'>p.</span> <span class='ocrx_word' id='word_1_245' title='bbox 350 2905 421 2964; x_wconf 85' lang='lat'>153.</span> <span class='ocrx_word' id='word_1_246' title='bbox 437 2902 490 2963; x_wconf 75' lang='lat' dir='ltr'>Gr.</span> <span class='ocrx_word' id='word_1_247' title='bbox 498 2921 532 2977; x_wconf 83' lang='lat' dir='ltr'>p.</span> <span class='ocrx_word' id='word_1_248' title='bbox 544 2905 617 2963; x_wconf 82' lang='lat'>468.</span> <span class='ocrx_word' id='word_1_249' title='bbox 632 2907 701 2962; x_wconf 75' lang='lat' dir='ltr'>ectr.</span> <span class='ocrx_word' id='word_1_250' title='bbox 716 2904 757 2961; x_wconf 86' lang='lat' dir='ltr'>ed.</span> <span class='ocrx_word' id='word_1_251' title='bbox 771 2903 866 2976; x_wconf 82' lang='lat' dir='ltr'>chp.</span> <span class='ocrx_word' id='word_1_252' title='bbox 881 2901 977 2972; x_wconf 82' lang='lat' dir='ltr'>(Rhet.</span> <span class='ocrx_word' id='word_1_253' title='bbox 990 2903 1058 2963; x_wconf 84' lang='lat' dir='ltr'>Lot.</span> 
     </span>
     <span class='ocr_line' id='line_1_32' title="bbox 95 2990 1058 3066; baseline 0.002 -17"><span class='ocrx_word' id='word_1_254' title='bbox 95 2992 171 3050; x_wconf 81' lang='lat' dir='ltr'>Min.</span> <span class='ocrx_word' id='word_1_255' title='bbox 187 2992 228 3050; x_wconf 83' lang='lat' dir='ltr'>ed.</span> <span class='ocrx_word' id='word_1_256' title='bbox 243 2991 344 3050; x_wconf 85' lang='lat' dir='ltr'>Halm.</span> <span class='ocrx_word' id='word_1_257' title='bbox 357 3010 390 3065; x_wconf 86' lang='lat' dir='ltr'>p.</span> <span class='ocrx_word' id='word_1_258' title='bbox 405 2991 493 3066; x_wconf 90' lang='grc'><strong>463.)</strong></span> <span class='ocrx_word' id='word_1_259' title='bbox 530 3022 572 3032; x_wconf 94' lang='grc'>-</span> <span class='ocrx_word' id='word_1_260' title='bbox 595 2990 743 3060; x_wconf 79' lang='lat' dir='ltr'>laudatori</span> <span class='ocrx_word' id='word_1_261' title='bbox 765 2993 915 3050; x_wconf 83' lang='lat' dir='ltr'>certamen</span> <span class='ocrx_word' id='word_1_262' title='bbox 939 2992 984 3051; x_wconf 89' lang='lat' dir='ltr'>est</span> <span class='ocrx_word' id='word_1_263' title='bbox 1009 2991 1058 3052; x_wconf 78' lang='lat' dir='ltr'>vel</span> 
     </span>
     <span class='ocr_line' id='line_1_33' title="bbox 94 3078 1059 3180; baseline 0.002 -42"><span class='ocrx_word' id='word_1_264' title='bbox 94 3080 289 3154; x_wconf 83' lang='lat' dir='ltr'>vituperatori</span> <span class='ocrx_word' id='word_1_265' title='bbox 304 3111 355 3152; x_wconf 93' lang='lat'>-,</span> <span class='ocrx_word' id='word_1_266' title='bbox 377 3083 412 3139; x_wconf 89' lang='lat' dir='ltr'>ut</span> <span class='ocrx_word' id='word_1_267' title='bbox 434 3098 501 3143; x_wconf 89' lang='lat' dir='ltr'>curn</span> <span class='ocrx_word' id='word_1_268' title='bbox 514 3080 591 3138; x_wconf 86' lang='lat' dir='ltr'>alius</span> <span class='ocrx_word' id='word_1_269' title='bbox 613 3078 782 3155; x_wconf 86' lang='lat' dir='ltr'>qnempiam</span> <span class='ocrx_word' id='word_1_270' title='bbox 803 3079 907 3138; x_wconf 86' lang='lat' dir='ltr'>laudat</span> <span class='ocrx_word' id='word_1_271' title='bbox 929 3081 960 3138; x_wconf 88' lang='lat' dir='ltr'>et</span> <span class='ocrx_word' id='word_1_272' title='bbox 981 3079 1059 3180; x_wconf 75' lang='lat' dir='ltr'>altar</span> 
     </span>
     <span class='ocr_line' id='line_1_34' title="bbox 92 3165 1058 3242; baseline 0 -16"><span class='ocrx_word' id='word_1_273' title='bbox 92 3171 226 3242; x_wconf 86' lang='lat' dir='ltr'>accusat,</span> <span class='ocrx_word' id='word_1_274' title='bbox 249 3171 285 3226; x_wconf 87' lang='lat' dir='ltr'>ut</span> <span class='ocrx_word' id='word_1_275' title='bbox 307 3165 449 3227; x_wconf 81' lang='lat' dir='ltr'>Catonem</span> <span class='ocrx_word' id='word_1_276' title='bbox 473 3167 588 3227; x_wconf 83' lang='lat' dir='ltr'>Tullius</span> <span class='ocrx_word' id='word_1_277' title='bbox 610 3168 734 3226; x_wconf 87' lang='lat' dir='ltr'>laudans</span> <span class='ocrx_word' id='word_1_278' title='bbox 753 3170 784 3226; x_wconf 85' lang='lat' dir='ltr'>et</span> <span class='ocrx_word' id='word_1_279' title='bbox 806 3168 920 3228; x_wconf 88' lang='lat' dir='ltr'>duobus</span> <span class='ocrx_word' id='word_1_280' title='bbox 934 3169 1058 3227; x_wconf 84' lang='lat' dir='ltr'>volumr·</span> 
     </span>
     <span class='ocr_line' id='line_1_35' title="bbox 94 3253 487 3329; baseline 0.008 -16"><span class='ocrx_word' id='word_1_281' title='bbox 94 3255 182 3329; x_wconf 84' lang='lat' dir='ltr'>nibus</span> <span class='ocrx_word' id='word_1_282' title='bbox 206 3253 316 3314; x_wconf 83' lang='lat' dir='ltr'>Caesar</span> <span class='ocrx_word' id='word_1_283' title='bbox 338 3274 487 3316; x_wconf 87' lang='lat' dir='ltr'>accusans.</span> 
     </span>
    </p>
   </div>
   <div class='ocr_carea' id='block_1_7' title="bbox 91 3346 1085 3602">
    <p class='ocr_par' dir='ltr' id='par_1_12' title="bbox 91 3346 1085 3602">
     <span class='ocr_line' id='line_1_36' title="bbox 161 3346 1053 3423; baseline -0.002 -14"><span class='ocrx_word' id='word_1_284' title='bbox 161 3350 242 3410; x_wconf 79' lang='lat' dir='ltr'>Plio.</span> <span class='ocrx_word' id='word_1_285' title='bbox 254 3349 324 3410; x_wconf 80' lang='lat' dir='ltr'>Not.</span> <span class='ocrx_word' id='word_1_286' title='bbox 337 3349 416 3409; x_wconf 74' lang='lat' dir='ltr'>Hcst.</span> <span class='ocrx_word' id='word_1_287' title='bbox 430 3347 502 3421; x_wconf 85' lang='lat' dir='ltr'>VII,</span> <span class='ocrx_word' id='word_1_288' title='bbox 515 3349 564 3420; x_wconf 88' lang='lat'>30,</span> <span class='ocrx_word' id='word_1_289' title='bbox 580 3348 649 3405; x_wconf 83' lang='grc'><strong>117.</strong></span> <span class='ocrx_word' id='word_1_290' title='bbox 661 3351 731 3410; x_wconf 76' lang='lat' dir='ltr'>eutr.</span> <span class='ocrx_word' id='word_1_291' title='bbox 762 3346 849 3408; x_wconf 83' lang='lat' dir='ltr'>Salve</span> <span class='ocrx_word' id='word_1_292' title='bbox 866 3349 980 3423; x_wconf 89' lang='lat' dir='ltr'>primus</span> <span class='ocrx_word' id='word_1_293' title='bbox 991 3367 1053 3408; x_wconf 90' lang='lat' dir='ltr'>om·</span> 
     </span>
     <span class='ocr_line' id='line_1_37' title="bbox 97 3426 1056 3511; baseline -0.005 -17"><span class='ocrx_word' id='word_1_294' title='bbox 97 3436 183 3494; x_wconf 88' lang='lat' dir='ltr'>nium</span> <span class='ocrx_word' id='word_1_295' title='bbox 197 3453 305 3510; x_wconf 83' lang='lat' dir='ltr'>parens</span> <span class='ocrx_word' id='word_1_296' title='bbox 316 3434 429 3509; x_wconf 85' lang='lat' dir='ltr'>patrica</span> <span class='ocrx_word' id='word_1_297' title='bbox 441 3431 590 3507; x_wconf 84' lang='lat' dir='ltr'>appellate</span> <span class='ocrx_word' id='word_1_298' title='bbox 603 3426 634 3510; x_wconf 91' lang='lat' dir='ltr'>[i.</span> <span class='ocrx_word' id='word_1_299' title='bbox 646 3449 671 3489; x_wconf 84' lang='lat' dir='ltr'>a.</span> <span class='ocrx_word' id='word_1_300' title='bbox 684 3427 801 3511; x_wconf 66' lang='lat' dir='ltr'>OioaoL</span> <span class='ocrx_word' id='word_1_301' title='bbox 814 3433 928 3508; x_wconf 86' lang='lat' dir='ltr'>primus</span> <span class='ocrx_word' id='word_1_302' title='bbox 940 3433 973 3491; x_wconf 91' lang='lat' dir='ltr'>in</span> <span class='ocrx_word' id='word_1_303' title='bbox 981 3436 1056 3505; x_wconf 61' lang='lat' dir='ltr'>tona</span> 
     </span>
     <span class='ocr_line' id='line_1_38' title="bbox 91 3501 1085 3602; baseline -0.009 -23"><span class='ocrx_word' id='word_1_304' title='bbox 91 3501 273 3594; x_wconf 85' lang='lat' dir='ltr'>triumphum</span> <span class='ocrx_word' id='word_1_305' title='bbox 296 3524 476 3602; x_wconf 75' lang='lat' dir='ltr'>linguaeque</span> <span class='ocrx_word' id='word_1_306' title='bbox 498 3523 637 3584; x_wconf 82' lang='lat' dir='ltr'>lauream</span> <span class='ocrx_word' id='word_1_307' title='bbox 657 3523 770 3584; x_wconf 80' lang='lat' dir='ltr'>merito</span> <span class='ocrx_word' id='word_1_308' title='bbox 782 3525 818 3582; x_wconf 82' lang='lat' dir='ltr'>et</span> <span class='ocrx_word' id='word_1_309' title='bbox 834 3520 1003 3580; x_wconf 65' lang='lat' dir='ltr'>iucundae</span> <span class='ocrx_word' id='word_1_310' title='bbox 1014 3515 1085 3567; x_wconf 58' lang='lat' dir='ltr'>&#39;xia-</span> 
     </span>
    </p>
   </div>
   <div class='ocr_carea' id='block_1_8' title="bbox 0 0 1182 3870">
    <p class='ocr_par' dir='ltr' id='par_1_13' title="bbox 0 0 1182 3870">
     <span class='ocr_line' id='line_1_39' title="bbox 0 0 1182 3870; baseline 0 4"><span class='ocrx_word' id='word_1_311' title='bbox 0 0 1182 3870; x_wconf 95' lang='lat' dir='ltr'> </span> 
     </span>
    </p>
   </div>
  </div>
 </body>
</html>
