2356 3870
464 239 659 300 purcravio.
976 246 1025 302 Vll

93 410 208 483 subegit
225 408 325 477 Quarto
337 422 417 468 anno,
428 406 555 480 Pompelo
570 404 786 468 etCrassocoss.‚
800 403 1030 479 imperioabanuo

92 492 157 549 bCC.
173 491 207 547 ad
221 507 244 546 a.
258 488 347 545 cccv.
363 496 524 562 prorogato,
539 489 652 562 pecunia
665 487 773 561 publica
786 495 815 543 et
828 486 920 545 decem
933 486 1030 560 legatis

92 575 222 635 decretis,
247 573 364 644 primum
385 571 508 644 Usipetes
533 577 561 625 et
575 571 720 626 Tencteros
741 569 900 632 Germanos.
926 568 1030 631 deiude,

91 663 235 729 postquam
243 654 362 711 Rhenum
373 653 479 709 transiit
492 659 519 707 et
529 653 670 708 Britannos
681 651 786 708 duobus
797 651 906 725 proeliis
920 650 1030 725 lugarit,
1127 656 1129 661 ’

93 739 210 794 Morinos
231 738 342 798 devicit,
372 735 552 807 Menapiorum
572 733 639 789 linea
662 734 783 790 vastavit.
822 736 899 791 huno
926 734 1030 807 quinto.

93 819 169 880 occ,
184 835 239 892 quo
253 817 348 874 eodem
362 817 427 873 iulia
440 816 495 872 iilia
508 831 602 872 mense
615 815 766 889 Septembri
780 823 956 878 mortuaest,
976 816 1031 888 pri·

92 917 164 956 mum
179 901 212 958 ab
220 901 338 956 hibernis
353 901 381 954 iu
395 898 510 960 ltaliam,
525 898 619 955 deinde
636 900 664 953 in
678 898 813 972 illyricum
827 897 965 970 proiectus
980 905 1030 959 est,

93 991 150 1037 tuna
160 984 284 1038 'lreeeris
295 982 449 1053 Aeduisque
466 981 568 1054 pacatis
584 981 681 1036 iterum
698 981 725 1035 in
736 980 898 1036 Britanniam
912 980 1030 1042 traiecit;

93 1063 130 1119 ibi
145 1063 304 1136 quibusdam
319 1063 445 1136 gentibus
462 1063 572 1118 devictis
593 1063 622 1117 in
637 1061 746 1118 Galliam
765 1077 889 1118 reversus
909 1076 1031 1133 magnam

95 1145 195 1200 cladem
208 1147 312 1214 accepit
326 1145 358 1200 ab
372 1143 556 1206 Eburonibus,
570 1145 629 1217 ipse
642 1144 753 1199 Nervios
768 1158 828 1200 cum
847 1143 889 1198 his
905 1149 932 1198 et
945 1141 1028 1198 Adua-

93 1227 163 1282 tucis
174 1224 342 1298 profligavit,
357 1227 422 1279 item
436 1226 488 1279 hoc
502 1240 571 1279 anno
587 1232 614 1279 ct
627 1227 690 1279 anni
703 1227 842 1298 sequentis
857 1226 933 1281 initio
948 1223 1032 1280 Seno·

94 1323 141 1363 nes
153 1314 181 1362 st
191 1306 322 1361 'lreveros
335 1305 447 1378 pacarit.
467 1307 543 1361 ilnno
558 1311 635 1361 sento
645 1305 753 1377 legione
764 1307 912 1376 aPompelo
924 1312 1031 1377 accepta

93 1390 191 1443 iterum
204 1387 324 1443 Rhenum
334 1388 456 1450 transiit,
470 1386 551 1460 paulo
565 1394 629 1459 post
638 1386 792 1443 Eburonum
802 1385 899 1442 finibus
914 1385 1032 1442 deaasta-

93 1472 129 1523 tis
143 1470 172 1523 in
182 1468 285 1524 ltaliam
296 1470 416 1525 revertit.
428 1471 504 1524 duno
516 1470 631 1541 septimo
638 1468 954 1541 GallosVerolngetorige
965 1467 1031 1524 duce

94 1551 181 1606 denuo
201 1550 377 1612 rebellantes,
398 1558 540 1623 postquam
560 1550 593 1606 ad
613 1550 770 1623 Gergoviam
789 1566 912 1623 maguam
931 1550 1032 1607 cladem

94 1634 211 1705 accepit.
233 1631 266 1686 ad
280 1627 394 1688 Alesiam
414 1631 519 1687 devicit.
548 1635 625 1687 Anno
646 1640 740 1688 octavo
762 1648 807 1688 eas
822 1640 917 1704 gentes
932 1632 1032 1689 Galliae

93 1714 203 1774 devicit,
225 1729 292 1785 quac
306 1713 425 1768 nondum
443 1719 553 1786 pacatae
568 1721 656 1776 erant,
679 1715 795 1786 primum
808 1715 955 1787 bituriges.
970 1714 1032 1770 ilar·

93 1801 186 1855 nutes,
200 1793 372 1856 Bellovacos,
387 1794 482 1850 deinde
495 1794 650 1851 Eburonum
664 1793 762 1850 tinibus
776 1797 874 1851 iterum
888 1796 1031 1852 devastatis

92 1876 191 1937 Andes,
205 1874 369 1932 Uxelloduno
385 1883 536 1948 expugnato
551 1878 679 1933 Treveros
694 1885 721 1934 et
735 1879 892 1950 Aquitanos,
907 1878 1030 1952 denique.

92 1958 156 2012 dum
170 1955 318 2030 paullisper
329 1959 358 2012 in
371 1957 511 2014 Provincia
527 1965 646 2015 moratus
665 1961 694 2015 ln
707 1959 801 2032 Belgio
821 1960 935 2021 hiemat.
955 1963 1032 2016 Atre·

92 2038 177 2095 batos.
205 2038 280 2095 Nono
295 2040 411 2112 denique
425 2055 494 2097 anno
509 2039 605 2097 Caesar
618 2042 782 2098 humanitate
796 2043 825 2097 iu
839 2041 957 2098 devictos
972 2041 1030 2097 Gal·

92 2121 145 2176 liae
158 2121 276 2194 populos
296 2137 361 2177 usus
375 2121 495 2178 hibernis
516 2124 633 2194 peractis
653 2125 681 2179 lu
695 2123 798 2179 ltaliam
817 2125 930 2180 revertit
949 2131 1031 2196 atque

93 2202 195 2275 ubique
209 2205 318 2259 summis
332 2204 479 2261 honoribus
493 2213 618 2278 acceptus
632 2213 688 2270 est;
703 2205 798 2262 deinde
813 2221 918 2262 omnem
932 2207 1031 2262 enerci-

93 2291 151 2340 tum
165 2283 304 2340 infinibus
319 2287 495 2342 Treverorum
509 2285 640 2343 lustravit.

155 2367 252 2422 Romae
272 2368 378 2423 interim
398 2386 421 2424 a.
442 2368 531 2425 beuti.
566 2371 724 2442 Pompeius,
745 2386 815 2426 anno
830 2377 893 2443 post
906 2368 938 2425 ll.
954 2369 1030 2425 Glau-

93 2447 312 2512 diusllareelius,
326 2457 442 2522 uterque
457 2450 567 2514 consul,
582 2468 641 2508 cum
659 2451 764 2508 Caesari
778 2466 935 2510 concessum
950 2458 1030 2515 esset,

94 2535 124 2583 nt
138 2528 233 2586 absens
248 2532 416 2588 consulatum
430 2539 549 2606 peteret.
564 2532 694 2596 tulerant,
708 2550 743 2590 ne
758 2533 875 2590 absentis
892 2534 962 2590 ratio
984 2532 1032 2588 ha·

93 2610 216 2676 berctum
235 2611 307 2669 bello
322 2613 421 2670 Gallico
437 2616 585 2688 composito
599 2615 708 2688 Pompei
728 2616 806 2672 amici
820 2615 980 2678 olfecerunt,
1001 2623 1029 2672 ut

93 2692 198 2748 Caesari
213 2693 281 2750 duae
294 2695 416 2768 legiones
431 2697 599 2768 eriperentur
612 2697 792 2770 Pompeioque
806 2697 975 2755 adderentur.

154 2775 229 2831 Anno
250 2779 374 2849 sequenti
387 2779 487 2833 exarsit
499 2778 598 2836 bellum
613 2779 702 2840 civile.
722 2779 795 2852 quod
808 2786 915 2853 gestum
930 2787 972 2836 est
986 2795 1030 2836 an·

25 2848 30 2857 '
94 2858 136 2911 nis
150 2857 237 2914 bGGV.
253 2865 281 2913 et
295 2858 394 2915 boeti.
424 2859 477 2915 Cal.
491 2861 545 2916 lan.
561 2877 584 2916 a.
599 2860 687 2916 bGCV.
709 2877 768 2917 cum
787 2877 803 2916 a
822 2861 921 2918 Senatu
939 2861 1030 2918 decre·

94 2946 150 2992 tum
166 2947 251 3002 esset.
272 2942 312 2995 uti
327 2948 389 2998 aute
406 2948 504 2998 certam
521 2943 589 2998 diem
605 2942 700 2998 Caesar
715 2945 858 2999 exercitum
875 2944 1030 3006 dimitteret,

93 3019 190 3076 Caesar
210 3028 318 3077 senatus
345 3022 470 3079 consulto
495 3040 550 3080 non
571 3023 757 3097 obtemperans
782 3024 946 3099 paulopost
970 3042 1031 3082 cum

93 3101 155 3157 lilli.
171 3101 278 3176 legione
292 3104 454 3161 Rubiconem
468 3107 576 3163 transiit
587 3113 614 3162 et
627 3107 774 3162 Ariminum
784 3110 929 3165 contendit
954 3109 1030 3165 Pom·

93 3184 170 3248 peius
189 3185 254 3258 luga
273 3201 302 3242 se
322 3188 348 3242 ei
362 3187 487 3243 subduxit
505 3196 587 3261 atque
601 3188 736 3244 Graeciam
755 3191 846 3263 petiit;
867 3207 946 3264 quem
967 3191 1029 3246 Cac-

92 3280 138 3319 sar
156 3265 242 3322 classe
260 3275 433 3340 persecutus,
459 3285 518 3325 cum
539 3286 607 3325 anuo
626 3271 748 3343 proximo
770 3273 879 3328 ineunte
898 3273 929 3328 ad
944 3273 1029 3346 lllyri-

93 3362 152 3403 cum
172 3349 333 3422 appulisset,
359 3366 444 3424 prope
458 3351 629 3426 Dyrrachium
649 3351 770 3416 obsedit,
791 3354 839 3410 sed
862 3355 987 3428 repulsus
1001 3356 1028 3411 ln

93 3428 255 3488 Thessaliam
270 3449 299 3488 se
314 3435 424 3507 recepit
445 3433 503 3503 Quo
519 3451 579 3491 cum
592 3434 736 3511 Pompeius
750 3451 814 3494 cum
826 3444 940 3496 secutm
953 3445 1041 3497 casei.
