2356 3870
273 216 372 274 corni.
389 218 440 274 Vll.
464 218 532 274 CAP.
549 219 795 275 invni-lxxiii.
968 227 1028 285 lae

65 384 193 460 quisquo
209 400 312 442 eorum
324 383 467 442 civitatem
485 382 570 442 adeat
585 400 756 459 omnesque,
774 385 825 460 qui
836 402 890 462 per
902 395 1028 447 aetatem

65 485 148 528 arma
162 467 243 526 lerre
258 468 383 544 possint,
400 466 436 526 ad
451 464 562 526 bellum
576 475 690 543 cogant.
723 468 781 527 Sua
797 469 827 527 in
842 468 908 528 illos
924 473 1028 530 merita
1045 477 1060 527 a

64 552 206 631 proponit
221 548 455 625 obtestaturque,
472 560 506 608 ut
520 568 590 610 suae
606 550 709 610 salutis
730 553 875 612 rationem
890 553 1026 623 habeant,

64 653 123 695 neu
141 653 173 693 se
189 636 299 712 optime
311 635 347 692 de
364 635 513 693 communi
533 633 671 694 libertate
693 638 833 696 meritum
848 636 982 698 hostibus
997 641 1028 698 in

64 720 229 781 cruciatum
245 717 361 777 dedant.
395 718 479 788 Quod
500 720 526 777 si
545 718 779 795 indiligentiores
799 721 925 790 luerint,
947 722 1025 781 milia

64 803 219 863 bominum
235 800 348 860 delecta
364 805 513 877 octoginta
528 820 587 862 una
608 821 709 862 secum
732 805 890 864 interitura
905 807 1027 866 demon·

63 896 149 951 strat.
177 888 300 946 Ratione
312 888 383 945 inita
398 905 430 945 se
446 888 551 962 exigue
563 887 679 947 dierum
693 908 756 947 xxx
770 886 881 967 babere
896 890 1027 949 irumen·
1042 899 1061 947 4

63 985 138 1038 tum,
155 971 207 1029 sed
223 969 311 1047 paulo
322 972 409 1030 etiam
426 969 543 1047 longius
554 970 677 1030 tolerari
691 989 779 1049 posse
789 972 948 1049 parcendo.
976 974 1059 1033 Iliso

64 1054 308 1131 datismandatis,
326 1070 381 1129 qua
394 1072 469 1132 opus
484 1062 548 1114 erat
558 1056 770 1124 intermissum,
787 1056 916 1117 secunda
931 1058 1028 1134 vigilia

63 1139 182 1199 silentio
199 1140 363 1214 equitatum
379 1141 476 1198 mittit.
508 1139 703 1198 Frumentum
719 1158 807 1200 omne
822 1141 857 1200 ad
873 1159 905 1200 se
920 1143 1029 1201 referri
1042 1148 1059 1194 θ

63 1223 160 1291 iubet,
184 1224 287 1300 capitis
302 1240 428 1300 poenam
445 1224 494 1288 iis,
518 1225 643 1297 quinon
664 1227 835 1301 paruerint,
857 1227 1025 1286 constituit·

63 1325 173 1387 pecus,
189 1308 272 1366 cuius
287 1323 392 1382 magna
405 1315 469 1365 erat
483 1309 567 1382 copia
579 1306 616 1366 ab
628 1307 795 1367 Mandubiis
807 1309 968 1387 compulsa,
984 1312 1026 1368 vi·
1043 1317 1058 1365 ⁷

63 1393 144 1452 ritim
159 1389 323 1459 distribuit,
345 1391 528 1450 trumentum
549 1408 639 1469 parce
661 1400 690 1451 et
705 1392 846 1469 paulatim
868 1395 967 1453 metiri
980 1395 1025 1454 in-

63 1476 169 1535 stituit.
207 1475 312 1553 Copias
334 1492 451 1542 omues,
475 1490 549 1550 quas
568 1493 623 1552 pro
645 1476 753 1554 oppido
776 1476 979 1547 collocaverat,
995 1479 1058 1538 ins

64 1559 206 1639 oppidum
221 1559 343 1636 recepit.
376 1559 428 1618 llis
443 1557 608 1618 rationibus
623 1559 729 1620 auxilia
745 1559 855 1621 Galliae
871 1567 1058 1640 expectaret

64 1654 93 1703 ct
108 1642 220 1703 bellum
235 1651 320 1722 parat
335 1642 551 1702 administrare.

126 1726 240 1787 LXXII.
272 1726 386 1797 Quibus
402 1726 492 1786 rebus
508 1727 633 1802 cognitis
648 1745 684 1785 ex
699 1729 834 1804 perfugis
854 1739 884 1788 et
905 1730 1026 1808 captivis
1041 1737 1055 1787 1
1101 1791 1104 1798 ,

63 1813 171 1874 Caesar
186 1811 259 1870 baec
280 1828 390 1887 genera
410 1812 582 1870 munitionis
600 1811 736 1870 instituit.
772 1812 895 1873 Fossam
916 1813 1026 1891 pedum

62 1897 167 1974 viginti
189 1895 310 1955 directis
331 1894 474 1955 lateribus
490 1894 588 1962 duxit,
611 1902 645 1953 ut
659 1896 722 1954 eius
737 1895 834 1956 fossae
849 1896 946 1957 solum
960 1904 1024 1957 tan·

63 1979 186 2040 tundem
201 1986 328 2057 pateret,
344 1986 487 2055 quantum
503 1996 636 2039 summae
655 1980 753 2039 lossao
773 1979 855 2041 labra
870 1980 1024 2041 distarem.
1109 2030 1112 2037 ,

62 2063 203 2140 Reliquas
218 2081 321 2123 omnes
336 2065 516 2124 munitiones
531 2063 567 2122 ab
580 2081 613 2122 ea
629 2064 707 2123 lossa
718 2062 810 2142 pedes
826 2063 1025 2142 quadringen·
1041 2071 1058 2120 2

63 2157 111 2209 tos
125 2149 253 2216 reduxit,
270 2147 300 2206 id
316 2146 372 2207 hoc
387 2146 520 2216 consilio,
543 2149 682 2224 quoniam
698 2154 813 2209 tantum
828 2159 907 2209 esset
921 2167 1026 2210 neces·

63 2233 142 2292 sario
157 2231 463 2310 spatium-conplexus
483 2249 540 2291 nec
559 2231 647 2291 lacile
666 2238 762 2292 totum
784 2250 895 2311 corpus
916 2251 1027 2294 corona

62 2315 189 2376 militum
202 2318 382 2392 cingeretur,
399 2315 483 2375 nede
497 2317 648 2394 inproviso
663 2323 715 2375 aut
728 2323 818 2377 noctu
834 2316 869 2376 ad
885 2319 1025 2378 munitio-

62 2419 117 2460 nes
124 2398 255 2460 hostium
262 2398 420 2460 multitudo
426 2399 586 2468 advolaret,
600 2406 651 2459 aut
661 2399 793 2460 Interdiu
805 2400 900 2461 telain
906 2409 1027 2461 nostros

62 2485 149 2564 operi
163 2485 325 2544 destinatos
346 2486 483 2544 conicere
503 2491 634 2562 possent.
664 2484 727 2543 Hoc
746 2486 916 2544 intermisso
931 2487 1058 2563 spatiott

62 2569 137 2629 duas
152 2569 246 2628 lossas
259 2569 427 2644 quindecim
438 2567 530 2646 pedes
545 2568 617 2627 latas
633 2567 736 2628 eadem
744 2568 899 2628 altitudine
913 2568 1024 2647 perdu-

62 2655 120 2720 xit:
135 2670 260 2728 quarum
272 2654 446 2713 interiorem
454 2651 669 2730 campestribus
680 2671 714 2712 ac
725 2654 860 2712 demissis
871 2652 944 2713 locis
951 2669 1026 2728 aqua

63 2755 99 2796 ex
114 2735 236 2796 llumine
251 2735 381 2797 derivata
388 2735 545 2814 conplevit·
566 2737 636 2797 Post
651 2754 700 2796 eas
715 2754 854 2814 aggerem
870 2755 904 2796 ac
918 2737 1058 2797 vallum

61 2840 109 2882 111
123 2820 233 2898 pedum
247 2823 385 2881 extruxit.
413 2820 489 2880 Huic
503 2819 625 2880 loricam
637 2823 801 2898 pinnasque
816 2821 924 2880 adiecit
937 2839 1025 2896 gran·

62 2904 149 2964 dibus
164 2906 260 2965 cervis
272 2905 470 2965 eminentibus
482 2903 519 2963 ad
530 2905 739 2964 commissuras
750 2906 922 2984 pluteorum
937 2913 1026 2982 atque

62 2990 194 3065 aggeris,
218 2990 269 3065 qui
290 3007 446 3049 ascensum
467 2987 597 3048 bostium
612 2988 781 3060 tardarent,
805 2999 834 3049 et
848 2999 948 3050 turres
964 2997 1025 3050 toto

62 3090 154 3150 opere
170 3072 375 3141 circumdedit,
393 3090 467 3149 quae
483 3072 577 3151 pedes
590 3093 673 3134 cxxx
687 3075 765 3133 iuter
780 3092 812 3133 se
828 3073 981 3134 distarent.

125 3156 252 3217 Lxxln.
283 3158 354 3218 Erat
370 3158 474 3217 eodem
486 3163 621 3235 tempore
638 3165 667 3217 et
681 3160 831 3219 materiari
847 3167 876 3216 et
891 3160 1023 3217 frumen·
1042 3162 1055 3212 t

61 3242 119 3300 tarl
141 3248 170 3300 et
192 3248 288 3301 tantas
307 3243 487 3302 munitiones
508 3243 573 3301 lieri
593 3260 714 3301 necesse
737 3242 895 3301 deminutis
915 3243 1025 3301 uostris

62 3324 164 3403 copils,
182 3343 257 3402 quae
273 3326 390 3402 longius
411 3325 447 3386 ab
469 3328 573 3386 castris
594 3325 878 3403 progrediebantur;
900 3343 935 3385 ac
950 3343 1023 3384 non·

62 3427 224 3486 numquam
244 3428 335 3488 opera
357 3419 457 3470 nostra
473 3409 549 3469 Galli
564 3417 710 3487 temptare
731 3418 819 3485 atque
836 3411 1025 3486 eruptionem

63 3512 99 3552 ex
114 3494 222 3571 oppido
240 3495 380 3571 pluribus
397 3495 495 3574 portis
517 3512 635 3557 summa
654 3496 686 3557 ri
704 3495 810 3558 lacere
839 3491 1045 3555 conabamur.
