2356 3870
328 267 338 279 ,.
349 212 449 268 conii.
466 212 517 267 Vll.
534 213 604 268 cin
620 213 780 268 Lvl-Lxl.
969 213 1030 276 153

67 389 97 442 et
110 376 250 441 secundo>
259 376 381 437 flumine
396 375 431 435 ad
444 375 590 436 Lutetiam
601 377 658 435 iter
673 378 771 438 lacere
787 381 892 457 coepit.
923 377 1031 439 Hostes
1044 383 1060 436 t

67 483 100 526 re
119 463 238 540 cognita
259 459 296 521 ab
320 461 372 528 iis,
400 461 452 536 qni
475 459 801 538 lletiosedofugerant,
824 455 970 522 Lutetiam
984 464 1029 522 in·

67 547 152 608 cendi
167 553 335 625 pontesque
350 545 414 604 eius
429 544 530 622 oppidi
543 543 673 603 rescindi
687 544 805 612 iubent:
827 547 885 625 ipsi
904 547 1030 625 proiecti

67 651 82 692 a
95 630 205 710 palude
220 629 258 690 ad
277 630 358 707 ripas
373 629 528 705 Sequanae
544 629 693 705 eregione
707 629 841 690 Lutetiae
857 637 960 691 contra
974 630 1030 692 La·

66 715 145 776 bieni
161 721 258 774 castra
274 712 440 773 considunt.
539 738 541 740 ·

126 798 241 860 LVlllL
273 797 334 858 lam
350 797 457 858 Caesar
472 795 645 874 aGergovia
660 796 832 856 discessisse
846 797 1029 869 audiebatur,
1047 806 1070 858 1·

65 887 122 945 iam
137 883 176 943 de
192 881 363 943 Aeduorum
379 882 545 941 delectione
565 887 595 940 et
610 879 740 940 secundo
756 879 866 940 Galliae
882 889 964 941 motu
978 901 1029 943 ru·

65 965 394 1034 moresadlerebantur,
404 963 538 1041 Gallique
552 966 583 1024 in
596 963 761 1039 conloquiis
772 964 968 1025 interclusum
982 967 1030 1025 iti·

65 1069 137 1113 nere
160 1058 191 1111 et
211 1049 309 1127 Ligeri
325 1049 481 1110 Gaesarem
496 1049 595 1126 inopia
609 1049 750 1108 frumenti
766 1055 900 1109 coactum
915 1051 946 1109 in
960 1068 1031 1128 pro·

64 1137 192 1196 vinciam
214 1133 402 1193 contendisse
423 1131 646 1193 confirmabant.
686 1131 833 1192 Bellovaci
859 1141 958 1193 autem
979 1134 1062 1194 de·2

64 1221 196 1280 lectione
222 1218 393 1278 Aeduorum
419 1217 553 1294 cognita,
576 1218 627 1292 qni
646 1218 704 1276 iam
726 1223 794 1276 ante
815 1223 899 1277 erant
918 1235 974 1296 per
999 1221 1032 1279 ie

64 1302 210 1370 infideles,
226 1320 332 1362 manus
347 1319 455 1378 cogere
467 1307 556 1376 atque
571 1307 673 1378 aperte
684 1299 795 1361 bellum
807 1319 913 1379 parare
925 1319 1031 1380 coepe·

65 1394 145 1449 erint.
188 1386 265 1446 Tum
286 1384 435 1445 Labienus
457 1391 537 1444 tanta
563 1402 665 1444 rerum
686 1387 916 1446 commutatione
943 1385 1063 1464 longe3

65 1471 145 1532 eliud
160 1469 218 1530 sibi
233 1469 408 1548 capiendum
425 1468 589 1536 consilium,
607 1476 695 1543 atque
716 1477 802 1528 antea
824 1477 968 1538 senserat,
984 1472 1029 1531 in·

65 1553 243 1632 tellegebat,
266 1570 364 1630 neque
386 1555 460 1622 iam,
484 1559 517 1612 ut
537 1551 646 1629 aliquid
663 1552 835 1628 adquireret
859 1554 1064 1633 proelioquet

65 1639 168 1700 hostes
183 1637 352 1706 lacesseret,
369 1638 421 1697 sed
435 1644 469 1697 ut
479 1635 658 1697 incolumem
675 1639 838 1696 exercitum
850 1636 1031 1714 Agedincum

65 1723 235 1790 reduceret,
252 1721 408 1799 cogitabat.
448 1721 581 1796 Namque
604 1719 696 1780 altera
718 1738 753 1780 ex
774 1729 859 1798 parte
875 1720 1062 1789 Bellovacio

65 1825 143 1885 quae
159 1808 260 1866 civitas
280 1808 311 1866 in
332 1804 425 1866 Gallia
439 1806 596 1865 maximam
612 1803 702 1864 babet
718 1805 889 1882 opinionem
904 1806 1031 1872 virtutis,

66 1890 232 1980 instabaqt,
255 1889 378 1950 alteram
400 1890 746 1967 Camulogenusparato
772 1895 861 1965 atque
886 1890 1032 1948 instructo

69 1976 203 2036 exercitu
218 1973 354 2041 tenebat;
372 1981 435 2034 tum
450 1973 582 2050 legiones
597 1992 612 2033 a
627 1972 776 2050 praesidio
797 1980 885 2050 atque
905 1972 1030 2051 impedi-

69 2061 176 2121 mentis
191 2057 367 2119 interclusas
377 2058 537 2118 maximum
549 2056 659 2117 llumen
672 2055 839 2118 distinebat.
869 2057 972 2117 Tantis
983 2075 1033 2118 su·
1047 2063 1065 2115 ο

68 2143 130 2204 bito
147 2142 368 2203 difficultatibus
389 2140 513 2202 obiectis
533 2140 569 2202 ab
591 2142 681 2203 mimi
700 2143 809 2202 virtute
825 2140 966 2202 auxilium
980 2159 1032 2221 pe·

16 2276 34 2303 ,.
68 2227 193 2288 tendum
207 2226 334 2287 videbat.

132 2310 192 2371 LX.
224 2309 286 2370 Sub
300 2327 459 2389 vesperum
475 2311 597 2370 consilio
613 2318 783 2379 convocato,
800 2308 982 2376 cohortatus,
999 2314 1033 2367 ut
1049 2313 1062 2365 l

70 2414 111 2465 ea,
122 2396 391 2473 quaeimperasset,
404 2394 561 2472 diligenter
567 2395 773 2471 industrieque
781 2394 1031 2461 administrarent,

69 2497 167 2548 naves,
185 2495 258 2555 quas
272 2478 434 2539 Metiosedo
456 2478 628 2547 deduxerat,
651 2478 782 2556 singulas
803 2477 953 2553 equitibus
973 2475 1032 2535 Ro·

69 2565 163 2624 menis
177 2561 320 2622 adtribuit
334 2570 364 2622 et
374 2564 470 2640 prima
482 2565 614 2623 conlecta
625 2562 722 2639 vigilia
735 2582 786 2623 1111
797 2560 876 2621 milia
891 2577 1034 2639 passuum
1066 2550 1082 2571 “

68 2645 201 2709 secundo
212 2645 457 2706 lluminesilentio
469 2647 610 2726 progredi
621 2646 722 2723 ibique
733 2665 765 2707 se
778 2647 927 2724 expectari
939 2642 1031 2704 iubet.

69 2732 207 2808 Quinque
219 2729 366 2800 cobortes,
383 2747 456 2808 quas
468 2733 589 2791 minime
600 2731 700 2791 firmas
708 2731 743 2790 ad
756 2729 954 2790 dimicandum
967 2744 1033 2787 esse
1048 2734 1065 2783 2

69 2815 265 2883 existimabat,
283 2816 387 2875 castris
402 2815 551 2895 praesidio
572 2814 729 2892 relinquit:
753 2816 884 2890 quinque
900 2811 1062 2877 eiusdemi

68 2899 194 2978 legionis
208 2898 339 2976 reliquas
350 2897 387 2959 de
399 2898 495 2959 media
508 2905 595 2960 nocte
611 2917 678 2959 curn
690 2896 826 2957 omnibns
837 2894 1032 2975 impedimen·

67 2986 105 3044 tis
130 2983 257 3044 adverso
283 2982 406 3044 llumine
430 3001 537 3061 magno
564 2981 693 3043 tumultu
718 2982 867 3060 proficisci
894 2982 1031 3059 imperat.

68 3068 225 3145 Conquirit
241 3068 329 3128 etiam
344 3067 462 3136 lintres;
480 3067 533 3129 bas
547 3084 654 3144 magno
670 3068 770 3127 sonitu
784 3084 936 3126 remorum
957 3065 1030 3125 inci·
1048 3071 1065 3119 4

68 3159 143 3213 tatas
168 3153 200 3212 in
227 3150 351 3212 eandem
378 3160 492 3232 partem
508 3153 606 3212 mittit.
649 3151 716 3229 lpse
732 3158 799 3229 post
813 3149 901 3230 paulo
916 3149 1033 3210 silentio

67 3254 209 3315 egressus
225 3253 292 3296 cum
307 3236 404 3297 tribus
419 3235 587 3314 legionibus
602 3253 670 3295 eum
685 3234 783 3296 locum
798 3237 888 3315 petit,
906 3250 965 3310 quo
980 3251 1032 3293 na·

66 3338 117 3382 ves
133 3318 246 3400 appelli
260 3321 399 3382 iusserat.

130 3403 204 3466 Llll.
237 3404 279 3464 Eo
295 3423 363 3466 cum
379 3412 457 3466 esset
471 3412 606 3472 ventum,
629 3402 832 3483 exploratores
846 3401 990 3466 hostium,
1002 3402 1069 3458 uti

65 3490 150 3552 omui
164 3489 295 3550 numnis
303 3497 393 3569 parte
402 3497 486 3552 erant
501 3489 648 3574 dispositi,
664 3490 876 3576 inopinantes,
890 3485 977 3568 quod
987 3498 1054 3543 ma·
