2356 3870
184 191 223 255 16
498 195 546 248 DE
567 192 681 248 BELLO
706 187 814 248 civiti

182 369 215 424 ut
229 361 336 431 vallum
351 380 471 422 caecum
492 361 646 440 fossasque
661 366 798 430 caveant,
820 357 985 420 subsistunt
1001 364 1031 418 et
1050 358 1140 436 longo

182 449 288 525 itinere
304 445 341 507 ab
356 446 404 506 bis
419 445 614 513 circumducti
628 444 665 506 ad
680 452 799 524 portum
815 445 993 523 perveniunt
1008 442 1139 522 duasque

181 548 270 592 naves
285 548 352 591 cum
366 529 521 600 militibus,
538 548 614 609 quae
630 529 667 590 ad
681 528 774 590 moles
787 528 921 589 Caesaris
933 526 1138 597 adhaeserant,

182 613 300 692 scaphis
312 613 510 694 lintribusque
523 613 757 692 reprehendunt,
767 613 966 692 reprehensas
974 613 1137 690 cchpiuut.

156 706 171 756 1
246 698 387 767 XXVIIII.
424 697 546 768 Caesar,
576 700 633 758 etsi
654 697 690 758 ad
716 716 800 776 spem
825 696 1001 757 conficiendi
1026 698 1138 773 negotii

179 783 307 863 maxime
327 781 472 862 probabat
493 785 603 842 coactis
617 780 743 843 naribus
757 799 840 841 mare
854 782 984 842 transIre
1002 786 1032 840 et
1051 781 1136 840 Porn-

180 868 281 947 peium
301 869 401 947 sequi,
428 869 602 946 priusquam
628 866 677 926 ille
699 883 765 927 sese
791 867 998 926 transmarinis
1017 864 1138 925 auxiliis

180 951 382 1021 confirmaret,
404 957 503 1012 tamen
518 953 583 1010 eius
598 952 644 1010 rei
664 968 777 1009 moram
797 951 1001 1029 temporisque
1020 949 1137 1026 longin-

179 1037 322 1114 quItatem
343 1034 483 1104 timebat,
509 1034 587 1114 quod
615 1033 752 1094 omnibus
773 1036 883 1094 coactis
904 1032 1030 1095 navibus
1049 1033 1136 1093 Pom-

179 1121 266 1196 peius
291 1126 479 1201 praesentem
506 1119 676 1179 facultatem
701 1117 878 1198 Insequendi
902 1120 949 1178 sui
974 1117 1136 1178 ademerat.

152 1201 430 1282 Illelinquebatur,
453 1210 486 1263 ut
506 1221 542 1264 ex
561 1201 819 1283 longInquioribus
838 1200 1011 1278 regionibus
1027 1201 1137 1262 Galliae

179 1287 342 1367 Picenique
355 1294 385 1347 et
400 1289 504 1348 asroto
518 1305 609 1348 naves
623 1295 723 1348 essent
734 1285 944 1365 expectandae.
967 1284 999 1345 ld
1015 1293 1138 1364 propter

153 1373 250 1432 sanni
266 1377 382 1450 tempus
396 1371 516 1448 longum
532 1378 619 1450 atque
636 1371 813 1450 impeditum
827 1368 993 1430 videbatur.
1019 1370 1136 1430 Interea

180 1462 310 1515 veterem
331 1457 511 1525 exercitum,
534 1454 607 1516 duas
626 1455 782 1534 HispanIas
804 1455 989 1524 confirmari,
1011 1473 1137 1534 quarum

179 1546 244 1599 erat
259 1539 351 1600 altera
371 1540 509 1600 maximis
529 1537 821 1618 beneflciissPompei
842 1538 993 1607 devincta,
1017 1539 1135 1608 anullia,

179 1625 341 1702 equitatum
354 1625 466 1702 parari,
484 1622 608 1686 Galliam
622 1622 795 1702 Italiamque
810 1623 950 1701 temptari
965 1640 997 1682 se
1013 1621 1136 1683 absente

178 1706 307 1768 nolebat.

153 1798 167 1847 1
241 1791 332 1855 XXX.
368 1791 470 1871 Itaque
493 1792 712 1871 inpraesentia
734 1791 856 1870 Pompei
881 1790 1025 1870 sequendi
1045 1793 1136 1851 ratIo·

178 1893 247 1936 nem
262 1877 383 1945 omittit,
398 1878 428 1935 in
443 1875 615 1955 Hispaniam
632 1876 780 1955 prolicisci
790 1877 954 1945 constituit,
971 1875 1136 1935 duuvaris

177 1961 409 2038 municipiorum
437 1962 570 2019 omnium
598 1961 741 2037 imperat,
777 1965 810 2019 ut
837 1977 927 2019 nares
956 1961 1135 2036 conquirant

151 2043 429 2123 rer-undarumque
445 2043 633 2104 deducendas
652 2051 767 2104 curent.
803 2043 893 2103 Mittit
913 2045 945 2102 in
966 2043 1133 2103 Sardiniam

177 2144 245 2187 cum
259 2127 375 2204 legione
391 2145 449 2188 una
464 2127 612 2187 ValcrIum
626 2127 765 2204 legatum,
781 2129 813 2188 In
828 2127 961 2189 Siciliam
976 2127 1134 2188 Curionem

176 2229 232 2288 pro
253 2217 391 2289 praetore
412 2229 480 2272 cum
500 2210 669 2289 legionibus
683 2224 724 2282 11;
746 2211 890 2282 eundem,
917 2230 984 2272 cum
1002 2211 1134 2273 SIciliam

176 2295 347 2373 recepisset,
364 2295 500 2374 protinus
511 2297 541 2355 in
554 2295 684 2356 Africam
695 2296 853 2356 traducere
865 2299 1030 2357 exercitum
1041 2296 1132 2357 iubet.

178 2378 345 2440 Sardiniam
360 2378 514 2440 obtinebat
528 2379 566 2440 M.
583 2380 682 2451 Cotta,
699 2379 832 2440 Siciliam
845 2379 884 2440 Μ.
901 2378 987 2450 Cato;
1003 2380 1134 2441 Africam

149 2467 257 2523 asorte
272 2461 391 2524 Tubero
413 2463 547 2524 othnere
569 2461 706 2525 debebat.
737 2462 915 2534 Caralitani,
935 2465 1023 2526 simrd
1044 2464 1079 2525 ad
1102 2484 1133 2525 se

175 2545 325 2607 Valerium
340 2549 418 2613 mitti
434 2548 607 2618 audierunt,
623 2547 755 2609 nondum
770 2549 904 2627 prolecto
919 2567 953 2608 ex
969 2547 1064 2619 ltalia,
1081 2568 1132 2610 sua

175 2639 280 2708 sponte
296 2631 410 2692 Cottam
425 2651 460 2691 ex
482 2630 590 2711 oppido
610 2634 732 2694 eiciunt.
766 2632 821 2694 Illo
836 2634 1030 2713 perterritus,
1053 2634 1133 2712 quod

175 2731 292 2776 omnem
306 2717 491 2793 provinciam
503 2717 671 2778 consentire
681 2713 884 2794 intellegebat,
901 2734 937 2777 ex
948 2714 1083 2778 Sardinia
1100 2720 1131 2777 in

147 2799 304 2864 tdlricam
324 2801 468 2878 profugit.
503 2799 574 2862 Cato
599 2801 631 2861 in
652 2800 754 2863 SioiIIa
774 2818 864 2861 naves
888 2799 990 2876 longas
1015 2808 1132 2862 veteres

173 2882 336 2953 reficiebat,
352 2903 442 2945 novas
457 2883 626 2946 civitatibus
640 2884 816 2964 imperabat.
852 2883 931 2946 Haec
947 2901 1052 2962 magno
1068 2895 1130 2947 stu-

174 2966 223 3028 dio
238 2966 352 3042 agebat.
387 2967 421 3031 Iri
442 2969 569 3030 Lucanis
584 2969 768 3050 Bruttiisque
788 2987 842 3049 per
862 2969 976 3047 legatos
999 2987 1068 3030 suos
1088 2972 1129 3029 oi·

173 3053 253 3111 vium
267 3051 466 3114 Romanorum
482 3053 616 3116 delectus
630 3052 773 3125 babebat,
790 3055 922 3133 equitum
937 3052 1129 3133 peditumque

145 3140 161 3190 5
174 3142 288 3194 certum
304 3154 462 3197 numerum
476 3155 493 3197 a
508 3135 678 3217 ciuitathns
693 3137 814 3199 Siclliae
832 3137 978 3215 exigebat.
1014 3134 1129 3208 Quibus

171 3220 262 3280 robus
284 3237 378 3297 paene
400 3220 541 3298 perlectis
555 3220 683 3281 adventu
698 3221 836 3283 Curionis
855 3224 973 3300 cogniio
993 3226 1130 3302 queritur

170 3304 203 3362 in
217 3304 371 3374 contIone,
394 3322 459 3368 sese
474 3306 641 3383 proiectum
656 3323 689 3366 ac
705 3306 854 3383 proditum
869 3325 885 3366 a
907 3306 959 3367 Cn.
975 3305 1127 3386 Pompeio,

171 3388 224 3464 qui
238 3385 375 3452 omnibus
395 3387 486 3448 rebus
506 3391 751 3468 imparatiSSImis·
767 3407 826 3451 non
841 3392 1043 3452 necessarium
1063 3390 1128 3452 bel·

158 3469 227 3530 lum
238 3472 426 3552 suscepisset
442 3479 471 3533 et
486 3469 523 3534 ab
539 3490 570 3533 se
586 3473 769 3558 reliquisque
785 3477 816 3534 in
832 3481 936 3535 senatu
959 3477 1127 3554 interroga·
