2356 3870
271 203 369 260 conor.
385 203 436 259 vu.
453 203 522 282 car.
539 203 819 258 ιιιιιιι-ιιιιιιι,
975 207 1035 268 aaa

77 366 193 429 duabus
208 367 311 426 castris
330 365 477 443 praesidio
499 365 646 442 relinquit
677 365 796 427 Fratres
817 367 956 429 Litavicci
970 385 1037 428 cum

77 449 280 528 conprehendi
290 451 432 518 iussisset,
448 448 536 528 paulo
549 456 617 509 ante
626 451 738 526 reperit
753 450 788 509 ad
803 450 904 512 hostes
914 452 1035 527 fugisse.

76 535 257 596 Adhortatus
271 533 388 600 milites,
405 551 443 592 ne
457 535 636 592 necessario
647 542 781 610 tempore
802 536 916 596 itineris
935 534 1068 595 laboret

75 624 317 697 permoveantur.
334 616 530 694 cupidissimis
542 615 678 676 omnibus
690 633 866 694 progressus
878 618 956 678 milia
969 636 1036 697 pas·

76 720 165 762 suum
181 720 251 768 xxv,
269 717 374 775 agmen
384 699 554 761 Aeduorum
561 702 756 777 conspicatus,
771 703 893 761 inmisso
905 704 1037 779 equitatu

75 786 133 846 iter
150 801 255 844 eorum
269 791 402 842 moratur
422 791 511 859 atque
530 783 644 861 inpedit
662 784 870 860 interdicitque
891 785 1036 852 omnibus,

75 887 113 928 ne
126 883 305 944 quemquam
316 866 501 927 interficiant.
529 865 760 944 Eporedorigem
774 868 1036 936 etViridomarum,
1052 874 1069 924 o

76 967 153 1028 quos
174 949 216 1010 illi
234 951 407 1010 interfectos
429 948 658 1017 existumabant,
686 951 764 1009 inter
785 951 899 1026 equites
925 953 1038 1011 versari

76 1050 209 1110 suosque
221 1028 377 1112 ¹appellare
395 1033 493 1092 iubet..
518 1033 570 1093 His
592 1034 719 1109 cognitis
740 1043 769 1093 et
783 1033 920 1094 Litavicci
934 1034 1070 1095 irauded

75 1124 235 1196 perspecta
248 1117 341 1178 Aedui
356 1134 460 1177 manus
475 1116 612 1184 tendere,
633 1116 813 1177 deditionem
828 1120 993 1194 significare
1008 1125 1039 1178 et
1063 1138 1086 1178 x

75 1202 313 1280 proiectisarmis
324 1207 450 1260 mortem
460 1199 614 1276 deprecari
625 1200 778 1277 incipiunt.
796 1201 958 1262 Litaviccus
971 1219 1039 1261 cum
1053 1207 1066 1256 ι

77 1285 140 1346 suis
156 1283 327 1351 clientibus,
345 1283 452 1359 quibus
472 1301 556 1342 more
571 1281 723 1344 Gallorum
744 1287 826 1344 nefas
842 1293 887 1346 est
902 1288 991 1345 ctiam
1005 1286 1037 1344 in

78 1376 212 1428 extrema
227 1370 345 1426 fortuna
360 1366 499 1426 deserere
514 1373 665 1444 patronos,
683 1366 856 1445 Gorgonem
872 1371 1013 1448 profugit.

141 1449 268 1511 xxxxi.
291 1450 397 1510 Caesar
409 1451 521 1509 nuntiis
535 1450 570 1509 ad
585 1451 732 1511 civitatem
746 1452 916 1513 Aeduorum
931 1454 1037 1519 missis.
1055 1458 1068 1508 1

78 1536 130 1610 qui
145 1553 199 1594 suo
214 1532 355 1592 beneficio
367 1541 556 1592 conservatos
571 1532 722 1602 docerent,
740 1550 814 1610 quos
825 1537 891 1595 iure
906 1534 978 1595 belli
991 1537 1036 1595 in·

78 1619 214 1678 terficere
235 1617 393 1693 potuisset,
420 1615 575 1700 tribusque
597 1616 679 1677 boris
696 1616 820 1696 [noctis]
843 1620 987 1679 exercitui
1001 1617 1037 1678 ad

79 1703 210 1777 quietem
223 1699 298 1758 datis
314 1708 408 1759 castra
423 1700 460 1759 ad
464 1699 649 1797 Gergoviam
664 1704 762 1761 movit.
799 1701 895 1761 Medio
911 1703 975 1762 fere
989 1702 1036 1761 iti·
1052 1707 1069 1754 ²

78 1802 151 1844 nere
167 1785 282 1859 equites
297 1801 312 1841 a
327 1782 417 1842 Fabio
432 1783 524 1851 missi,
542 1792 651 1859 quanto
666 1802 715 1843 res
740 1786 771 1844 in
786 1785 919 1862 periculo
933 1787 1035 1852 fuerit,

79 1876 239 1946 exponmrt.
271 1866 399 1926 Summis
423 1868 515 1944 copiis
530 1876 625 1926 castra
641 1876 808 1950 oppugnata
823 1868 1036 1935 demonstrant,

78 1968 147 2011 cum
161 1949 268 2011 crebro
282 1951 393 2027 integri
406 1949 530 2010 defessis
545 1949 740 2010 succederent
759 1958 938 2027 nostrosque
958 1951 1035 2011 adsi-

79 2040 133 2099 luo
149 2037 252 2098 labore
267 2037 319 2097 def
305 2040 470 2115 fatigarent,
487 2036 592 2132 quibus
606 2045 728 2114 propter
739 2033 972 2112 magnitudinem
983 2051 1032 2093 ca·

76 2132 206 2184 atrorum
216 2130 360 2201 perpetuo
372 2129 448 2182 esset
458 2120 572 2181 isdem
562 2136 595 2179 ιιι
607 2118 682 2179 vallo
694 2117 935 2196 permanendum
959 2117 1032 2178 Mul·
1042 2128 1058 2179 3

77 2206 204 2267 titudine
223 2207 394 2282 sagittarum
414 2213 500 2284 atque
521 2206 621 2264 omnis
642 2205 758 2282 generis
777 2202 903 2263 telorum
925 2200 1033 2262 multos

77 2289 258 2356 vulneratos;
272 2289 308 2349 ad
322 2289 394 2349 baec
405 2287 577 2348 sustinenda
588 2306 653 2364 ma
656 2305 694 2346 no
702 2304 766 2348 usui
757 2287 866 2346 fuisse
874 2292 1029 2345 tormenta

78 2372 202 2437 Fabium
222 2373 353 2433 discessu
374 2391 475 2433 eorum
496 2371 609 2431 duabus
628 2369 739 2431 relictis
765 2373 857 2448 portis
878 2369 1060 2428 obstrueret

74 2465 189 2517 ceteras
204 2455 380 2534 pluteosque
391 2453 465 2514 vallo
477 2453 587 2514 addere
602 2459 675 2514 etse
689 2455 884 2531 inposterum
899 2453 977 2513 diem
993 2453 1033 2512 ai·

75 2538 235 2615 utilemque
255 2557 356 2599 casum
382 2555 534 2616 apparare,
584 2536 636 2599 llis
655 2536 746 2596 rebus
777 2537 902 2613 cognitis
928 2536 1035 2596 Caesar
1047 2539 1066 2599 o

75 2641 190 2682 summo
205 2622 303 2682 studio
313 2621 439 2682 militum
454 2628 522 2682 ante
537 2637 637 2680 orrum
651 2620 722 2680 solis
733 2622 764 2680 in
778 2630 873 2680 castra
888 2620 1032 2698 pervenit.

138 2705 280 2766 xxxxii.
318 2705 393 2766 Dum
413 2704 486 2766 bace
509 2703 546 2764 ad
567 2703 742 2779 Gergoviam
762 2712 923 2781 geruntur,
939 2703 1062 2765 Aeduil

74 2791 179 2868 primis
192 2789 305 2849 nuntiis
320 2788 356 2850 ab
369 2787 514 2848 litavicco
530 2788 658 2864 acceptis
673 2786 787 2848 nullum
802 2787 859 2847 sibi
874 2786 910 2846 ad
925 2803 1033 2863 coguo-

75 2873 219 2934 scendum
233 2873 362 2950 spatium
375 2871 556 2948 relinquunt.
593 2869 712 2947 lupellit
726 2870 798 2929 alios
813 2871 943 2936 avaritia,
961 2868 1034 2929 alios
1048 2874 1065 2922 ²

75 2955 227 3018 iracundia
242 2962 273 3016 et
286 2957 438 3017 temeritas
476 2971 551 3030 quae
567 2955 693 3013 maxime
707 2951 750 3012 illi
764 2951 917 3012 bominum
931 2952 1035 3030 generi

75 3048 120 3102 est
133 3042 244 3108 inuata,
260 3049 295 3099 ut
308 3038 403 3100 levem
417 3037 597 3099 auditionem
612 3034 739 3096 habeant
756 3055 810 3114 pro
826 3055 860 3095 re
881 3047 1032 3116 conperta.

76 3123 157 3185 Boua
172 3124 280 3183 civium
290 3121 491 3183 Romanorum
503 3121 653 3200 diripiunt,
672 3120 776 3180 caedes
787 3121 908 3189 faciunt,
924 3122 955 3181 in
971 3137 1033 3179 ser·
1050 3124 1066 3174 3

74 3209 197 3268 vitutem
212 3205 396 3267 abstrabunt.
425 3207 550 3267 Adiuvat
569 3222 634 3264 rem
648 3203 843 3347 proclinatam
859 3203 980 3264 Convict
981 3201 1033 3262 oli·
1050 3208 1067 3257 t

74 3292 147 3352 lavis
161 3289 339 3370 plebemque
354 3290 390 3350 ad
409 3291 542 3350 furorem
562 3285 686 3365 inpellit,
716 3290 776 3348 utf
774 3288 893 3348 acinore
908 3287 1034 3348 admisso

72 3374 109 3435 ad
124 3375 281 3435 sanitatem
295 3375 405 3434 reverti
419 3373 536 3452 pudeat
572 3370 704 3430 Marcum
719 3372 860 3432 Aristium
880 3370 1061 3431 nunnoni

73 3457 202 3519 militum
221 3459 280 3518 iter
300 3457 338 3517 ad
357 3455 502 3532 legionem
522 3455 683 3518 facientem
705 3456 763 3520 lide
785 3455 857 3520 data
878 3475 916 3517 er
938 3451 1053 3534 oppido

109 3570 133 3606 e,
146 3567 205 3602 rna
218 3568 326 3604 casia.
846 3549 893 3610 ill
