2356 3870
299 248 306 252 ’
382 237 480 294 couti.
496 237 537 293 lll.
553 237 623 293 CAP.
639 236 787 293 xii-xvi.
1022 239 1062 300 53

101 405 183 465 enim
197 403 300 464 noceri
314 418 374 461 non
388 418 477 479 posse
493 406 704 478 cognoverant:
720 399 852 460 turribus
869 405 967 459 autern
983 400 1061 460 exei-

101 491 180 554 tatis,
196 493 296 548 tamen
311 483 364 544 has
379 484 501 544 altitudo
515 485 658 563 puppium
675 502 711 544 ex
726 483 859 544 barbaris
874 482 996 544 navibus
1011 502 1059 543 su·
1158 492 1165 499 “

100 570 240 650 perabat,
263 577 296 629 ut
316 585 413 645 neque
435 586 471 627 ex
490 568 633 628 inferiore
654 567 719 627 loco
740 569 809 628 satis
830 567 983 627 commode
1003 566 1060 627 tela

102 653 178 714 adici
192 659 316 733 possent
331 661 360 711 et
374 654 463 712 missa
485 651 521 711 ab
537 651 626 711 Gallis
646 653 763 728 gravius
784 651 960 711 acciderent.
999 651 1091 712 Unaa

103 745 169 798 erat
182 754 289 814 magno
305 737 372 796 usui
386 753 435 795 res
450 743 623 814 praeparata
638 753 654 794 a
669 736 793 804 nostris,
814 735 904 795 falces
919 753 1060 814 praeacu-

103 829 151 880 tae
165 821 295 880 insertae
310 818 481 895 adfixaeque
496 817 653 896 longuriis,
669 836 729 878 non
745 817 872 878 absimili
886 818 981 878 forma
995 836 1060 877 mu-

101 903 210 965 ralium
225 903 355 963 falcium.
392 901 445 962 llis
466 920 533 962 curn
553 902 652 970 funes,
676 903 726 978 qui
747 907 898 961 antemnas
919 901 955 960 ad
970 901 1093 961 malosss

102 986 306 1055 destinabant,
323 984 521 1064 conprehensi
535 985 712 1061 adductique
729 991 825 1054 erant,
843 986 956 1062 navigio
972 987 1061 1045 remis

100 1071 224 1130 incitato
239 1068 536 1148 praerumpebantur.
574 1068 687 1139 Quibus
702 1068 823 1129 abscisis
841 1075 995 1129 antemnae
1010 1087 1061 1128 ne·
1077 1078 1092 1124 7

103 1155 232 1214 cessario
249 1151 450 1221 concidebant,
468 1159 513 1222 ut,
531 1169 598 1213 cum
614 1154 708 1212 omnis
723 1152 841 1213 Gallicis
855 1152 977 1212 navibus
992 1170 1059 1230 spes

100 1239 132 1297 in
150 1236 221 1297 velis
236 1237 484 1312 armamentisque
497 1237 680 1304 consisteret,
694 1236 740 1295 his
756 1237 865 1314 ereptis
881 1237 975 1295 omnis
991 1254 1061 1296 usus

102 1321 221 1380 navium
237 1338 296 1380 uno
312 1326 447 1398 tempore
462 1320 639 1398 eriperetur.
662 1319 819 1395 Reliquum
836 1326 898 1379 erat
914 1325 1062 1379 certamen
1077 1327 1093 1377 8

100 1404 233 1482 positum
246 1404 277 1462 in
289 1403 406 1472 virtute,
424 1419 481 1479 qua
492 1404 588 1462 nostri
598 1401 705 1463 milites
717 1401 802 1463 facile
814 1401 1000 1481 superabant,
1018 1411 1060 1462 at·

103 1504 162 1564 que
183 1504 218 1546 eo
238 1487 346 1563 magis,
370 1485 448 1562 quod
468 1487 499 1546 in
520 1491 680 1564 conspectu
702 1486 834 1547 Caesaris
854 1493 941 1563 atque
967 1488 1061 1546 omnis

103 1571 252 1630 exercitus
269 1585 320 1631 res
340 1568 509 1646 gerebatur,
531 1576 564 1629 ut
583 1568 698 1629 nullum
718 1568 805 1647 paulo
828 1571 933 1628 tertius
953 1571 1063 1629 iactum

101 1652 195 1714 latere
211 1657 328 1732 posset:
352 1670 456 1713 omnes
471 1653 549 1712 enim
565 1651 654 1714 eolles
670 1670 704 1713 ac
718 1652 782 1712 loca
797 1654 967 1730 superiora,
985 1652 1093 1712 undet

103 1744 168 1797 erat
179 1737 365 1815 propinquus
377 1735 534 1813 despectus
545 1737 576 1795 in
587 1754 678 1805 mare,
687 1735 722 1797 ab
731 1737 862 1796 exercitu
874 1734 1060 1795 tenebantur.

166 1819 226 1880 XV.
250 1818 395 1888 Disiectis,
413 1825 445 1878 ut
460 1819 601 1888 diximus,
617 1821 772 1887 antemnis,
790 1836 856 1878 curn
873 1817 1002 1896 singulas
1017 1818 1061 1878 bi·
1078 1823 1090 1874 l

101 1921 158 1963 uae
180 1909 336 1962 aeternae
361 1919 450 1962 naves
471 1903 740 1970 circumsteterant,
768 1901 873 1962 mibtes
899 1919 1014 1962 summa
1034 1904 1062 1961 vi

101 1985 314 2046 transcendere
328 1985 359 2044 in
374 1984 503 2045 hostium
517 2003 606 2046 naves
621 1984 845 2046 contendebant.
881 1984 965 2056 Quod
980 1991 1060 2062 post·
1076 1993 1092 2042 2

100 2086 192 2146 quam
207 2067 326 2128 barbari
339 2067 405 2128 lieri
419 2068 704 2138 animadverterunt,
722 2070 896 2148 expugnatis
912 2067 1060 2146 conpluri-

99 2151 159 2212 bus
174 2150 305 2220 navibus,
319 2169 386 2212 cum
402 2153 429 2210 ei
442 2153 487 2212 rei
501 2151 616 2212 nullum
630 2154 814 2232 reperiretur
827 2151 975 2220 auxilium,
992 2154 1060 2228 fuga

99 2235 229 2297 salutem
248 2241 352 2314 petere
374 2235 599 2295 contenderunt.
637 2238 678 2297 Ac
697 2238 756 2298 iarn
778 2237 926 2296 conversis
946 2238 976 2295 in
998 2243 1092 2296 111113

99 2325 219 2399 partem
234 2317 370 2387 navibus,
388 2335 446 2395 quo
462 2325 565 2379 ventus
581 2319 708 2389 ferebat,
731 2327 811 2380 tanta
827 2319 924 2380 subito
940 2319 1061 2379 malacia

99 2421 134 2462 ae
150 2401 346 2478 tranquillitas
362 2403 470 2472 extitit,
488 2409 521 2462 ut
534 2421 567 2462 se
583 2421 618 2463 ex
634 2403 698 2463 loco
717 2421 902 2464 commovere
917 2421 976 2472 non
991 2422 1060 2481 pos·

97 2493 178 2547 sent.
224 2485 305 2556 Quae
326 2485 443 2562 quidem
464 2504 513 2546 res
534 2485 570 2546 ad
590 2489 741 2564 negotium
763 2485 976 2547 conficiendum
997 2495 1088 2545 11111

97 2571 181 2629 xime
200 2569 257 2629 fuit
272 2575 452 2647 opportuna:
476 2588 544 2630 nam
564 2570 694 2648 singulas
713 2571 807 2631 nostri
828 2571 987 2633 consectati
1010 2576 1090 2628 err-5

97 2658 321 2733 pugnaverunt,
343 2659 376 2712 ut
389 2670 556 2730 perpaucae
572 2671 608 2712 er
623 2654 704 2714 omni
718 2672 842 2714 numero
857 2654 952 2713 noetis
967 2655 1058 2711 inter-

98 2741 191 2797 ventu
212 2735 247 2796 ad
268 2741 378 2796 terram
397 2737 602 2814 pervenerint,
625 2755 692 2797 cum
717 2737 752 2797 ab
779 2736 851 2796 bora
872 2738 934 2795 sere
957 2742 1059 2811 quarta

98 2837 196 2897 usque
211 2818 247 2879 ad
262 2818 331 2880 solis
347 2837 483 2880 occasum
498 2827 690 2898 pugnaretur.

163 2901 237 2963 xvi.
268 2902 332 2973 Quo
352 2902 467 2982 proelio
487 2902 598 2963 bellum
620 2904 799 2964 Venetorum
819 2904 968 2979 totiusque
990 2911 1087 2964 orael

96 2987 274 3047 maritumae
304 2987 471 3047 conlectum
501 2994 554 3048 est.
600 2986 673 3048 Nam
699 3005 766 3048 eum
792 2988 887 3047 omnis
911 2988 1089 3057 inventust

95 3088 204 3130 omnes
220 3070 307 3130 etiam
322 3070 465 3148 gravioris
492 3072 610 3140 aetatiS,
632 3072 663 3130 in
685 3070 791 3148 quibus
812 3069 922 3148 aliquid
945 3070 1058 3131 consilii

95 3160 148 3214 aut
164 3152 314 3231 dignitatis
327 3154 392 3223 ruit,
409 3171 444 3213 eo
456 3160 663 3225 convenerant,
678 3161 750 3225 tum,
766 3157 882 3216 navium
899 3155 976 3230 quod
992 3154 1056 3215 ubi·

94 3255 157 3314 que
171 3238 278 3308 luerat,
295 3255 387 3298 unum
402 3239 432 3298 in
447 3236 546 3298 locum
561 3244 733 3316 coegerant;
759 3238 865 3317 quibus
880 3239 994 3298 arnissis
1009 3257 1056 3298 11-
1072 3245 1088 3296 3

93 3320 172 3398 liqui
186 3337 284 3397 neque
300 3337 358 3397 quo
374 3339 407 3381 se
422 3323 606 3399 reciperent,
628 3339 724 3399 neque
741 3320 987 3400 quemadmodum
1003 3340 1054 3400 op·

93 3404 166 3484 pida
180 3403 384 3474 defenderent,
400 3403 556 3465 habebant.
581 3404 682 3484 ltaque
698 3424 730 3468 se
746 3423 860 3486 suaque
875 3404 1062 3466 omnialae-

90 3488 155 3549 sari
171 3487 353 3548 dediderunt.
391 3487 424 3548 ln
446 3505 522 3568 quos
543 3508 578 3553 eo
596 3494 719 3574 gravius
735 3493 847 3559 Caesar
861 3489 1121 3556 nonientana
