2356 3870
347 194 446 251 court
462 196 492 252 ll.
508 196 578 252 CAP.
594 197 754 254 XX-XXV.
985 204 1024 262 41

55 355 190 418 buscum
206 368 291 421 erant
305 360 472 437 congressi,
490 378 527 421 ex
541 361 608 421 loco
623 364 780 440 superiore
793 362 826 420 in
840 363 913 440 ipsis
926 362 1023 421 111111-

60 441 108 501 nis
122 441 199 519 ripis
220 443 452 522 proeliabantur.
488 445 525 505 nt
544 446 615 504 totis
629 446 693 505 fere
714 463 730 504 a
744 447 842 504 fronte
858 463 888 504 e.
903 445 939 505 ab
954 446 1024 505 sini·
1040 454 1057 501 4

61 532 122 584 stra
137 534 226 602 parte
240 527 357 588 nudatis
372 528 486 597 castris,
499 544 567 588 cum
580 530 612 588 in
628 528 732 588 dextro
747 546 841 589 cornu
855 528 932 606 legio
949 529 1023 588 duc·

60 607 177 668 decima
192 618 224 670 et
237 628 298 672 non
312 627 421 688 magno
435 609 472 670 ab
488 629 523 672 ea
532 611 685 672 intervallo
696 614 820 690 septima
833 614 1023 682 constitisset,

61 709 168 752 omues
182 693 284 755 Nervii
299 695 517 756 confertissimo
526 697 648 773 agmine
663 695 738 755 duce
753 696 956 774 Boduognato,
973 698 1025 773 qui

60 793 209 837 summam
229 780 345 857 imperii
366 777 500 848 tenebat,
523 778 559 839 ad
581 797 647 839 eum
669 779 768 840 locum
788 780 1007 840 contenderunt
1013 798 1021 847 ;

60 876 192 937 quorum
213 880 283 939 pars
302 868 406 940 aperto
430 861 524 923 latere
542 860 675 939 legiones
701 865 929 931 clrcumvenirc,
955 871 1056 941 parsi

60 961 213 1006 summum
229 952 395 1006 castrorum
408 943 508 1005 locum
522 956 626 1024 petere
642 950 748 1025 coepit.

123 1027 243 1088 XXIIII.
266 1028 379 1090 Eodem
392 1036 528 1108 tempore
544 1032 658 1106 equites
672 1031 768 1091 nostri
781 1029 913 1106 levIsque
928 1047 1023 1089 arma·
1041 1036 1054 1086 1

58 1118 148 1171 turae
158 1109 285 1191 pedites,
298 1114 349 1189 qul
361 1130 428 1172 cum
440 1114 477 1173 iis
491 1129 550 1172 una
561 1113 688 1183 lucrant,
700 1129 774 1190 quos
785 1115 882 1192 primo
894 1112 1022 1172 hostium

58 1196 176 1273 impetu
189 1194 294 1274 pulsos
308 1195 456 1264 (11111111,
480 1213 549 1256 cum
568 1214 601 1256 11
615 1199 646 1256 11
661 1207 757 1258 castra
771 1199 955 1274 reciperent,
972 1196 1022 1257 ad·

63 1279 155 1338 «ersis
170 1276 306 1339 hostibus
322 1278 520 1341 occurrebant
534 1296 568 1339 ac
582 1298 688 1341 rursus
702 1280 788 1340 aliam
803 1281 834 1339 in
844 1288 961 1358 partem
974 1281 1020 1340 fu·

61 1378 128 1438 gam
139 1361 291 1441 petebant,
302 1370 334 1423 et
344 1361 471 1432 calones,
484 1364 535 1439 qui
547 1363 584 1423 ab
596 1363 757 1424 decumana
764 1373 850 1442 porta
862 1381 896 1423 ac
907 1380 1023 1424 summo
1039 1371 1055 1418 2
1145 1360 1147 1364 '

61 1446 131 1522 iugo
146 1444 231 1506 collis
245 1452 366 1507 nostros
379 1448 506 1506 victores
520 1446 1021 1526 1111111111111111111111111111,

61 1527 225 1609 praedandi
239 1547 328 1591 causa
342 1532 463 1608 egressi,
476 1547 545 1590 cum
556 1534 757 1609 respexissent
769 1529 910 1591 11111111
923 1531 954 1591 iu
969 1549 1022 1591 11·

62 1613 132 1672 stris
147 1613 253 1673 castris
267 1615 380 1674 versari
392 1613 550 1682 vidissent,
565 1616 742 1692 praecipites
756 1616 843 1690 fugae
858 1631 925 1673 sese
939 1632 1021 1673 man·

61 1695 181 1755 dabant.
219 1694 313 1757 Simul
329 1713 447 1766 eorum,
471 1698 523 1773 qui
540 1714 608 1757 cum
622 1697 841 1776 impedimentis
856 1695 1022 1765 veniebant,
1038 1703 1054 1753 1

61 1778 174 1839 clamor
185 1779 381 1856 fremitusque
392 1779 552 1849 oriebatur,
566 1779 674 1856 aliique
685 1781 771 1841 aliam
784 1782 816 1840 in
824 1788 941 1858 partem
951 1798 1020 1858 per·

61 1863 160 1922 territi
174 1860 358 1924 serebantur.
396 1861 509 1933 Quibus
529 1862 666 1924 omnibus
685 1864 776 1924 rebus
796 1866 923 1942 permoti
939 1864 1055 1939 equi-4

60 1954 105 2006 tes
117 1945 252 2015 Treveri,
268 1963 397 2022 quorum
410 1948 489 2007 iuter
500 1945 598 2007 Gallos
612 1949 729 2008 virtutis
744 1948 844 2025 opinio
860 1953 906 2006 111
920 1949 1021 2023 singu·

60 2026 140 2098 laris,
158 2030 211 2105 qui
225 2029 326 2089 auxilii
337 2046 425 2090 causa
440 2028 476 2090 ab
491 2031 606 2089 civitate
620 2030 657 2090 ad
669 2030 825 2092 Gaesarem
839 2031 922 2090 missi
932 2046 1020 2089 vene·

59 2121 143 2182 rant,
171 2129 242 2172 cum
261 2111 449 2173 multitudine
469 2112 598 2173 hostium
619 2122 715 2174 castra
739 2113 884 2192 compleri
908 2123 1019 2182 nostra,

60 2195 195 2274 legiones
215 2197 312 2273 premi
336 2204 366 2255 et
390 2213 486 2275 paene
510 2199 723 2257 circumventas
748 2199 861 2266 teneri,
893 2196 1020 2265 calones,

60 2281 194 2356 equites,
223 2279 403 2349 funditores,
424 2278 565 2340 Numidas
590 2279 722 2341 diversos
749 2280 965 2360 dissipatosque
989 2282 1021 2340 in

60 2379 166 2423 omnes
186 2369 287 2440 partes
305 2363 411 2440 fugere
430 2363 586 2432 vidissent,
615 2362 778 2442 desperatis
798 2364 909 2424 nostris
929 2362 1020 2424 rebus

59 2445 184 2507 domum
199 2445 431 2515 contenderunt;
451 2445 600 2507 Romanos
614 2445 716 2525 pulsos
730 2458 956 2526 superatosque,
973 2465 1019 2507 ca·
1036 2452 1052 2502 1

58 2532 130 2591 stris
144 2528 424 2607 impedimentisque
438 2549 541 2591 eorum
556 2529 656 2591 hostes
667 2532 776 2608 potitos
786 2532 895 2592 civitati
908 2548 1018 2591 renun-

59 2614 222 2674 tiarerunt.

121 2695 212 2756 XXV.
229 2695 335 2757 Caesar
350 2695 386 2757 ab
398 2697 529 2758 decimae
543 2695 667 2775 legionis
679 2695 882 2758 cohortatione
898 2695 934 2756 ad
949 2695 1020 2756 dex·
1037 2703 1050 2752 1

58 2790 140 2840 uum
156 2796 252 2839 cornu
266 2781 433 2858 profectus,
449 2779 501 2840 ubi
515 2798 585 2841 suos
599 2783 701 2859 urgeri
715 2782 866 2857 signisque
880 2780 912 2839 in
926 2797 1019 2838 unum

57 2862 159 2924 locum
175 2861 300 2923 conlatis
320 2862 512 2925 duodecimae
532 2863 657 2941 legionis
672 2864 821 2925 confertos
840 2862 949 2926 milites
963 2860 1020 2922 sibi

57 2949 140 3027 ipsos
154 2944 195 3007 ad
208 2963 339 3025 pugnam
354 2965 420 3008 esse
433 2947 646 3026 impedimento
660 2947 741 3016 vidit,
754 2955 875 3023 quartae
889 2944 1020 3007 cohortis

57 3029 201 3092 omnibus
230 3030 455 3091 centurionibus
482 3032 587 3091 occisis
623 3032 823 3109 signiferoque
851 3031 1018 3099 1111111111,

57 3116 144 3193 slgno
159 3114 286 3184 amisso,
307 3113 491 3191 reliquarum
506 3113 672 3175 cohortium
687 3114 824 3175 omnibus
838 3114 902 3174 1111
917 3122 1019 3174 centu·

58 3197 196 3259 rionibus
207 3205 259 3258 aut
269 3196 430 3259 vulneratis
444 3205 494 3259 aut
505 3199 620 3268 occisis,
634 3201 667 3259 in
681 3197 728 3258 his
739 3196 888 3276 primipilo
899 3197 931 3258 Ρ.
946 3197 1018 3257 Sex·

59 3283 97 3342 tio
112 3280 238 3351 Baculo,
253 3282 414 3343 fortissimo
429 3283 506 3350 viro,
522 3280 623 3342 multis
637 3281 834 3359 gravibusque
848 3278 1020 3341 vulneribus

59 3367 212 3435 coniecto,
235 3366 346 3426 utiam
365 3382 398 3426 11
418 3367 567 3426 sustinere
586 3383 647 3426 non
665 3372 780 3445 posset,
801 3363 933 3441 reliquos
954 3381 1020 3423 esse

60 3447 209 3510 tardiores
224 3456 256 3509 et
268 3447 428 3510 nonnullos
442 3447 478 3510 ab
492 3450 661 3516 novissimis
672 3447 795 3516 deserto
807 3446 929 3536 proelio
945 3464 1034 3508 1111·
