2356 3870
135 205 176 268 'l‘i
448 205 487 261 bu
502 204 607 261 sumo
624 203 771 262 eunuco.

108 368 247 428 amoveri
260 368 360 435 iussim
384 383 523 443 quaeres
544 384 649 444 megno
665 369 734 428 usui
748 370 858 429 nostris
873 369 937 429 luit.
969 368 1043 430 Nam
1057 375 1086 428 et

135 452 252 511 navium
271 451 365 527 figura
385 460 415 511 et
429 468 581 516 remorum
595 458 678 510 motu
694 458 724 511 et
743 453 883 512 inusitato
898 469 1009 529 genere
1023 461 1085 513 tor·

134 541 302 595 mentorum
316 536 445 613 permoti
465 533 584 594 barbari
604 535 802 595 constiterunt
815 553 850 595 ac
863 534 985 614 paulum
999 535 1086 595 modo

107 617 239 695 spedcm
259 617 435 677 retulerunt.
464 621 560 694 Atque
581 619 691 678 nostris
705 617 849 679 militibus
870 618 1086 686 cunctantibus,

133 702 261 760 maxime
274 708 398 779 propter
414 700 598 762 altitudinem
612 702 716 771 maris,
738 704 789 778 qui
811 701 942 763 decimae
962 700 1088 778 legionis

135 784 262 859 aquilam
275 783 405 851 ferebat,
427 791 609 844 contestatus
629 785 714 854 deos,
736 792 770 845 ut
785 803 818 846 ea
832 803 882 846 res
896 785 1007 861 legioni
1020 784 1086 844 ieli-

135 869 208 927 citer
223 868 368 935 eveniret,
394 869 534 942 Desilite,
556 869 666 943 inquit,
682 870 804 943 milites,
827 870 888 929 nisi
899 871 988 929 voltis
1002 869 1086 943 aqui-

133 952 195 1010 lem
208 951 340 1010 bmtibm
349 953 500 1027 prodere:
520 967 576 1024 epo
594 957 676 1012 certe
689 968 785 1012 meum
797 953 984 1027 reipublicae
996 959 1088 1025 atque

106 1037 312 1110 simperotori
330 1033 464 1107 officium
484 1037 678 1109 praestitero.
714 1034 779 1094 lloc
797 1036 864 1093 cum
884 1051 957 1093 soce
983 1050 1086 1110 magna

134 1117 269 1184 dixisset,
286 1135 318 1176 se
334 1134 370 1176 ex
385 1118 451 1177 navi
465 1119 591 1195 proiecit
604 1124 693 1193 atque
706 1119 738 1178 in
752 1116 855 1178 hostes
869 1117 997 1194 aquilam
1007 1117 1087 1176 lerre

105 1201 238 1278 occepit.
266 1200 342 1260 Tum
356 1201 452 1260 nostri
466 1197 613 1261 cohortati
625 1201 704 1260 inter
719 1217 760 1268 se,
776 1219 815 1261 ne
829 1209 944 1262 tantum
959 1199 1088 1260 dedecus

106 1283 353 1351 cadmitteretur,
376 1285 508 1343 universi
523 1301 560 1343 ex
580 1285 647 1343 navi
666 1283 858 1354 desiluerunt.
888 1284 949 1345 llos
963 1285 1035 1343 item
1051 1300 1086 1341 ex

134 1368 277 1445 proximis
294 1365 426 1445 [prinus]
443 1365 565 1427 navibus
587 1384 654 1426 cum
675 1369 913 1444 conspexissent,
936 1365 1086 1426 subsecuti

133 1449 267 1509 hostibus
282 1449 566 1528 adpropinquarunt.

109 1542 121 1590 1
218 1532 317 1592 XXVI.
347 1533 514 1609 Pugnatum
529 1539 575 1591 est
588 1531 625 1593 ab
640 1534 773 1609 utrisque
788 1534 905 1593 acriter.
928 1532 1028 1593 Nostri
1042 1539 1085 1591 ta-

134 1633 211 1684 men,
229 1615 308 1692 quod
323 1632 421 1692 neque
437 1615 556 1676 ordines
571 1633 690 1675 servare
704 1632 802 1693 neque
813 1616 937 1675 firmiter
948 1617 1086 1675 insistere

134 1716 232 1776 neque
252 1701 334 1776 signa
354 1698 496 1776 subsequi
516 1706 668 1777 poterant,
684 1705 773 1775 atque
793 1698 868 1759 alius
887 1697 944 1761 alia
959 1716 995 1758 ex
1009 1701 1076 1757 nari

134 1782 371 1859 quibuscumque
392 1784 484 1859 signis
500 1789 685 1850 occurrerat,
707 1800 739 1842 se
755 1781 949 1859 adgregabat,
966 1799 1086 1858 magno·

106 1874 206 1944 apere
225 1864 493 1945 perturbabantur;
515 1865 617 1926 hostes
637 1882 724 1933 vero,
745 1867 824 1925 notis
845 1864 981 1925 omnibus
996 1864 1083 1930 vadis,

134 1949 186 2009 ubi
201 1966 238 2009 ex
256 1949 347 2009 litore
361 1949 477 2025 aliquos
500 1947 665 2026 singulares
681 1965 717 2007 ex
731 1949 798 2008 navi
812 1947 1000 2024 egredientes
1016 1965 1086 2007 oon·

107 2039 306 2110 aspexerant,
327 2033 453 2093 incitatis
469 2033 553 2108 equis
567 2031 724 2110 impeditos
738 2030 962 2100 adoriebantur,
986 2029 1088 2110 plures

134 2133 245 2194 paucos
266 2114 537 2183 circumsistebant,
560 2115 608 2175 alii
628 2114 665 2175 ab
684 2115 778 2175 latere
799 2122 902 2193 aperto
917 2116 949 2175 in
969 2115 1086 2175 univer·

107 2207 183 2258 asos
204 2198 262 2258 tela
283 2197 476 2259 coniciebant.
509 2198 593 2268 Quod
615 2216 682 2258 cum
702 2195 956 2259 animadvertisset
969 2196 1086 2264 Caesar,

136 2280 258 2359 scaphas
272 2279 428 2356 longarum
442 2283 575 2349 navium,
596 2283 668 2341 item
689 2280 885 2359 speculatoria
904 2282 1017 2357 navigia
1032 2281 1086 2339 mi·

135 2364 236 2424 litibus
256 2363 400 2441 compleri
419 2364 506 2425 iussit
526 2372 568 2434 et,
598 2381 672 2440 quos
692 2363 861 2427 laborantes
882 2369 1086 2442 conspexerat,

108 2447 181 2508 ibis
196 2447 327 2507 subsidia
340 2446 540 2509 submittebat
571 2447 685 2516 Nostri,
701 2447 790 2509 simul
803 2450 835 2507 in
849 2447 931 2510 arido
947 2448 1086 2508 constite-

136 2538 221 2600 runt,
245 2532 305 2591 suis
327 2530 465 2592 omuibus
487 2533 654 2592 consecutis
672 2533 705 2595 in
723 2530 824 2593 hostes
843 2533 988 2609 impetum
1008 2530 1086 2591 lece·

136 2622 207 2674 runt
221 2621 309 2690 atque
325 2632 376 2674 eos
390 2615 421 2674 in
435 2617 535 2691 lugam
555 2614 716 2682 dederunt,
739 2631 837 2690 neque
850 2614 969 2691 longius
982 2630 1086 2691 prose·

137 2699 188 2774 qui
203 2704 374 2777 potuerunt,
391 2698 470 2773 quod
486 2700 600 2774 equites
614 2715 736 2758 cursum
748 2705 850 2757 tenere
861 2705 949 2772 atque
960 2696 1087 2757 insulam

137 2798 244 2860 capere
259 2799 318 2840 non
334 2786 500 2859 potuerant.
531 2781 594 2841 lloc
608 2799 701 2841 unum
716 2780 752 2839 ad
767 2781 921 2857 pristinam
938 2781 1087 2841 fortunam

138 2864 255 2926 Caesari
270 2864 372 2924 deluit.

110 2956 122 3005 1
218 2947 332 3007 XXVII.
362 2947 469 3008 Hostes
489 2946 602 3026 proelio
624 2948 769 3025 superati,
792 2944 880 3007 simul
901 2953 989 3022 atque
1004 2963 1037 3004 se
1053 2963 1088 3004 ex

137 3031 205 3106 luga
221 3039 414 3107 receperunt,
435 3032 533 3090 statim
548 3029 584 3089 ad
599 3029 754 3091 Gaesarem
767 3029 881 3106 legatos
895 3029 933 3091 de
945 3045 1018 3106 pecc
1033 3029 1087 3087 mi·

137 3121 256 3179 seruum
286 3111 404 3173 obsides
427 3112 562 3181 daturos,
591 3129 725 3188 quaeque
746 3114 936 3191 imperasset,
959 3112 1088 3171 facturos

110 3204 125 3253 2
138 3214 203 3256 esse
217 3195 341 3274 polliciti
355 3203 433 3256 sunt.
464 3197 528 3257 Una
543 3214 610 3257 cum
624 3195 672 3259 bis
685 3194 787 3273 legatis
803 3195 950 3259 Commius
965 3191 1088 3255 Atrebas

136 3282 229 3348 venit,
252 3296 340 3356 quem
361 3297 451 3358 supra
472 3278 742 3341 demonstraveram
757 3279 912 3341 aCaesere
926 3279 958 3339 in
973 3278 1088 3338 Britan·

111 3363 214 3423 eniam
229 3364 432 3441 praemissum.
456 3363 542 3424 llunc
555 3363 598 3423 illi
613 3381 630 3422 e
645 3364 711 3422 navi
726 3379 888 3440 egressum,
904 3361 1023 3423 eumad
1039 3378 1089 3420 eos

136 3449 263 3508 oratoris
288 3447 376 3508 modo
404 3446 537 3508 Caesaris
563 3446 700 3507 mandata
725 3446 870 3511 deferret,
903 3444 1087 3521 conprehen-
