2356 3870
382 211 458 267 cAP.
472 211 720 268 xxv-xxvln
974 207 1035 272 109

68 363 348 425 circumsederunt.-
376 363 447 421 inde
474 362 533 421 sibi
554 368 732 422 commeatus
753 364 890 436 copiunt.
935 361 1072 432 (lueret

70 454 101 507 et
129 447 264 508 civitates
291 451 463 504 nostrorum
492 448 628 520 portium
654 447 836 506 conservabo
867 451 897 507 et
928 447 1036 507 bellum

72 532 172 606 pruno
200 545 316 604 pinque
341 535 475 603 tempore
501 531 669 600 confictam.
713 531 855 590 Ootortes
881 532 913 589 io
935 533 1073 590 animos

74 615 169 674 babeo
191 615 234 672 ad
254 629 304 673 uos
325 616 450 685 mittere.
494 613 639 686 Profecto
659 620 762 673 nostro
783 620 950 674 commeatu
972 616 1036 689 pri·

71 699 139 760 :voti
159 699 329 757 necessario
350 697 394 755 od
415 698 618 758 dimicandum
641 698 831 758 descendent.

138 779 253 841 XXVll.
297 778 469 858 Insequenti
501 787 635 869 ternpore
664 799 732 841 oum
758 783 856 842 nostri
883 784 915 840 in
944 800 1035 860 opere
1059 791 1073 838 1

74 865 199 926 distenti
221 872 336 931 essent,
361 866 477 942 equites
500 866 531 923 in
553 865 679 933 oliveto,
703 865 773 925 dum
795 865 964 942 lignantur,
988 868 1035 925 in·

75 949 195 1013 terleoti
218 956 287 1008 sunt
307 947 429 1026 aliquot.
474 947 560 1008 Servi
580 949 822 1025 transfugerunt,
845 951 896 1026 qui
919 951 1073 1008 nuntia-2

76 1038 200 1100 vertunt,
225 1052 251 1093 a.
267 1032 296 1092 d.
312 1043 362 1090 111.
375 1031 450 1092 Non.
467 1032 552 1092 Mart.
577 1033 726 1111 proelium
747 1032 785 1093 ad
800 1032 936 1093 Sericum
958 1031 1037 1110 quod

76 1118 274 1183 factumest,
307 1133 343 1174 ex
367 1134 401 1177 eo
434 1123 569 1194 tempore
590 1124 701 1179 metum
726 1135 792 1177 esse
820 1134 975 1194 ntegrum,
1009 1124 1040 1176 et

76 1201 191 1262 Attium
213 1199 322 1260 Varum
345 1201 459 1260 circum
482 1200 603 1262 castella
626 1217 776 1278 praeesse.
820 1200 863 1260 Eo
880 1199 928 1260 die
950 1199 1075 1260 Pom-3

77 1287 164 1363 peius
186 1291 282 1344 eastra
306 1285 398 1343 movit
423 1291 454 1344 et
481 1293 584 1346 contra
605 1284 752 1362 Hispalim
781 1286 812 1344 in
835 1284 944 1344 oliveto
966 1303 1038 1346 oon·

78 1369 187 1428 stituit.
232 1367 340 1428 Caesar
362 1370 536 1447 priusquam
565 1368 669 1429 eodem
698 1376 745 1429 est
771 1369 939 1447 protectus,
968 1367 1039 1428 luna

78 1450 152 1513 hora
172 1453 296 1512 circiter
318 1461 400 1512 serta
422 1454 485 1514 visa
507 1460 562 1516 est.
607 1452 650 1513 lta
674 1455 780 1514 castris
801 1454 892 1515 motis
909 1451 1037 1514 Ucubim
1060 1460 1077 1509 4

78 1536 239 1613 Pompeius
260 1536 458 1613 praesidium,
493 1537 572 1615 quod
595 1537 731 1614 reliquit,
761 1538 848 1596 iussit
874 1543 909 1598 ul
936 1539 1039 1597 incen-
1113 1532 1128 1538 ”

80 1620 185 1680 derent
207 1626 237 1680 et
259 1619 364 1680 deusto
386 1621 495 1698 oppido
518 1622 548 1680 in
571 1628 668 1680 castra
684 1622 797 1681 maiore
811 1638 844 1680 se
859 1621 1039 1699 reciperent.

80 1703 251 1782 Insequenti
263 1710 398 1782 tempore
411 1704 607 1782 Ventiponem
624 1704 764 1782 oppidum
781 1721 850 1763 cum
866 1721 1039 1781 oppugnare
1060 1713 1076 1760 u

81 1789 242 1865 coepisset,
267 1786 418 1848 deditione
441 1789 519 1849 lacte
540 1789 599 1848 iter
621 1789 695 1847 lecit
716 1789 747 1847 in
768 1787 945 1856 Carrucam,
969 1805 1040 1848 con·

80 1878 126 1933 tre
148 1870 321 1950 Pompeium
345 1880 441 1933 castra
463 1872 572 1950 posuit.
615 1870 775 1949 Pompeius
791 1871 944 1951 oppidum,
961 1870 1039 1948 quod
1062 1880 1078 1928 o

81 1963 184 2016 contra
207 1973 259 2016 sua
281 1956 430 2033 praesidia
454 1963 557 2035 portas
577 1956 747 2025 clausisset,
769 1955 917 2023 incendit;
940 1954 1041 2015 miles·

80 2057 155 2117 que,
190 2041 242 2118 qui
275 2040 398 2110 fratrem
427 2058 513 2101 suurn
543 2042 575 2100 in
604 2040 710 2100 castris
737 2038 919 2117 iugulasset,
947 2041 1040 2098 inter-

80 2130 187 2201 ceptus
209 2129 291 2183 esta
313 2125 424 2184 nostris
446 2131 475 2184 et
503 2125 577 2184 lusti
607 2140 779 2202 percussus.
824 2122 903 2184 llino
932 2125 1041 2183 itinere

82 2206 161 2266 lacto
184 2208 215 2266 in
238 2225 375 2285 campum
390 2207 584 2269 Mundensem
600 2226 668 2269 oum
692 2214 770 2269 esset
790 2214 921 2276 ventum,
944 2214 1043 2268 castra

82 2298 184 2350 contra
207 2289 382 2369 Pompeium
404 2294 570 2352 constituit.

143 2373 273 2435 XXVlll.
317 2375 461 2454 Sequenti
483 2376 532 2436 die
555 2394 624 2438 curn
647 2378 705 2436 iter
728 2377 829 2436 lacere
844 2375 952 2436 Caesar
973 2392 1041 2435 eum
1064 2382 1078 2431 1

82 2461 178 2535 copiis
200 2460 304 2528 vellet,
332 2461 536 2522 renuntiatum
559 2467 605 2521 est
630 2478 645 2520 a
669 2458 924 2538 speculatoribus,
954 2457 1042 2518 Pom·

81 2543 183 2620 peium
206 2542 242 2602 de
273 2545 363 2603 tertia
389 2544 490 2621 vigilia
520 2545 552 2604 in
578 2545 643 2605 acie
671 2545 799 2605 stetisse.
843 2542 907 2603 lloc
936 2543 1079 2602 nuntiet

82 2625 172 2685 allato
203 2626 343 2686 vexillum
374 2629 542 2706 proposuit.
585 2628 704 2689 ldoirco
732 2629 813 2688 enim
839 2628 942 2705 copies
970 2626 1042 2686 edu·

82 2713 181 2777 xerat,
204 2709 285 2787 quod
299 2710 533 2773 Ursaonensium
549 2712 679 2780 civitati,
702 2713 756 2786 put
768 2713 817 2773 sut
829 2712 958 2771 luissent
978 2710 1042 2769 lau·

83 2799 180 2859 tores,
204 2801 289 2853 antea
311 2793 429 2857 litteras
455 2796 593 2870 miserat,
622 2794 777 2856 Caesarem
805 2793 885 2854 nolle
913 2796 944 2854 in
973 2810 1043 2853 con·

83 2874 189 2935 vallem
223 2875 419 2946 descendere,
456 2878 535 2957 quod
567 2881 711 2941 maiorem
745 2884 861 2957 partem
894 2878 1045 2939 exercitus

83 2959 211 3018 tironem
241 2959 377 3021 haberet.
426 2960 490 3021 Hae
517 2960 636 3023 litterae
663 2961 857 3024 vehementer
884 2961 1041 3021 confirma·
1064 2966 1097 3016 ³.

83 3041 155 3102 bant
186 3051 302 3104 mentes
336 3044 562 3124 oppidanorum.
611 3046 656 3106 lta
689 3047 745 3107 bac
772 3048 913 3126 opinione
947 3046 1043 3105 lrctus

82 3133 146 3185 tuto
181 3145 213 3187 se
241 3129 342 3188 lacere
377 3147 464 3207 posse
492 3129 696 3192 existimabat:
734 3132 846 3191 etenim
877 3135 907 3189 et
936 3134 1043 3189 natura

82 3209 143 3270 loci
167 3210 385 3274 defendebatur
408 3221 437 3273 et
459 3213 555 3292 ipsius
578 3213 681 3293 oppidi
703 3216 885 3281 munilione,
913 3211 966 3273 ubi
995 3231 1043 3273 ca·

83 3300 142 3353 stra
165 3298 338 3358 constituta.
381 3274 514 3375 llquue
531 3293 594 3377 [ut]
611 3299 751 3376 superius
766 3297 1043 3381 demonstravimus,
1064 3303 1082 3354 t

82 3376 148 3437 loca
171 3379 347 3441 excellentia
376 3379 502 3443 tumulis
529 3383 699 3449 contineri,
729 3380 885 3444 intervallo
914 3381 1044 3459 planicie

83 3459 190 3530 diridi;
214 3462 245 3523 id
268 3464 347 3543 quod
370 3484 405 3526 eo
427 3465 537 3527 incidit
557 3473 707 3545 tempore.
