2356 3870
141 204 185 269 72
429 207 576 263 BELLUM
591 204 814 264 AFRICANUM.

104 367 123 416 2
143 357 279 420 rioribus
293 359 404 418 castris
419 355 552 418 deducit.
597 358 662 429 Qua
677 356 818 418 facultate
834 356 936 418 oblata
949 357 1116 420 inlustrio-⁴

108 516 110 521 Ι
143 461 194 504 res
205 443 415 519 notissimique
427 443 620 520 conspectum
632 444 798 502 amicorum
810 444 1109 522 propinquorumque

105 535 123 583 n
144 525 349 604 efflagitabant
371 532 459 605 atque
482 528 562 586 inter
583 543 616 586 se
639 525 896 604 colloquebantur.
909 533 922 547 ⁸
947 526 1029 598 Quae
1057 544 1110 586 res

143 610 218 690 quid
240 610 381 670 utilitatis
403 609 543 680 haberet,
573 609 730 671 Caesarem
752 627 811 669 non
834 609 974 671 fallebat:
1022 627 1109 672 nam·

144 713 203 774 que
226 692 344 755 Gaetuli
375 711 412 754 ex
439 696 574 773 equitatu
601 696 687 770 regio
715 692 886 779 nobiliores·
910 696 1110 773 equitumque

144 779 308 858 praefecti,
337 795 465 856 qnorum
493 785 594 857 patres
623 796 692 838 cum
713 777 806 838 llario
835 785 903 838 ante
932 785 1109 838 meruerant

145 865 270 942 eiusque
301 861 450 922 beneficio
483 864 565 940 agris
586 861 757 940 finibusque
786 860 887 922 donati
914 870 983 941 post
1004 861 1110 923 Sullae

143 949 303 1008 victoriam
325 945 382 1006 sub
404 945 584 1024 Hiempsalis
606 949 687 1023 regis
709 954 801 1005 erant
829 946 890 1006 dati
917 953 1107 1026 potestatem,

144 1033 303 1093 occasione
318 1036 505 1108 captanocte
522 1031 582 1090 iam
600 1028 765 1090 luminibus
782 1031 918 1090 accensis
938 1048 1006 1091 cum
1021 1033 1110 1108 equis

144 1113 361 1191 calonibusque
384 1116 447 1173 suis
469 1116 593 1174 circiter
613 1113 696 1173 mille
719 1115 894 1192 perfugiunt
915 1115 947 1174 in
970 1115 1111 1175 Caesaris

145 1206 253 1266 eastra,
266 1199 473 1276 quaeerantin
481 1200 726 1276 campoproxime
734 1194 864 1276 [locum]
872 1196 987 1259 Uzittae
999 1198 1108 1259 locata.

108 1286 123 1332 1
207 1280 293 1341 LVll.
337 1280 422 1352 Quod
436 1290 594 1360 postquam
609 1281 719 1360 Scipio,
742 1283 854 1360 quique
875 1300 944 1342 cum
959 1299 995 1343 eo
1011 1288 1109 1351 erant,

144 1372 367 1444 cognoverunt,
397 1382 465 1426 cum
488 1367 630 1425 commoti
653 1364 764 1425 extuli
786 1365 973 1426 incommodo
996 1363 1109 1435 essent,

143 1451 209 1510 fere
231 1467 287 1528 per
308 1447 341 1508 id
361 1454 481 1528 tempus
502 1449 541 1508 Μ.
563 1450 714 1527 Aquinum
738 1467 807 1510 cum
829 1449 861 1510 C.
885 1449 1012 1511 Saserna
1035 1469 1108 1510 con·

107 1533 318 1613 eloquentem
340 1531 490 1592 viderunt.
535 1532 636 1612 Scipio
657 1535 752 1594 mittit
774 1532 811 1593 ad
831 1534 999 1611 Aquinum,
1029 1533 1109 1595 nihil

145 1618 298 1686 adtinere,
328 1634 489 1677 eumcum
512 1617 693 1677 adversariis
716 1617 859 1695 colloqui.
910 1618 983 1678 Cum
1011 1617 1109 1678 nihilo

144 1704 247 1764 mInus
269 1703 335 1762 eius
358 1719 528 1762 sermonem
550 1704 676 1762 nuntius
698 1702 735 1761 ad
759 1701 931 1776 Scipionem
963 1703 1107 1771 referret,

145 1787 199 1847 sed
221 1792 353 1855 restare,
377 1794 411 1845 ut
433 1786 566 1864 reliqua,
590 1804 665 1865 quae
688 1784 793 1855 vellet,
816 1793 986 1864 perageret,
1010 1789 1111 1846 viator

145 1877 301 1950 praeterea
324 1869 362 1930 ab
385 1868 459 1931 luba
482 1869 609 1929 adeum
633 1877 678 1930 est
700 1872 819 1938 missus
842 1872 894 1948 qui
916 1871 1033 1930 diceret
1055 1888 1109 1930 au·

108 1958 126 2007 3
146 1955 247 2016 diente
270 1953 413 2013 Saserna:
470 1955 559 2013 Vetat
584 1961 613 2013 te
634 1970 691 2014 rex
712 1956 861 2028 conloqui.
913 1953 977 2025 Quo
1000 1956 1111 2014 nuntio

145 2041 329 2120 perterritus
351 2038 489 2098 discessit
517 2044 547 2096 et
574 2037 654 2097 dicto
681 2036 807 2098 audiens
834 2038 893 2098 fuit
919 2039 996 2116 regi.
1045 2037 1110 2100 Usu

145 2125 264 2183 venisse
286 2121 344 2180 hoc
366 2123 425 2180 civi
440 2120 574 2180 Romano
597 2128 628 2181 et
650 2123 688 2190 ei,
712 2124 763 2200 qui
786 2121 824 2184 ab
846 2121 958 2200 populo
972 2122 1109 2183 Romano

144 2206 277 2268 bonores
298 2207 482 2282 accepisset,
510 2204 655 2266 incolumi
677 2208 774 2284 patria
796 2207 987 2285 fortunisque
1010 2207 1106 2267 omni·

144 2289 204 2351 bus
226 2287 318 2349 lubae
340 2287 469 2349 barbaro
491 2290 592 2366 potius
612 2288 803 2350 obedientem
817 2291 922 2360 fuisse,
945 2308 1036 2369 quam
1057 2297 1111 2350 aut

147 2374 300 2453 Scipionis
322 2371 547 2452 obtemperasse
569 2375 675 2434 nuntio
697 2382 748 2434 aut
770 2375 866 2435 caesis
888 2373 1023 2435 eiusdem
1038 2392 1109 2453 par·

107 2464 127 2512 4
145 2461 185 2521 tis
208 2457 325 2519 civibus
347 2457 527 2520 incolumem
549 2460 661 2519 reverti
680 2457 784 2518 malle!
827 2458 922 2538 Atque
944 2460 1035 2518 etiam
1058 2477 1110 2518 su·

145 2542 272 2625 perbius
293 2541 385 2602 lubae
407 2544 520 2602 factum
543 2559 604 2602 non
630 2544 666 2602 <in
691 2541 730 2600 bl.
759 2542 924 2621 Aquinum,
953 2541 1110 2603 hominem

145 2644 257 2689 novum
279 2643 462 2704 parvumque
485 2633 670 2694 senatorem,
699 2625 752 2685 sed
780 2628 812 2685 in
835 2624 1024 2705 Scipionem,
1055 2627 1110 2686 ho·
1153 2669 1156 2675 -

146 2713 259 2774 minem
281 2709 334 2770 illa
356 2709 486 2778 familia,
515 2708 676 2787 dignitate,
707 2708 873 2769 honoribus
894 2718 1109 2789 praestantem.

109 2801 126 2850 5
145 2796 280 2876 Namque
303 2813 371 2856 cum
393 2793 496 2872 Scipio
518 2794 620 2870 sagulo
643 2811 796 2873 purpureo
818 2800 886 2853 ante
904 2797 986 2872 regis
1001 2794 1110 2856 adven·

146 2889 212 2942 tum
234 2882 278 2940 uti
301 2880 408 2940 solitus
430 2886 518 2948 esset,
541 2877 654 2938 dicitur
668 2877 742 2938 luba
765 2896 832 2939 cum
856 2895 892 2937 eo
915 2881 1025 2955 egisse,
1048 2897 1110 2940 non

147 2971 288 3043 oportere
309 2963 395 3024 illum
418 2963 522 3023 eodem
543 2965 589 3022 uti
611 2964 729 3031 vestitu,
753 2969 841 3040 atque
863 2964 929 3040 ipse
957 2970 1108 3023 uteretur.

109 3047 250 3128 altaque
271 3049 385 3108 factum
407 3054 468 3116 est,
496 3054 530 3106 ut
551 3046 653 3124 Scipio
682 3045 719 3105 ad
745 3045 848 3106 album
875 3064 940 3106 sese
967 3049 1110 3108 vestitum

145 3133 326 3193 transferret
348 3136 377 3191 et
399 3129 515 3199 lubae,
530 3129 646 3191 homini
667 3128 886 3207 superbissimo
908 3132 1111 3192 inertissimo-

145 3233 221 3295 que,
244 3213 475 3293 obtemperaret.

110 3304 126 3353 1
210 3297 309 3358 LVlll.
353 3297 477 3358 Postero
505 3296 554 3358 die
582 3300 737 3359 universas
767 3300 900 3359 omnium
935 3300 1038 3378 copias
1073 3298 1112 3361 de

145 3385 255 3445 eastris
277 3381 417 3442 omnibus
439 3381 570 3443 educunt
600 3390 630 3442 et
656 3382 852 3461 supercilium
880 3381 1030 3463 quoddam
1058 3399 1111 3444 ex·

49 3477 52 3481 ’
144 3467 260 3531 celsum
281 3468 363 3528 nacti
386 3483 445 3527 non
469 3466 558 3545 longe
580 3484 597 3525 a
619 3466 755 3527 Caesaris
778 3468 885 3529 castris
912 3469 1010 3529 aciem
1036 3483 1111 3529 eon·
1134 3478 1138 3482 ·
