2356 3870
138 232 203 288 vni
523 228 703 286 PRAEFATIO

139 396 227 452 medio
248 396 304 451 iere
324 411 393 450 anno
414 410 505 467 pugna
526 395 691 450 atrocissima
711 394 743 451 ad
765 395 919 452 Pharsalum
940 400 1079 454 commissa

140 486 195 540 est,
218 495 270 551 qua
284 480 370 534 vietus
385 478 528 551 Pompeius
548 477 612 550 iuga
633 484 709 551 capta
728 480 756 533 in
775 482 899 553 Aegypto
920 496 935 535 a
954 489 1079 538 veterano

141 561 254 633 quodam
270 560 355 616 milite
370 560 475 616 oooisus
490 567 539 615 est.

200 643 297 698 Seouta
312 649 374 698 suut
388 640 538 716 triallsella,
553 642 768 704 Alexandrinum.
780 642 943 707 dirioanum,
958 646 1080 719 Hispani-

139 740 211 786 ense,
227 733 303 797 gesta
318 725 350 780 ab
366 740 389 780 a
404 723 503 780 liCCVl.
520 724 552 780 ad
567 741 590 781 a
605 724 737 781 DCCVlIll.

200 807 296 863 Caesar
307 806 547 863 dumniexandriae
558 815 687 869 versatur,
703 806 799 864 absens
811 809 926 865 diotator
941 812 968 865 in
984 825 1080 865 annum

138 889 225 945 dietus
256 889 398 945 tribunicia
425 896 560 961 potestate
580 900 710 963 perpetua
730 898 839 964 aooepta
866 908 935 946 anno
956 895 1080 964 sequenti

137 971 319 1027 Ptolemaeum
332 972 449 1044 Aegypti
463 987 554 1044 regem
571 974 647 1033 vicit,
669 988 722 1045 quo
737 972 845 1029 llumine
860 990 948 1030 morso
965 977 1022 1030 eius
1038 991 1081 1030 so·

137 1055 193 1108 rorl
213 1053 370 1127 Cleopatrae
390 1054 521 1126 fratrique
540 1055 637 1109 minori
657 1053 810 1111 Ptolemaeo
831 1071 945 1128 regnum
965 1059 1079 1129 Aegypti

137 1135 253 1192 tradidit
288 1136 387 1192 Eodem
406 1151 476 1191 anno
498 1144 591 1191 eontra
609 1137 786 1200 Pharnacem,
808 1138 967 1194 Mithridatis
988 1137 1079 1198 filium,

136 1217 274 1291 proiectus
295 1220 415 1291 quinque
435 1219 537 1273 dierum
558 1219 645 1289 spatio
667 1234 728 1272 eum
748 1219 852 1272 devicit.

197 1301 352 1373 Pompeiani
368 1314 428 1354 oum
439 1301 468 1354 in
479 1297 596 1354 dirioam
608 1299 796 1354 convenissent
810 1299 893 1354 adiuti
909 1316 924 1355 a
938 1300 1002 1356 luha
1017 1317 1080 1373 rege

135 1380 315 1443 Numidarum,
332 1396 364 1437 eo
376 1396 406 1436 se
417 1379 513 1436 Caesar
523 1379 639 1436 eontulit
650 1388 685 1442 et,
697 1387 842 1453 postquam
854 1381 998 1455 aliquoties
1009 1386 1080 1439 varia

135 1464 243 1519 lortuna
257 1479 317 1518 curn
337 1463 371 1518 ils
387 1463 530 1536 pugnavit,
551 1478 642 1535 pugna
656 1464 824 1519 atrocissima
838 1464 870 1518 ad
888 1464 1021 1538 Thapsum
1036 1465 1079 1520 ad·

135 1547 267 1601 versarios
282 1545 436 1619 profligavit
452 1550 511 1600 vere
525 1561 549 1600 a.
564 1544 687 1600 PCCVlll.

196 1627 343 1700 Postquam
356 1626 389 1682 il
402 1627 514 1682 Porcius
530 1626 594 1681 Cato
612 1626 762 1683 voluntaria
775 1636 863 1684 morte
878 1628 969 1685 Uticae
990 1629 1080 1684 deces-

135 1711 180 1771 sit,
196 1709 292 1765 Caesar
307 1709 425 1765 Gnaeum
437 1715 465 1764 et
479 1708 588 1764 Sextum
601 1709 712 1780 Pompei
726 1707 807 1771 filios,
823 1711 870 1782 qui
885 1711 914 1765 ln
927 1711 1079 1781 Hispaniam

134 1791 307 1864 aufugerant,
328 1807 360 1848 eo
380 1797 488 1848 secutus
507 1806 577 1846 anno
594 1789 727 1845 liCCVllll.
742 1789 775 1844 ad
793 1790 916 1846 Mundam
940 1793 1069 1848 aoerrimo

34 1921 36 1926 .
134 1874 239 1947 proelio
256 1891 316 1930 eum
331 1873 426 1946 eapitis
441 1872 562 1946 periculo
578 1872 683 1928 devicit.
713 1872 758 1928 Cn.
774 1865 902 1946 Pompelo
917 1875 946 1928 in
961 1874 1026 1946 iuga
1040 1878 1081 1931 in·

91 1968 95 1989 ¹
136 1957 264 2019 terfecto,
287 1955 409 2012 Corduba
429 1963 457 2011 et
477 1954 660 2028 compluribus
682 1954 741 2010 aliis
756 1955 900 2028 Hispaniae
915 1956 1022 2029 oppidis
1037 1974 1080 2013 ex·

135 2042 263 2114 pugnatis
277 2039 386 2096 Romam
400 2038 482 2095 rediit
496 2040 622 2110 quintum
636 2038 813 2110 triumphans.

195 2122 294 2179 Deinde
308 2121 404 2178 oonsul
423 2128 529 2177 oreatus
552 2123 581 2176 in
598 2121 756 2177 decennium
777 2128 805 2176 et
825 2119 943 2177 dictator
957 2130 984 2177 et
999 2139 1079 2195 prae·

137 2205 221 2264 leotus
242 2203 363 2261 moribus
383 2211 531 2277 perpetuus
553 2219 714 2276 quamquam
734 2217 838 2259 summa
858 2202 1000 2260 elementia
1013 2222 1080 2261 usus

134 2290 217 2345 estin
231 2287 416 2360 Pompeianos,
432 2294 520 2342 tamen
534 2285 699 2342 clandestina
713 2285 775 2359 plus
790 2288 930 2359 sexaginta
944 2287 1079 2344 nobilissi-

134 2386 238 2426 morum
252 2371 380 2431 suorum,
394 2371 533 2425 maximam
544 2377 647 2442 partem
660 2375 826 2432 senatorum,
840 2369 939 2426 liomae
953 2370 1024 2426 laeta
1039 2380 1080 2425 est

134 2453 295 2514 coniuratio,
311 2453 387 2508 ouius
397 2453 533 2525 principes
548 2459 625 2508 erant
639 2450 666 2507 C.
674 2450 781 2508 Cassius
793 2451 934 2525 Longinus
949 2459 976 2508 et
990 2453 1022 2509 li.
1038 2453 1080 2508 lu·

133 2537 195 2590 nius
212 2535 324 2597 Brutus,
345 2534 453 2591 Catonis
474 2549 570 2607 gener,
597 2534 671 2590 Cassi
699 2532 800 2596 aillnis,
827 2534 993 2608 consiliaque
1013 2536 1080 2592 inita

134 2626 197 2673 sunt
211 2618 244 2674 de
259 2616 371 2674 Caesare
384 2615 578 2674 intenliolendo.
607 2616 708 2689 Capitis
722 2616 873 2689 perieulum
887 2633 942 2673 non
956 2625 1081 2674 metuens

134 2700 230 2756 Caesar
243 2715 312 2756 anno
328 2701 466 2773 sequenti,
481 2699 512 2756 U.
526 2716 549 2756 o
564 2699 663 2761 dccx..
678 2714 739 2754 oum
753 2698 853 2755 bellum
867 2699 1020 2757 Parthicum
1033 2717 1080 2774 pa·

134 2790 221 2838 nasset
237 2782 386 2855 liartioque
406 2798 498 2839 mense
524 2783 552 2837 in
571 2783 661 2838 Asiam
685 2780 857 2854 prolecturus
877 2790 964 2846 esset,
989 2783 1081 2839 Idibus

133 2864 245 2921 Martiis
255 2867 284 2920 in
298 2864 398 2921 Senatu
412 2868 440 2921 in
455 2866 533 2921 Curia
547 2865 657 2937 Pompei
678 2881 694 2921 a
713 2865 861 2921 oonluratis
881 2867 978 2938 viginti
993 2866 1080 2921 tribus

133 2942 221 3020 plagis
242 2947 384 3004 confossus
410 2948 443 3004 ad
461 2947 572 3021 Pompei
598 2955 714 3003 statuam
740 2947 859 3004 ooneldit
879 2964 976 3005 annum
997 2966 1081 3022 agens

134 3031 387 3104 quinquagesimum
403 3039 514 3087 sertum.

512 3246 710 3256 ...---—---
