2356 3870
157 227 176 289 8
479 226 518 284 bd
532 227 636 285 estio
651 227 790 284 Gallico

125 387 263 449 aderent
276 397 327 449 aut
340 391 455 451 insidiis
469 392 646 451 niterentur.
685 392 783 463 Quare
798 411 836 453 ne
851 395 1064 463 committeret,
1081 401 1114 455 ut

157 472 183 532 ls
196 471 288 541 loeus,
305 472 356 533 ubi
372 475 580 543 constitissent,
598 492 632 534 ex
649 474 813 537 calamitate
827 476 930 556 populi
944 477 1069 538 Romani
1085 484 1115 536 et

157 557 350 698 idnternidone
366 559 513 619 exercitus
527 576 637 618 nomen
652 568 771 638 caperet
785 566 836 620 aut
855 561 1028 620 memoriam
1043 578 1114 638 pro·

179 648 252 700 eret.

129 727 139 777 1
219 722 307 784 XIIII.
332 724 384 784 His
399 724 506 785 Caesar
524 725 565 784 ita
586 725 754 803 respondit:
777 727 819 787 Eo
839 727 896 787 sibi
915 729 1014 788 minus
1029 725 1110 786 dubi·

83 878 88 883 ·
159 806 275 866 tationis
290 806 362 877 darI,
380 808 459 884 quod
475 826 523 868 eas
538 825 597 877 res,
613 824 686 884 quas
697 807 785 886 legati
795 809 919 871 Helvetii
935 827 1099 871 commemo

158 898 287 958 rassent,
308 893 451 951 memorIa
471 898 601 959 teneret,
629 899 718 969 atque
739 909 774 952 eo
800 895 918 970 gravius
937 895 1032 960 ferre,
1056 909 1110 968 quc

127 973 254 1033 :nunus
275 976 380 1034 merito
400 974 504 1053 populi
518 975 642 1036 Roma‘ni
661 975 851 1036 accidissent:
875 978 925 1054 qui
945 979 972 1036 si
992 975 1116 1036 alicuius

156 1056 282 1116 iniurIae
297 1057 352 1116 sibi
368 1058 504 1118 conscius
519 1058 637 1127 fulsset,
659 1076 718 1118 non
739 1058 831 1120 luIsse
853 1060 972 1120 difficile
993 1076 1114 1124 caveret

158 1137 211 1199 sed
227 1157 261 1198 eo
277 1139 450 1218 deceptum,
472 1141 550 1218 quod
565 1157 663 1217 neque
678 1143 869 1203 commissum
884 1161 900 1202 a
915 1160 948 1202 se
962 1140 1115 1218 intellege·

157 1228 219 1290 ret,
241 1238 334 1298 quare
349 1226 481 1293 timeret,
503 1240 601 1300 neque
621 1224 685 1283 sine
706 1241 793 1284 causa
808 1223 971 1283 timendum
986 1231 1114 1301 putaret.

126 1303 242 1375 eouod
264 1306 289 1365 si
310 1308 418 1367 veterIs
439 1304 635 1372 contumeliae
655 1304 787 1367 oblivisci
808 1305 910 1373 vellet,
934 1324 1007 1366 num
1028 1307 1117 1366 etiam

157 1389 322 1448 recentium
336 1389 526 1458 iniuriarum,
543 1387 621 1465 quod
638 1406 672 1448 eo
687 1390 778 1449 invito
793 1390 851 1449 iter
866 1407 920 1467 per
935 1391 1115 1467 provinciam

157 1472 285 1547 pervim
301 1478 502 1550 temptassent,
519 1471 598 1548 quod
611 1471 738 1540 Aeduos,
756 1472 834 1549 quod
848 1470 1017 1542 Ambarros,
1037 1471 1116 1549 quod

39 1600 41 1606 .
125 1552 329 1631 4Allobrogas
343 1560 513 1622 vexassent,
535 1557 708 1615 memoriam
723 1555 874 1633 deponere
889 1556 995 1632 posse?
1031 1554 1116 1626 Quod

157 1653 210 1696 sua
224 1637 345 1697 vrctoria
360 1638 420 1697 tam
434 1637 598 1697 insolenter
612 1637 811 1715 gloriarentur
833 1639 971 1714 quodque
991 1645 1050 1697 tam
1066 1638 1116 1698 diu

159 1737 191 1780 se
206 1721 327 1798 impune
342 1721 464 1781 iniurias
479 1718 582 1780 tuilsse
597 1719 824 1785 admirarentur.
838 1721 943 1779 eodem
952 1721 1115 1797 pertinere.

127 1800 324 1864 oConsuesse
347 1804 426 1863 enim
447 1802 519 1863 deos
539 1801 735 1871 Inmortales,
763 1819 821 1877 quo
843 1803 962 1880 grauiam
982 1801 1117 1862 homines

160 1901 196 1945 ex
211 1888 440 1946 commutatione
455 1903 558 1946 rerum
573 1884 707 1952 doleant,
724 1901 798 1960 quos
813 1901 868 1962 pro
884 1884 997 1945 scelere
1013 1902 1117 1945 eorum

159 1967 261 2029 ulcisci
275 1969 379 2039 velint,
401 1968 447 2029 his
467 1967 658 2029 secundiores
677 1967 827 2028 interdum
843 1986 892 2028 res
908 1975 937 2027 et
951 1968 1117 2028 diuturnio-

128 2057 144 2109 o
158 2069 222 2111 rem
237 2053 443 2131 impunitatem
458 2051 630 2112 concedere.
669 2050 742 2112 Cum
759 2069 791 2110 ea
806 2052 846 2111 ita
861 2052 934 2120 sint,
959 2059 1070 2118 tamen,
1093 2051 1119 2111 si
1137 2057 1140 2060 ’

160 2133 278 2195 obsides
293 2135 329 2196 ab
344 2137 380 2196 iis
393 2134 450 2196 sibi
464 2136 581 2202 dentur,
599 2136 641 2195 uti
656 2152 699 2202 ea,
714 2150 789 2210 quae
803 2134 1007 2212 polliceantur,
1023 2135 1117 2194 lactu·

160 2235 209 2278 ros
224 2218 384 2297 intellegat,
401 2226 431 2280 et
444 2220 470 2279 si
483 2219 592 2279 Aeduis
606 2217 643 2278 de
657 2218 782 2285 iniuriis,
799 2218 955 2295 quaeipsis
970 2218 1118 2292 sociisque

162 2318 265 2361 eorum
285 2303 454 2382 intulerint,
476 2303 548 2362 item
568 2302 594 2362 si
608 2300 815 2378 Allobrogibus
835 2301 1028 2368 satisfaciant,
1051 2318 1118 2361 sese

130 2391 228 2444 tcum
242 2386 278 2445 iis
293 2404 396 2464 pacem
412 2404 477 2447 esse
493 2387 647 2446 lecturum.
685 2384 784 2444 bisico
798 2383 965 2462 respondit:
989 2384 1031 2444 Ita
1047 2383 1117 2444 IIeI·

161 2469 253 2529 retios
269 2487 285 2530 a
299 2468 461 2530 maioribus
480 2470 542 2530 suis
562 2470 713 2529 Institutos
734 2486 813 2536 esse,
835 2469 878 2527 uti
899 2466 1017 2527 obsides
1039 2467 1114 2527 acci·

160 2568 248 2629 pere,
270 2570 329 2613 non
351 2552 422 2613 dare
443 2553 628 2613 consuerint:
652 2553 715 2612 elus
735 2553 780 2611 rei
794 2550 937 2629 populum
951 2549 1118 2611 Romanum

163 2651 228 2695 esse
243 2642 358 2696 testem.
389 2635 452 2696 Iloc
466 2653 610 2714 responso
626 2634 694 2695 dato
709 2634 852 2696 discessit.

134 2729 147 2778 t
224 2719 282 2778 XV.
308 2719 431 2779 Postero
447 2718 495 2779 die
510 2726 605 2780 castra
621 2737 655 2778 ex
673 2736 707 2778 eo
722 2717 787 2779 loco
808 2724 934 2778 movent.
972 2716 1053 2777 Idem
1075 2715 1117 2776 la·

161 2803 202 2862 cIt
216 2800 323 2862 Caesar
344 2803 566 2880 equitatumque
586 2819 719 2869 omnem,
741 2801 777 2862 ad
797 2818 956 2862 numerum
978 2807 1118 2876 quattuor

162 2885 289 2953 milium,
312 2902 401 2962 quem
422 2904 458 2947 ex
479 2887 559 2946 omni
573 2886 722 2964 provincia
738 2892 767 2944 et
780 2885 888 2945 Aeduis
909 2891 997 2959 atque
1014 2899 1116 2943 eorum

147 2970 249 3029 sociis
264 2976 398 3031 coactum
414 2969 553 3039 babebat,
575 2969 751 3048 praemittit,
775 2969 824 3044 qui
846 2965 977 3035 videant,
1000 2966 1117 3042 quasin

130 3061 145 3109 ²
160 3058 260 3130 partes
274 3052 375 3115 hostes
390 3055 447 3114 iter
461 3054 577 3114 faciant.
596 3052 652 3124 Qui
664 3052 798 3130 cupidius
809 3052 1000 3111 novissimum
1011 3065 1117 3126 agmen

161 3137 288 3197 insecuti
308 3137 404 3199 alieno
424 3137 489 3197 loco
511 3155 577 3197 cum
599 3139 729 3214 equitatu
744 3134 945 3195 Helvetiorum
969 3132 1118 3211 proelium

131 3221 360 3290 scommatum:
378 3230 407 3282 et
421 3221 507 3300 pauci
522 3221 684 3281 denostris
699 3218 815 3279 cadunt
838 3218 903 3289 Quo
917 3215 1031 3295 proelio
1047 3213 1117 3274 sub·

162 3300 212 3362 lati
227 3303 364 3376 llelretii,
387 3306 465 3382 quod
481 3306 649 3382 quingentis
665 3301 813 3380 equitibus
829 3308 939 3362 tantam
954 3297 1117 3359 multitudi-

161 3403 230 3447 nem
252 3391 383 3465 equitum
399 3388 609 3468 propulerant,
631 3387 771 3448 audacius
792 3384 955 3446 subsistere
970 3398 1118 3443 nonnum·

162 3485 249 3548 quam
271 3479 301 3533 et
315 3475 472 3534 novissimo
487 3473 603 3551 agmine
624 3469 737 3551 proelio
752 3476 872 3531 nostros
888 3466 1035 3528 lacessere
1049 3481 1104 3526 coe
