2356 3870
334 215 432 272 corut.
447 215 489 272 III.
505 216 575 273 GAP.
591 217 750 273 XX—XXV.
981 220 1022 281 57

62 379 165 458 paucis
181 378 295 447 diebus,
309 378 416 454 quibus
429 397 464 439 eo
475 385 596 440 ventum
612 386 684 449 erat,
697 388 896 460 expugnatum
912 397 1020 457 cogno·

62 469 176 531 verant,
192 461 304 540 legatos
319 478 437 540 quoque
452 480 570 523 versum
585 462 742 534 dimittere,
760 466 924 533 coniurare,
942 464 1020 524 obsi·

61 547 112 607 des
127 547 209 606 inter
223 565 256 607 se
271 545 351 615 dare,
368 547 467 624 copias
481 564 587 624 parare
602 554 773 626 coeperunt.
807 548 963 608 Mittuntur
978 555 1021 608 et·
1037 555 1053 606 a

60 632 118 690 iam
134 629 173 690 ad
189 648 239 691 eas
254 630 385 690 civitates
399 629 502 707 legati,
525 638 685 706 quaesunt
704 632 849 692 citerioris
863 632 1021 709 Hispaniae

61 715 214 775 finitumae
228 713 415 791 Aquitaniae:
437 713 507 773 inde
528 713 634 774 auxilia
651 714 801 793 ducesque
815 723 1018 776 accersuntur.

62 797 197 868 Quorum
218 796 346 856 adventu
365 812 471 874 magua
493 815 560 857 cum
586 801 759 859 auctoritate
780 805 809 859 et
828 815 931 876 magna
953 808 1053 859 cuma

61 879 217 940 homiuum
246 879 434 940 mulutudiue
447 878 570 941 ,bellum
595 898 701 958 gerere
727 889 880 943 conantur.
924 881 1052 943 Ducest»

61 982 132 1024 vero
152 965 175 1023 ii
197 962 375 1040 deliguntur,
398 965 448 1040 qui
468 981 526 1024 una
546 982 614 1024 oum
634 965 742 1035 Quinto
766 965 898 1026 Sertorio
918 983 1020 1026 omnes

61 1065 155 1108 annos
169 1048 288 1108 fuerant
307 1063 512 1122 summamque
533 1048 683 1107 scientiam
704 1051 749 1109 rei
763 1049 897 1110 militaris
910 1047 1021 1110 babere

62 1129 317 1191 existimabantur.
354 1130 392 1190 Ili
406 1129 619 1191 consuetudme
634 1131 735 1211 populi
750 1133 875 1193 Romani
893 1132 958 1192 looa
973 1151 1020 1192 ca·
1036 1139 1053 1192 o

61 1233 150 1293 pere,
180 1220 276 1274 castra
298 1215 429 1283 munire,
452 1213 663 1275 commeatibus
682 1222 800 1276 nostros
820 1214 1021 1277 intercludere

61 1299 231 1358 instituunt.
270 1296 355 1368 Quod
375 1295 427 1358 ubi
447 1296 570 1358 Crassus
591 1298 811 1368 animadvertit,
833 1318 902 1360 suas
922 1301 1053 1377 copiast

62 1389 188 1460 propter
203 1382 391 1458 exiguitatem
405 1397 464 1440 non
479 1379 565 1440 facile
579 1379 687 1449 diduci,
703 1381 820 1443 bostem
836 1390 865 1442 et
878 1384 977 1459 vagari
992 1389 1022 1442 et

64 1467 123 1526 rias
137 1463 277 1524 obsidere
298 1470 328 1523 et
343 1465 447 1523 castris
462 1465 533 1523 satis
547 1464 686 1541 praesidii
700 1465 871 1542 relinquere
902 1465 940 1526 ob
956 1483 1021 1526 eam

63 1566 183 1609 causam
204 1549 303 1618 minus
324 1545 477 1606 commode
498 1547 680 1608 frumentum
695 1556 951 1626 commeatumque
966 1548 1022 1609 sibi

63 1631 249 1710 supportari,
271 1632 302 1690 in
323 1629 385 1690 dies
405 1627 535 1689 bostium
557 1647 717 1690 numerum
732 1633 848 1708 augeri,
869 1649 930 1691 nou
950 1649 1021 1691 cun·

63 1714 203 1775 etandum
225 1714 415 1782 existimavit,
438 1713 508 1788 quin
529 1729 628 1791 pugna
649 1714 823 1774 decertaret.
862 1714 923 1774 Hac
937 1732 971 1774 re
987 1713 1054 1775 adu

63 1796 221 1859 consilium
236 1796 340 1867 delata,
356 1795 408 1856 ubi
420 1813 522 1856 omnes
537 1794 615 1856 idem
627 1799 738 1857 sentire
752 1795 906 1868 intellexit,
923 1804 1022 1876 poste·

62 1900 131 1943 rum
146 1880 227 1941 diem
240 1897 357 1958 pugnae
372 1879 531 1940 constituit.

126 1963 245 2024 XXIIII
269 1963 366 2024 Prima
386 1961 453 2023 luce
473 1961 625 2040 producu's
644 1962 782 2024 omnibus
802 1965 894 2042 copiis
915 1963 1052 2043 duplici]

62 2049 126 2109 acie
141 2048 285 2116 instituta,
303 2045 439 2106 auxiliis
431 2063 460 2105 ιιι
472 2046 597 2106 mediam
610 2047 702 2105 aciem
718 2049 866 2117 coniectis,
884 2047 954 2124 quid
969 2047 1022 2108 bo·

62 2139 124 2193 stes
141 2129 258 2191 consilii
272 2135 421 2208 caperent,
439 2135 619 2207 expectabat.
646 2127 701 2198 Illi,
718 2132 773 2190 etsi
787 2139 911 2210 propter
925 2132 1055 2191 multi-2

62 2215 199 2276 tudInem
211 2219 240 2272 et
251 2219 381 2273 veterem
392 2211 461 2272 belli
472 2212 596 2289 gloriam
605 2214 842 2291 paucitatemque
853 2222 1023 2275 nostrorum

62 2317 94 2360 se
109 2304 178 2358 tuto
194 2295 385 2357 dimicaturos
400 2294 618 2364 existimabant,
641 2303 739 2356 tamen
756 2298 930 2358 tutiusiessc
945 2297 1023 2359 arbi·

63 2381 231 2449 trahantur,
248 2378 376 2440 obsessis
390 2380 444 2439 viis
459 2385 624 2439 commeatu
637 2379 798 2440 intercluso
809 2383 873 2440 sine
885 2381 945 2441 ullo
961 2381 1023 2441 vul·

61 2483 137 2527 uere
151 2464 274 2524 victoria
283 2464 382 2542 potiri,
396 2469 434 2532 et,
447 2464 471 2523 si
482 2469 606 2542 propter
617 2464 745 2541 inopiam
759 2466 802 2523 rei
814 2465 1026 2525 frumentariae
1041 2470 1056 2522 e

62 2548 192 2610 Romani
201 2546 272 2608 ⁴sese
287 2548 423 2626 recipere
439 2556 619 2625 coeprssent,
642 2546 799 2625 impeditos
820 2549 850 2607 in
865 2549 981 2624 agmine
997 2555 1026 2608 et

62 2632 117 2694 sub
135 2631 263 2692 sarcInis
277 2631 440 2690 iufirmiore
455 2631 551 2690 animo
564 2628 675 2690 adoriri
688 2630 863 2707 cogitabant.
879 2631 943 2691 IIoc
954 2649 1024 2691 con·
1041 2639 1057 2688 4

62 2715 127 2777 silio
155 2712 282 2793 probato
307 2714 344 2774 ab
364 2712 504 2783 ducibus,
530 2710 682 2792 productis
702 2713 902 2774 Romanorum
922 2716 1024 2792 copiis,

63 2817 129 2861 rese
147 2799 255 2858 castris
269 2795 418 2858 tenebant.
447 2797 509 2857 Hac
523 2815 557 2857 rc
571 2804 727 2875 perspecta
743 2797 875 2866 Crassus,
892 2815 958 2857 curn
974 2803 1057 2858 suae

62 2883 255 2944 cunctatione
274 2886 362 2957 atque
382 2881 520 2958 opinione
536 2881 650 2940 timoris
670 2879 771 2940 hostes
786 2888 903 2940 nostros
918 2879 1025 2940 milites

62 2967 226 3028 alacrIores
242 2964 277 3025 ad
292 2963 482 3043 pugnandum
499 2963 673 3032 effecissent,
690 2969 779 3039 atquc
795 2965 925 3027 omnium
936 2981 1025 3024 voces

60 3051 252 3118 auditeutur,
269 3047 418 3126 expectari
433 3046 543 3108 diutius
557 3065 617 3107 uon
633 3053 781 3125 oportere,
797 3049 868 3124 quin
880 3047 914 3106 ad
931 3055 1026 3119 castra

59 3136 169 3204 betur,
193 3130 367 3193 cohortatus
380 3148 466 3199 suos,
488 3129 625 3191 omnibus
641 3129 830 3209 cupientibus
844 3130 880 3191 ad
896 3129 1043 3190 hostium

60 3226 160 3281 castra
176 3214 338 3277 contendit.

121 3300 217 3364 XXV.
241 3298 285 3360 Ibi
302 3317 369 3360 cum
385 3296 433 3358 alii
453 3299 548 3359 iossas
564 3296 753 3376 conplorent,
776 3297 824 3359 alii
843 3295 944 3358 multis
960 3295 1053 3356 telist

60 3385 211 3450 coniectis
237 3382 411 3443 defensores
436 3381 512 3442 vallo
538 3380 811 3461 munitionibusque
830 3379 1031 3462 depellerent

59 3465 410 3544 auxiliaresque,quibus
419 3465 457 3525 ad
462 3482 595 3545 pugnam
607 3485 669 3530 non
681 3467 814 3533 multum
826 3468 959 3534 Crassus
971 3483 1071 3526 oon--
