2356 3870
128 210 168 272 32
447 207 605 264 1111110
621 206 758 264 GALLIGO

93 379 110 430 1
124 372 248 439 iurasse,
264 376 442 447 paratosque
455 386 521 429 osse
534 375 563 428 et
575 368 692 430 obsides
703 369 774 430 dare
786 375 815 429 ot
825 370 968 448 imperata
980 369 1078 429 iacere

126 459 156 513 et
171 452 286 531 oppidis
301 454 437 529 recipere
453 458 482 512 et
500 452 650 516 frumento
671 454 836 528 ceterisque
856 451 947 513 rebus
961 453 1077 518 iuvare:

94 544 111 592 4
125 535 257 611 reliquos
273 552 376 595 omnes
390 533 495 611 Belgas
514 536 650 594 inarmis
672 552 752 604 esse,
769 535 1006 610 Germanosque,
1028 535 1078 617 qui

94 623 111 674 o
127 620 168 678 cis
179 617 316 678 Rhenum
330 617 468 686 incolant,
481 634 547 677 sese
559 635 626 679 cum
636 616 682 676 his
693 618 889 686 coniunxisse,
905 624 1079 692 tantumque

128 718 193 761 esso
209 718 312 761 eorum
329 701 461 759 omnium
479 700 627 768 furorem,
649 706 682 760 ut
702 718 741 760 ne
756 700 929 761 Suessiones
950 699 1077 775 quidem,

125 784 233 843 fratres
249 784 541 858 consanguineosque
561 800 645 850 suos,
667 784 718 859 qui
738 783 840 843 eodem
861 785 927 843 iure
942 789 972 842 et
985 782 1080 842 isdem

124 864 241 942 legibus
257 873 391 933 utantur,
412 883 504 924 unum
524 866 682 942 imperium
702 882 854 942 unumque
874 866 1080 942 magistratum

127 965 195 1007 cum
216 949 288 1025 ipsis
315 946 456 1015 habeant,
485 946 637 1007 deterrere
662 949 829 1025 potuerint,
853 949 924 1023 quin
945 965 1012 1007 cum
1031 945 1080 1006 his

126 1031 339 1090 consentirent.

94 1118 109 1168 1
186 1111 250 1171 ΠΗ.
275 1111 348 1171 Cum
367 1111 404 1171 ab
419 1110 464 1170 his
481 1116 647 1186 quaereret,
659 1128 733 1186 quae
749 1114 879 1173 civitates
894 1119 1080 1188 quantaeque

125 1196 157 1253 in
172 1195 261 1254 armis
282 1203 381 1254 essent
396 1199 426 1252 et
441 1193 511 1269 quid
530 1195 562 1252 in
581 1192 659 1253 bello
674 1203 811 1272 possent,
832 1196 875 1255 sic
894 1193 1078 1272 reperiebat:

125 1275 287 1352 Plerosque
301 1275 405 1352 Belgas
422 1293 487 1336 esse
502 1283 583 1335 ortos
597 1275 633 1335 ab
649 1276 802 1337 Germanis
816 1275 1012 1352 Rhenumque
1027 1294 1078 1336 an·

126 1360 249 1434 tiquitus
263 1358 415 1419 traductos
435 1365 558 1436 propter
577 1357 635 1416 loci
655 1359 836 1420 fertilitatem
854 1360 897 1419 lbi
911 1359 1080 1419 consedisse

94 1449 111 1497 1
126 1440 294 1516 Gallosque,
311 1442 363 1516 qui
378 1458 411 1500 ea
424 1438 489 1500 loca
499 1439 672 1510 incolerent,
689 1442 836 1518 expulisse
850 1441 989 1517 solosque
1003 1459 1070 1502 esso

128 1525 178 1598 qui
197 1530 316 1599 patrum
331 1530 502 1582 nostrorum
524 1524 665 1583 memoria
681 1526 762 1583 omni
776 1523 868 1585 Gallia
883 1531 986 1584 vexata
1000 1525 1078 1584 Teu·

127 1611 213 1665 tonos
229 1604 422 1680 Cimbrosque
442 1607 520 1664 intra
539 1606 613 1664 fines
633 1623 702 1665 suos
721 1606 837 1682 ingredi
856 1606 1078 1684 prohibuerint:

97 1694 114 1744 3
129 1704 186 1763 qua
201 1705 237 1746 ex
252 1705 286 1746 re
300 1688 380 1755 fieri,
402 1689 446 1747 uti
467 1705 568 1748 earum
587 1705 689 1747 rerum
708 1690 850 1748 memoria
869 1705 1005 1765 magnam
1024 1687 1082 1749 sihi

128 1771 334 1829 auctoritatem
348 1786 531 1846 magnosque
551 1771 673 1846 spiritus
687 1772 718 1829 in
732 1789 766 1831 re
782 1771 902 1831 militari
916 1780 1078 1832 sumerent.

97 1851 170 1912 elle
184 1869 310 1911 numero
326 1869 430 1911 eorum
446 1854 541 1911 omnia
558 1870 590 1911 se
604 1851 714 1912 habere
736 1852 886 1929 explorata
900 1853 986 1913 Remi
1000 1853 1080 1913 dice»

128 1933 213 2002 baut,
236 1941 395 2012 propterea
408 1933 509 2009 quod,
535 1935 803 2013 propinquitatibus
825 1935 1081 2012 adfinitatibusque

130 2017 287 2084 coniuncti,
302 2022 439 2090 quantam
451 2017 575 2091 quisque
585 2017 800 2078 multitudinem
812 2020 843 2078 in
854 2020 1002 2078 communi
1012 2017 1079 2078 Bel·

130 2114 234 2173 garum
255 2097 378 2157 concilio
399 2097 435 2157 ad
454 2097 485 2158 id
504 2097 615 2158 bellum
634 2099 780 2178 pollicitus
800 2102 853 2169 sit,
880 2102 1079 2178 cognoverint.

99 2185 116 2236 o
130 2178 293 2238 Plurimum
307 2180 385 2240 inter
401 2197 451 2239 eos
465 2179 634 2241 Bellovacos
650 2190 680 2242 et
692 2185 800 2243 virtute
817 2191 846 2242 et
861 2185 1036 2244 auctoritate
1051 2193 1082 2243 et

131 2260 283 2321 hominum
297 2278 422 2321 numero
437 2261 548 2324 valere:
571 2263 626 2323 hos
639 2283 727 2342 posse
741 2266 886 2326 conficere
901 2273 1011 2326 armata
1025 2267 1080 2325 mi·

132 2343 320 2409 baccatum:
344 2343 490 2422 pollicitos
511 2364 546 2405 ex
568 2365 603 2406 eo
617 2365 742 2408 numero
764 2348 855 2408 electa
869 2349 1020 2429 sexaginta
1034 2355 1079 2407 to*

99 2427 249 2503 ttiusque
268 2425 338 2486 belli
357 2428 515 2505 imperium
534 2427 591 2488 sihi
610 2428 768 2505 postulare.
813 2431 987 2492 Suessiones
1010 2448 1083 2493 suos

135 2531 200 2573 esse
211 2513 369 2580 finitimos:
382 2511 542 2571 latissimos
553 2511 812 2588 feracissimosque
821 2526 908 2585 agros
919 2507 1085 2587 possidere.

101 2606 116 2654 ⁷
132 2597 218 2674 Apud
232 2615 283 2655 eos
298 2597 390 2655 luisse
404 2611 507 2671 regem
522 2601 623 2653 nostra
637 2595 725 2652 etiam
738 2595 883 2652 memoria
896 2591 1085 2661 Divitiacum,

133 2683 223 2741 totius
239 2681 348 2742 Galbae
361 2684 612 2760 potentissimum,
635 2684 685 2758 qui
699 2701 767 2743 cum
780 2699 903 2760 magnae
922 2682 1014 2760 partis
1028 2681 1080 2740 ha·

133 2782 201 2825 rum
215 2765 383 2841 regionum,
404 2771 467 2824 tum
488 2767 574 2825 etiam
588 2765 756 2825 Britanniae
773 2766 930 2842 imperium
945 2765 1080 2842 optinue-

133 2849 186 2914 rit:
210 2864 289 2910 nunc
304 2865 369 2906 esse
383 2864 484 2924 regem
500 2847 634 2908 Galbam:
657 2848 693 2908 ad
712 2847 792 2908 hunc
805 2855 927 2926 propter
941 2846 1082 2906 iustitiam

134 2929 379 3006 prudentiamque
393 2949 476 2990 suam
491 2932 581 2991 totius
595 2930 665 2990 belli
675 2948 818 2991 summam
833 2931 963 2990 omnium
978 2928 1080 2989 volun·

134 3019 194 3071 tate
215 3011 338 3078 deterri:
369 3013 476 3090 oppida
495 3013 605 3074 habere
624 3031 748 3074 numero
767 3033 827 3082 x11,
850 3012 983 3091 polliceri
1003 3009 1082 3071 milia

105 3101 246 3154 sarmata
266 3095 488 3171 quinquaginta:
511 3097 632 3158 totidem
652 3096 788 3165 Nervios,
811 3096 862 3171 qui
880 3095 1006 3155 maxime
1025 3093 1083 3154 leri

104 3177 212 3236 tinter
231 3178 311 3255 ipsos
337 3175 500 3237 habeantur
524 3179 752 3256 longissimeque
776 3177 885 3245 absint:
915 3177 1083 3254 quindecim

135 3258 214 3319 milia
227 3258 395 3329 Atrebates,
410 3259 568 3326 Ambianos
583 3263 685 3323 decem
698 3261 791 3331 milia,
807 3261 937 3322 Morinos
950 3279 1013 3320 xxv
1027 3259 1081 3319 mi·

53 3414 57 3421 .
136 3339 184 3411 lla,
199 3343 350 3420 Menapios
363 3362 409 3403 vn
423 3343 510 3413 milia,
527 3344 642 3405 Caletos
657 3367 676 3409 x
690 3345 778 3414 milia,
794 3343 975 3406 Veliocasses
991 3348 1020 3403 et
1034 3342 1082 3401 Vi·

136 3425 314 3486 romanduos
337 3426 474 3495 totidem,
494 3427 661 3503 Aduatucos
686 3429 788 3489 decem
814 3435 843 3488 et
861 3444 966 3488 novem
986 3423 1082 3491 milla:
