<?xml version="1.0" encoding="UTF-8"?>
<!DOCTYPE html PUBLIC "-//W3C//DTD XHTML 1.0 Transitional//EN"
    "http://www.w3.org/TR/xhtml1/DTD/xhtml1-transitional.dtd">
<html xmlns="http://www.w3.org/1999/xhtml" xml:lang="en" lang="en">
 <head>
  <title>
</title>
<meta http-equiv="Content-Type" content="text/html;charset=utf-8" />
  <meta name='ocr-system' content='tesseract 3.04.00' />
  <meta name='ocr-capabilities' content='ocr_page ocr_carea ocr_par ocr_line ocrx_word'/>
</head>
<body>
  <div class='ocr_page' id='page_1' title='image "./commentariicuma00caesgoog_0300.png"; bbox 0 0 2356 3870; ppageno 0'>
   <div class='ocr_carea' id='block_1_1' title="bbox 254 211 1028 279">
    <p class='ocr_par' dir='ltr' id='par_1_1' title="bbox 254 211 1028 279">
     <span class='ocr_line' id='line_1_1' title="bbox 254 211 1028 279; baseline 0.003 -2"><span class='ocrx_word' id='word_1_1' title='bbox 254 219 368 277; x_wconf 84' lang='lat' dir='ltr'><strong>cortu.</strong></span> <span class='ocrx_word' id='word_1_2' title='bbox 382 220 431 276; x_wconf 92' lang='lat' dir='ltr'><strong>m.</strong></span> <span class='ocrx_word' id='word_1_3' title='bbox 454 219 530 276; x_wconf 78' lang='lat' dir='ltr'><strong>car.</strong></span> <span class='ocrx_word' id='word_1_4' title='bbox 545 219 837 276; x_wconf 76' lang='lat' dir='ltr'><strong>xxm-xxxxv.</strong></span> <span class='ocrx_word' id='word_1_5' title='bbox 985 211 1028 279; x_wconf 84' lang='grc'><strong>89</strong></span> 
     </span>
    </p>
   </div>
   <div class='ocr_carea' id='block_1_2' title="bbox 56 386 1110 3500">
    <p class='ocr_par' dir='ltr' id='par_1_2' title="bbox 64 386 1028 1055">
     <span class='ocr_line' id='line_1_2' title="bbox 64 386 1028 467; baseline -0.003 -19"><span class='ocrx_word' id='word_1_6' title='bbox 64 387 225 466; x_wconf 84' lang='lat' dir='ltr'><strong>Pompeius</strong></span> <span class='ocrx_word' id='word_1_7' title='bbox 240 386 430 447; x_wconf 92' lang='lat' dir='ltr'><strong>multitudine</strong></span> <span class='ocrx_word' id='word_1_8' title='bbox 446 388 580 466; x_wconf 90' lang='lat' dir='ltr'><strong>equitum</strong></span> <span class='ocrx_word' id='word_1_9' title='bbox 595 386 719 456; x_wconf 89' lang='lat' dir='ltr'><strong>valebat,</strong></span> <span class='ocrx_word' id='word_1_10' title='bbox 742 405 800 467; x_wconf 94' lang='lat' dir='ltr'><strong>quo</strong></span> <span class='ocrx_word' id='word_1_11' title='bbox 816 386 931 447; x_wconf 91' lang='lat' dir='ltr'><strong>minore</strong></span> <span class='ocrx_word' id='word_1_12' title='bbox 945 387 1028 464; x_wconf 91' lang='lat' dir='ltr'><strong>peri·</strong></span> 
     </span>
     <span class='ocr_line' id='line_1_3' title="bbox 65 469 1026 551; baseline -0.001 -20"><span class='ocrx_word' id='word_1_13' title='bbox 65 471 132 531; x_wconf 91' lang='lat' dir='ltr'><strong>culo</strong></span> <span class='ocrx_word' id='word_1_14' title='bbox 152 471 284 549; x_wconf 91' lang='lat' dir='ltr'><strong>undique</strong></span> <span class='ocrx_word' id='word_1_15' title='bbox 305 471 490 531; x_wconf 91' lang='lat' dir='ltr'><strong>lrumentum</strong></span> <span class='ocrx_word' id='word_1_16' title='bbox 513 478 767 551; x_wconf 81' lang='lat' dir='ltr'><strong>commeatumque</strong></span> <span class='ocrx_word' id='word_1_17' title='bbox 788 471 934 531; x_wconf 83' lang='lat' dir='ltr'><strong>exercitui</strong></span> <span class='ocrx_word' id='word_1_18' title='bbox 955 469 1026 530; x_wconf 91' lang='lat' dir='ltr'><strong>sub·</strong></span> 
     </span>
     <span class='ocr_line' id='line_1_4' title="bbox 65 554 1025 635; baseline -0.001 -20"><span class='ocrx_word' id='word_1_19' title='bbox 65 562 185 634; x_wconf 90' lang='lat' dir='ltr'><strong>portare</strong></span> <span class='ocrx_word' id='word_1_20' title='bbox 211 561 327 635; x_wconf 90' lang='lat' dir='ltr'><strong>posset,</strong></span> <span class='ocrx_word' id='word_1_21' title='bbox 355 554 458 624; x_wconf 92' lang='lat' dir='ltr'><strong>simul,</strong></span> <span class='ocrx_word' id='word_1_22' title='bbox 482 556 527 614; x_wconf 91' lang='lat' dir='ltr'><strong>uti</strong></span> <span class='ocrx_word' id='word_1_23' title='bbox 552 554 742 634; x_wconf 82' lang='lat' dir='ltr'><strong>pabulatione</strong></span> <span class='ocrx_word' id='word_1_24' title='bbox 762 555 936 635; x_wconf 90' lang='lat' dir='ltr'><strong>Pompeium</strong></span> <span class='ocrx_word' id='word_1_25' title='bbox 955 572 1025 633; x_wconf 91' lang='lat' dir='ltr'><strong>pro·</strong></span> 
     </span>
     <span class='ocr_line' id='line_1_5' title="bbox 64 638 1026 718; baseline 0 -20"><span class='ocrx_word' id='word_1_26' title='bbox 64 638 185 699; x_wconf 88' lang='lat' dir='ltr'><strong>biberet</strong></span> <span class='ocrx_word' id='word_1_27' title='bbox 210 640 435 718; x_wconf 78' lang='lat' dir='ltr'><strong>equitatumque</strong></span> <span class='ocrx_word' id='word_1_28' title='bbox 458 640 523 700; x_wconf 93' lang='lat' dir='ltr'><strong>eius</strong></span> <span class='ocrx_word' id='word_1_29' title='bbox 549 639 586 700; x_wconf 93' lang='lat' dir='ltr'><strong>ad</strong></span> <span class='ocrx_word' id='word_1_30' title='bbox 611 657 676 700; x_wconf 91' lang='lat' dir='ltr'><strong>rem</strong></span> <span class='ocrx_word' id='word_1_31' title='bbox 701 639 864 716; x_wconf 84' lang='lat' dir='ltr'><strong>gerendam</strong></span> <span class='ocrx_word' id='word_1_32' title='bbox 888 640 1026 700; x_wconf 88' lang='lat' dir='ltr'><strong>inutilem</strong></span> 
     </span>
     <span class='ocr_line' id='line_1_6' title="bbox 65 723 1026 802; baseline -0.001 -18"><span class='ocrx_word' id='word_1_33' title='bbox 65 725 216 793; x_wconf 82' lang='lat' dir='ltr'><strong>efiiceret,</strong></span> <span class='ocrx_word' id='word_1_34' title='bbox 240 725 343 793; x_wconf 90' lang='lat' dir='ltr'><strong>tertio,</strong></span> <span class='ocrx_word' id='word_1_35' title='bbox 365 730 398 783; x_wconf 94' lang='lat' dir='ltr'><strong>ut</strong></span> <span class='ocrx_word' id='word_1_36' title='bbox 418 725 640 793; x_wconf 88' lang='lat' dir='ltr'><strong>auctoritatem,</strong></span> <span class='ocrx_word' id='word_1_37' title='bbox 663 741 721 802; x_wconf 93' lang='lat' dir='ltr'><strong>qua</strong></span> <span class='ocrx_word' id='word_1_38' title='bbox 740 723 790 784; x_wconf 91' lang='lat' dir='ltr'><strong>ille</strong></span> <span class='ocrx_word' id='word_1_39' title='bbox 805 726 932 784; x_wconf 81' lang='lat' dir='ltr'><strong>maxime</strong></span> <span class='ocrx_word' id='word_1_40' title='bbox 948 723 1026 802; x_wconf 92' lang='lat' dir='ltr'><strong>apud</strong></span> 
     </span>
     <span class='ocr_line' id='line_1_7' title="bbox 65 807 1026 886; baseline -0.002 -18"><span class='ocrx_word' id='word_1_41' title='bbox 65 815 182 868; x_wconf 84' lang='lat' dir='ltr'><strong>exteras</strong></span> <span class='ocrx_word' id='word_1_42' title='bbox 197 809 334 868; x_wconf 88' lang='lat' dir='ltr'><strong>nationes</strong></span> <span class='ocrx_word' id='word_1_43' title='bbox 348 807 403 867; x_wconf 90' lang='lat' dir='ltr'><strong>niti</strong></span> <span class='ocrx_word' id='word_1_44' title='bbox 423 807 588 878; x_wconf 91' lang='lat' dir='ltr'><strong>videbatur,</strong></span> <span class='ocrx_word' id='word_1_45' title='bbox 610 809 769 875; x_wconf 90' lang='lat' dir='ltr'><strong>minueret,</strong></span> <span class='ocrx_word' id='word_1_46' title='bbox 792 825 859 867; x_wconf 91' lang='lat' dir='ltr'><strong>cum</strong></span> <span class='ocrx_word' id='word_1_47' title='bbox 874 809 950 868; x_wconf 83' lang='lat' dir='ltr'><strong>sarna</strong></span> <span class='ocrx_word' id='word_1_48' title='bbox 970 824 1026 886; x_wconf 91' lang='lat' dir='ltr'><strong>per</strong></span> 
     </span>
     <span class='ocr_line' id='line_1_8' title="bbox 65 890 1026 970; baseline -0.001 -17"><span class='ocrx_word' id='word_1_49' title='bbox 65 890 170 953; x_wconf 89' lang='lat' dir='ltr'><strong>orbern</strong></span> <span class='ocrx_word' id='word_1_50' title='bbox 184 898 337 952; x_wconf 56' lang='lat' dir='ltr'><strong>terrarum*</strong></span> <span class='ocrx_word' id='word_1_51' title='bbox 348 890 585 970; x_wconf 89' lang='lat' dir='ltr'><strong>percrebuisset,</strong></span> <span class='ocrx_word' id='word_1_52' title='bbox 606 892 690 953; x_wconf 91' lang='lat' dir='ltr'><strong>illum</strong></span> <span class='ocrx_word' id='word_1_53' title='bbox 712 891 870 953; x_wconf 89' lang='lat' dir='ltr'><strong>aCaesare</strong></span> <span class='ocrx_word' id='word_1_54' title='bbox 892 890 1026 952; x_wconf 86' lang='lat' dir='ltr'><strong>obsideri</strong></span> 
     </span>
     <span class='ocr_line' id='line_1_9' title="bbox 64 975 587 1055; baseline 0 -19"><span class='ocrx_word' id='word_1_55' title='bbox 64 994 162 1055; x_wconf 92' lang='lat' dir='ltr'><strong>neque</strong></span> <span class='ocrx_word' id='word_1_56' title='bbox 178 976 288 1036; x_wconf 91' lang='lat' dir='ltr'><strong>audere</strong></span> <span class='ocrx_word' id='word_1_57' title='bbox 304 975 417 1055; x_wconf 90' lang='lat' dir='ltr'><strong>proelio</strong></span> <span class='ocrx_word' id='word_1_58' title='bbox 433 976 587 1036; x_wconf 91' lang='lat' dir='ltr'><strong>dimicare.</strong></span> 
     </span>
    </p>

    <p class='ocr_par' dir='ltr' id='par_1_3' title="bbox 56 1059 1110 3328">
     <span class='ocr_line' id='line_1_10' title="bbox 128 1059 1051 1140; baseline -0.001 -20"><span class='ocrx_word' id='word_1_59' title='bbox 128 1059 305 1121; x_wconf 87' lang='lat' dir='ltr'><strong>XXXXllll.</strong></span> <span class='ocrx_word' id='word_1_60' title='bbox 340 1060 500 1140; x_wconf 90' lang='lat' dir='ltr'><strong>Pompeius</strong></span> <span class='ocrx_word' id='word_1_61' title='bbox 520 1079 616 1140; x_wconf 90' lang='lat' dir='ltr'><strong>neque</strong></span> <span class='ocrx_word' id='word_1_62' title='bbox 643 1079 659 1121; x_wconf 95' lang='lat' dir='ltr'><strong>a</strong></span> <span class='ocrx_word' id='word_1_63' title='bbox 684 1063 761 1122; x_wconf 90' lang='lat' dir='ltr'><strong>mari</strong></span> <span class='ocrx_word' id='word_1_64' title='bbox 781 1060 1051 1140; x_wconf 79' lang='lat' dir='ltr'><strong>Dyrrhachioquet</strong></span> 
     </span>
     <span class='ocr_line' id='line_1_11' title="bbox 66 1143 1024 1224; baseline 0 -19"><span class='ocrx_word' id='word_1_65' title='bbox 66 1144 219 1205; x_wconf 78' lang='lat' dir='ltr'><strong>discedere</strong></span> <span class='ocrx_word' id='word_1_66' title='bbox 243 1143 372 1214; x_wconf 90' lang='lat' dir='ltr'><strong>volebat,</strong></span> <span class='ocrx_word' id='word_1_67' title='bbox 400 1145 478 1224; x_wconf 91' lang='lat' dir='ltr'><strong>quod</strong></span> <span class='ocrx_word' id='word_1_68' title='bbox 505 1163 622 1205; x_wconf 90' lang='lat' dir='ltr'><strong>omnem</strong></span> <span class='ocrx_word' id='word_1_69' title='bbox 643 1152 816 1224; x_wconf 92' lang='lat' dir='ltr'><strong>apparatum</strong></span> <span class='ocrx_word' id='word_1_70' title='bbox 842 1144 928 1215; x_wconf 90' lang='lat' dir='ltr'><strong>belli,</strong></span> <span class='ocrx_word' id='word_1_71' title='bbox 956 1145 1024 1216; x_wconf 92' lang='lat' dir='ltr'><strong>tela,</strong></span> 
     </span>
     <span class='ocr_line' id='line_1_12' title="bbox 65 1227 1025 1309; baseline 0.001 -20"><span class='ocrx_word' id='word_1_72' title='bbox 65 1247 162 1298; x_wconf 90' lang='lat' dir='ltr'><strong>arma,</strong></span> <span class='ocrx_word' id='word_1_73' title='bbox 183 1235 330 1289; x_wconf 88' lang='lat' dir='ltr'><strong>tormenta</strong></span> <span class='ocrx_word' id='word_1_74' title='bbox 352 1227 395 1288; x_wconf 93' lang='lat' dir='ltr'><strong>ibi</strong></span> <span class='ocrx_word' id='word_1_75' title='bbox 416 1228 610 1290; x_wconf 83' lang='lat' dir='ltr'><strong>collocaverat</strong></span> <span class='ocrx_word' id='word_1_76' title='bbox 623 1230 864 1309; x_wconf 81' lang='lat' dir='ltr'><strong>frumentumque</strong></span> <span class='ocrx_word' id='word_1_77' title='bbox 880 1231 1025 1290; x_wconf 86' lang='lat' dir='ltr'><strong>exercitui</strong></span> 
     </span>
     <span class='ocr_line' id='line_1_13' title="bbox 64 1311 1024 1393; baseline -0.002 -18"><span class='ocrx_word' id='word_1_78' title='bbox 64 1312 192 1375; x_wconf 92' lang='lat' dir='ltr'><strong>navibus</strong></span> <span class='ocrx_word' id='word_1_79' title='bbox 213 1311 422 1391; x_wconf 89' lang='lat' dir='ltr'><strong>subportabat,</strong></span> <span class='ocrx_word' id='word_1_80' title='bbox 445 1331 542 1392; x_wconf 89' lang='lat' dir='ltr'><strong>neque</strong></span> <span class='ocrx_word' id='word_1_81' title='bbox 564 1314 744 1374; x_wconf 91' lang='lat' dir='ltr'><strong>munitiones</strong></span> <span class='ocrx_word' id='word_1_82' title='bbox 765 1313 900 1375; x_wconf 83' lang='lat' dir='ltr'><strong>Caesaris</strong></span> <span class='ocrx_word' id='word_1_83' title='bbox 924 1313 1024 1393; x_wconf 91' lang='lat' dir='ltr'><strong>prohi-</strong></span> 
     </span>
     <span class='ocr_line' id='line_1_14' title="bbox 65 1397 1024 1477; baseline 0 -19"><span class='ocrx_word' id='word_1_84' title='bbox 65 1397 138 1458; x_wconf 91' lang='lat' dir='ltr'><strong>bere</strong></span> <span class='ocrx_word' id='word_1_85' title='bbox 153 1403 280 1476; x_wconf 88' lang='lat' dir='ltr'><strong>poterat,</strong></span> <span class='ocrx_word' id='word_1_86' title='bbox 303 1399 362 1457; x_wconf 93' lang='lat' dir='ltr'><strong>nisi</strong></span> <span class='ocrx_word' id='word_1_87' title='bbox 379 1397 494 1475; x_wconf 91' lang='lat' dir='ltr'><strong>proelio</strong></span> <span class='ocrx_word' id='word_1_88' title='bbox 509 1397 665 1458; x_wconf 92' lang='lat' dir='ltr'><strong>decertare</strong></span> <span class='ocrx_word' id='word_1_89' title='bbox 681 1397 783 1467; x_wconf 91' lang='lat' dir='ltr'><strong>vellet;</strong></span> <span class='ocrx_word' id='word_1_90' title='bbox 805 1399 884 1477; x_wconf 93' lang='lat' dir='ltr'><strong>quod</strong></span> <span class='ocrx_word' id='word_1_91' title='bbox 899 1415 935 1458; x_wconf 91' lang='lat' dir='ltr'><strong>eo</strong></span> <span class='ocrx_word' id='word_1_92' title='bbox 950 1405 1024 1458; x_wconf 91' lang='lat' dir='ltr'><strong>tem·</strong></span> 
     </span>
     <span class='ocr_line' id='line_1_15' title="bbox 65 1476 1054 1562; baseline -0.002 -21"><span class='ocrx_word' id='word_1_93' title='bbox 65 1498 138 1562; x_wconf 91' lang='lat' dir='ltr'><strong>pore</strong></span> <span class='ocrx_word' id='word_1_94' title='bbox 159 1487 304 1541; x_wconf 88' lang='lat' dir='ltr'><strong>statuerat</strong></span> <span class='ocrx_word' id='word_1_95' title='bbox 325 1499 383 1541; x_wconf 93' lang='lat' dir='ltr'><strong>non</strong></span> <span class='ocrx_word' id='word_1_96' title='bbox 406 1499 471 1542; x_wconf 91' lang='lat' dir='ltr'><strong>esse</strong></span> <span class='ocrx_word' id='word_1_97' title='bbox 496 1481 675 1543; x_wconf 86' lang='lat' dir='ltr'><strong>iaciendum.</strong></span> <span class='ocrx_word' id='word_1_98' title='bbox 715 1476 967 1562; x_wconf 87' lang='lat' dir='ltr'><strong>Relinquebatur,</strong></span> <span class='ocrx_word' id='word_1_99' title='bbox 994 1489 1054 1541; x_wconf 65' lang='lat' dir='ltr'><strong>uta</strong></span> 
     </span>
     <span class='ocr_line' id='line_1_16' title="bbox 64 1564 1026 1645; baseline 0.001 -19"><span class='ocrx_word' id='word_1_100' title='bbox 64 1573 229 1626; x_wconf 84' lang='lat' dir='ltr'><strong>extremam</strong></span> <span class='ocrx_word' id='word_1_101' title='bbox 250 1567 396 1626; x_wconf 90' lang='lat' dir='ltr'><strong>rationem</strong></span> <span class='ocrx_word' id='word_1_102' title='bbox 418 1564 490 1626; x_wconf 93' lang='lat' dir='ltr'><strong>belli</strong></span> <span class='ocrx_word' id='word_1_103' title='bbox 511 1583 640 1645; x_wconf 91' lang='lat' dir='ltr'><strong>sequens</strong></span> <span class='ocrx_word' id='word_1_104' title='bbox 660 1566 916 1645; x_wconf 92' lang='lat' dir='ltr'><strong>quamplurimos</strong></span> <span class='ocrx_word' id='word_1_105' title='bbox 936 1567 1026 1627; x_wconf 92' lang='lat' dir='ltr'><strong>colles</strong></span> 
     </span>
     <span class='ocr_line' id='line_1_17' title="bbox 64 1649 1027 1728; baseline 0 -18"><span class='ocrx_word' id='word_1_106' title='bbox 64 1655 225 1727; x_wconf 91' lang='lat' dir='ltr'><strong>occuparet</strong></span> <span class='ocrx_word' id='word_1_107' title='bbox 241 1656 271 1709; x_wconf 89' lang='lat' dir='ltr'><strong>ct</strong></span> <span class='ocrx_word' id='word_1_108' title='bbox 286 1667 374 1728; x_wconf 91' lang='lat' dir='ltr'><strong>quarn</strong></span> <span class='ocrx_word' id='word_1_109' title='bbox 396 1649 554 1710; x_wconf 91' lang='lat' dir='ltr'><strong>latissimas</strong></span> <span class='ocrx_word' id='word_1_110' title='bbox 571 1652 710 1726; x_wconf 84' lang='lat' dir='ltr'><strong>regiones</strong></span> <span class='ocrx_word' id='word_1_111' title='bbox 729 1649 888 1728; x_wconf 90' lang='lat' dir='ltr'><strong>praesidiis</strong></span> <span class='ocrx_word' id='word_1_112' title='bbox 908 1657 1027 1711; x_wconf 88' lang='lat' dir='ltr'><strong>teneret</strong></span> 
     </span>
     <span class='ocr_line' id='line_1_18' title="bbox 64 1733 1024 1813; baseline -0.002 -17"><span class='ocrx_word' id='word_1_113' title='bbox 64 1733 259 1812; x_wconf 84' lang='lat' dir='ltr'><strong>Caesarisque</strong></span> <span class='ocrx_word' id='word_1_114' title='bbox 290 1734 404 1813; x_wconf 88' lang='lat' dir='ltr'><strong>copias,</strong></span> <span class='ocrx_word' id='word_1_115' title='bbox 435 1752 523 1812; x_wconf 92' lang='lat' dir='ltr'><strong>quam</strong></span> <span class='ocrx_word' id='word_1_116' title='bbox 552 1736 679 1795; x_wconf 85' lang='lat' dir='ltr'><strong>maxime</strong></span> <span class='ocrx_word' id='word_1_117' title='bbox 708 1741 822 1812; x_wconf 91' lang='lat' dir='ltr'><strong>posset,</strong></span> <span class='ocrx_word' id='word_1_118' title='bbox 853 1734 1024 1804; x_wconf 88' lang='lat' dir='ltr'><strong>distineret;</strong></span> 
     </span>
     <span class='ocr_line' id='line_1_19' title="bbox 64 1817 1054 1897; baseline -0.003 -18"><span class='ocrx_word' id='word_1_119' title='bbox 64 1818 154 1897; x_wconf 89' lang='lat' dir='ltr'><strong>idque</strong></span> <span class='ocrx_word' id='word_1_120' title='bbox 181 1817 299 1878; x_wconf 89' lang='lat' dir='ltr'><strong>accidit.</strong></span> <span class='ocrx_word' id='word_1_121' title='bbox 345 1817 480 1878; x_wconf 92' lang='lat' dir='ltr'><strong>Castellis</strong></span> <span class='ocrx_word' id='word_1_122' title='bbox 504 1819 584 1877; x_wconf 86' lang='lat' dir='ltr'><strong>enirn</strong></span> <span class='ocrx_word' id='word_1_123' title='bbox 607 1830 710 1878; x_wconf 85' lang='lat' dir='ltr'><strong>xxn11</strong></span> <span class='ocrx_word' id='word_1_124' title='bbox 736 1818 851 1879; x_wconf 82' lang='lat' dir='ltr'><strong>effectis</strong></span> <span class='ocrx_word' id='word_1_125' title='bbox 873 1831 921 1878; x_wconf 83' lang='lat' dir='ltr'><strong>xv</strong></span> <span class='ocrx_word' id='word_1_126' title='bbox 945 1818 1054 1881; x_wconf 77' lang='lat' dir='ltr'><strong>miliae</strong></span> 
     </span>
     <span class='ocr_line' id='line_1_20' title="bbox 64 1901 1026 1982; baseline -0.002 -19"><span class='ocrx_word' id='word_1_127' title='bbox 64 1919 206 1982; x_wconf 92' lang='lat' dir='ltr'><strong>passuum</strong></span> <span class='ocrx_word' id='word_1_128' title='bbox 221 1902 347 1963; x_wconf 91' lang='lat' dir='ltr'><strong>circuitu</strong></span> <span class='ocrx_word' id='word_1_129' title='bbox 363 1902 525 1980; x_wconf 85' lang='lat' dir='ltr'><strong>amplexus,</strong></span> <span class='ocrx_word' id='word_1_130' title='bbox 541 1902 597 1963; x_wconf 88' lang='lat' dir='ltr'><strong>hoc</strong></span> <span class='ocrx_word' id='word_1_131' title='bbox 612 1904 707 1982; x_wconf 89' lang='lat' dir='ltr'><strong>spatio</strong></span> <span class='ocrx_word' id='word_1_132' title='bbox 721 1901 932 1981; x_wconf 88' lang='lat' dir='ltr'><strong>pabulabatur;</strong></span> <span class='ocrx_word' id='word_1_133' title='bbox 948 1902 1026 1970; x_wconf 61' lang='lat' dir='ltr'><strong>mul÷</strong></span> 
     </span>
     <span class='ocr_line' id='line_1_21' title="bbox 64 1985 1027 2066; baseline -0.001 -18"><span class='ocrx_word' id='word_1_134' title='bbox 64 1994 153 2066; x_wconf 85' lang='lat' dir='ltr'><strong>taque</strong></span> <span class='ocrx_word' id='word_1_135' title='bbox 170 1993 255 2046; x_wconf 90' lang='lat' dir='ltr'><strong>erant</strong></span> <span class='ocrx_word' id='word_1_136' title='bbox 270 1988 351 2046; x_wconf 89' lang='lat' dir='ltr'><strong>intra</strong></span> <span class='ocrx_word' id='word_1_137' title='bbox 366 2004 435 2046; x_wconf 89' lang='lat' dir='ltr'><strong>eurn</strong></span> <span class='ocrx_word' id='word_1_138' title='bbox 454 1986 552 2047; x_wconf 91' lang='lat' dir='ltr'><strong>locum</strong></span> <span class='ocrx_word' id='word_1_139' title='bbox 567 2005 656 2047; x_wconf 94' lang='lat' dir='ltr'><strong>manu</strong></span> <span class='ocrx_word' id='word_1_140' title='bbox 678 1994 754 2056; x_wconf 91' lang='lat' dir='ltr'><strong>sata,</strong></span> <span class='ocrx_word' id='word_1_141' title='bbox 777 1985 886 2065; x_wconf 91' lang='lat' dir='ltr'><strong>quibus</strong></span> <span class='ocrx_word' id='word_1_142' title='bbox 904 1986 1027 2048; x_wconf 91' lang='lat' dir='ltr'><strong>interim</strong></span> 
     </span>
     <span class='ocr_line' id='line_1_22' title="bbox 63 2071 1056 2151; baseline -0.002 -20"><span class='ocrx_word' id='word_1_143' title='bbox 63 2071 198 2131; x_wconf 91' lang='lat' dir='ltr'><strong>iumenta</strong></span> <span class='ocrx_word' id='word_1_144' title='bbox 212 2077 357 2150; x_wconf 91' lang='lat' dir='ltr'><strong>pasceret.</strong></span> <span class='ocrx_word' id='word_1_145' title='bbox 394 2072 489 2150; x_wconf 81' lang='lat' dir='ltr'><strong>Atque</strong></span> <span class='ocrx_word' id='word_1_146' title='bbox 504 2077 538 2132; x_wconf 89' lang='lat' dir='ltr'><strong>ut</strong></span> <span class='ocrx_word' id='word_1_147' title='bbox 554 2073 649 2132; x_wconf 91' lang='lat' dir='ltr'><strong>nostri</strong></span> <span class='ocrx_word' id='word_1_148' title='bbox 670 2077 829 2151; x_wconf 91' lang='lat' dir='ltr'><strong>perpetuas</strong></span> <span class='ocrx_word' id='word_1_149' title='bbox 843 2073 1056 2133; x_wconf 70' lang='lat' dir='ltr'><strong>munitionest</strong></span> 
     </span>
     <span class='ocr_line' id='line_1_23' title="bbox 64 2152 1026 2234; baseline 0.002 -20"><span class='ocrx_word' id='word_1_150' title='bbox 64 2152 218 2215; x_wconf 92' lang='lat' dir='ltr'><strong>habebant</strong></span> <span class='ocrx_word' id='word_1_151' title='bbox 237 2155 396 2233; x_wconf 90' lang='lat' dir='ltr'><strong>perductas</strong></span> <span class='ocrx_word' id='word_1_152' title='bbox 416 2173 452 2215; x_wconf 81' lang='lat' dir='ltr'><strong>ex</strong></span> <span class='ocrx_word' id='word_1_153' title='bbox 473 2154 601 2216; x_wconf 88' lang='lat' dir='ltr'><strong>castellis</strong></span> <span class='ocrx_word' id='word_1_154' title='bbox 620 2157 652 2216; x_wconf 96' lang='lat' dir='ltr'><strong>in</strong></span> <span class='ocrx_word' id='word_1_155' title='bbox 672 2157 809 2234; x_wconf 84' lang='lat' dir='ltr'><strong>proxima</strong></span> <span class='ocrx_word' id='word_1_156' title='bbox 831 2155 966 2224; x_wconf 90' lang='lat' dir='ltr'><strong>castella,</strong></span> <span class='ocrx_word' id='word_1_157' title='bbox 987 2174 1026 2216; x_wconf 92' lang='lat' dir='ltr'><strong>ne</strong></span> 
     </span>
     <span class='ocr_line' id='line_1_24' title="bbox 64 2237 1027 2320; baseline 0.004 -22"><span class='ocrx_word' id='word_1_158' title='bbox 64 2256 124 2320; x_wconf 91' lang='lat' dir='ltr'><strong>quo</strong></span> <span class='ocrx_word' id='word_1_159' title='bbox 146 2237 211 2299; x_wconf 91' lang='lat' dir='ltr'><strong>loco</strong></span> <span class='ocrx_word' id='word_1_160' title='bbox 233 2246 425 2319; x_wconf 88' lang='lat' dir='ltr'><strong>erumperent</strong></span> <span class='ocrx_word' id='word_1_161' title='bbox 438 2239 610 2318; x_wconf 89' lang='lat' dir='ltr'><strong>Pompeiani</strong></span> <span class='ocrx_word' id='word_1_162' title='bbox 631 2257 665 2300; x_wconf 91' lang='lat' dir='ltr'><strong>ac</strong></span> <span class='ocrx_word' id='word_1_163' title='bbox 686 2246 802 2300; x_wconf 89' lang='lat' dir='ltr'><strong>nostros</strong></span> <span class='ocrx_word' id='word_1_164' title='bbox 822 2245 889 2319; x_wconf 87' lang='lat' dir='ltr'><strong>post</strong></span> <span class='ocrx_word' id='word_1_165' title='bbox 909 2247 1027 2317; x_wconf 80' lang='lat' dir='ltr'><strong>tergum</strong></span> 
     </span>
     <span class='ocr_line' id='line_1_25' title="bbox 65 2321 1100 2403; baseline 0 -18"><span class='ocrx_word' id='word_1_166' title='bbox 65 2324 256 2385; x_wconf 84' lang='lat' dir='ltr'><strong>adorirentur</strong></span> <span class='ocrx_word' id='word_1_167' title='bbox 273 2321 460 2403; x_wconf 90' lang='lat' dir='ltr'><strong>[timebant],</strong></span> <span class='ocrx_word' id='word_1_168' title='bbox 482 2325 523 2384; x_wconf 91' lang='lat' dir='ltr'><strong>ita</strong></span> <span class='ocrx_word' id='word_1_169' title='bbox 538 2324 583 2384; x_wconf 91' lang='lat' dir='ltr'><strong>illi</strong></span> <span class='ocrx_word' id='word_1_170' title='bbox 598 2325 741 2384; x_wconf 90' lang='lat' dir='ltr'><strong>interiore</strong></span> <span class='ocrx_word' id='word_1_171' title='bbox 756 2326 852 2402; x_wconf 87' lang='lat' dir='ltr'><strong>spatio</strong></span> <span class='ocrx_word' id='word_1_172' title='bbox 866 2331 1026 2403; x_wconf 91' lang='lat' dir='ltr'><strong>perpetuas</strong></span> <span class='ocrx_word' id='word_1_173' title='bbox 1097 2323 1100 2327; x_wconf 75' lang='grc'><strong>’</strong></span> 
     </span>
     <span class='ocr_line' id='line_1_26' title="bbox 64 2407 1026 2488; baseline 0 -20"><span class='ocrx_word' id='word_1_174' title='bbox 64 2408 248 2468; x_wconf 88' lang='lat' dir='ltr'><strong>munitiones</strong></span> <span class='ocrx_word' id='word_1_175' title='bbox 268 2407 455 2477; x_wconf 83' lang='lat' dir='ltr'><strong>efficiebant,</strong></span> <span class='ocrx_word' id='word_1_176' title='bbox 481 2425 633 2488; x_wconf 90' lang='lat' dir='ltr'><strong>nequem</strong></span> <span class='ocrx_word' id='word_1_177' title='bbox 663 2408 761 2468; x_wconf 91' lang='lat' dir='ltr'><strong>locum</strong></span> <span class='ocrx_word' id='word_1_178' title='bbox 792 2410 886 2468; x_wconf 90' lang='lat' dir='ltr'><strong>nostri</strong></span> <span class='ocrx_word' id='word_1_179' title='bbox 912 2410 1026 2469; x_wconf 90' lang='lat' dir='ltr'><strong>intrare</strong></span> 
     </span>
     <span class='ocr_line' id='line_1_27' title="bbox 56 2490 1056 2572; baseline -0.005 -20"><span class='ocrx_word' id='word_1_180' title='bbox 56 2500 154 2572; x_wconf 72' lang='lat' dir='ltr'><strong>atque</strong></span> <span class='ocrx_word' id='word_1_181' title='bbox 176 2493 258 2571; x_wconf 91' lang='lat' dir='ltr'><strong>ipsos</strong></span> <span class='ocrx_word' id='word_1_182' title='bbox 279 2510 295 2553; x_wconf 97' lang='lat' dir='ltr'><strong>a</strong></span> <span class='ocrx_word' id='word_1_183' title='bbox 316 2497 401 2570; x_wconf 83' lang='lat' dir='ltr'><strong>tergo</strong></span> <span class='ocrx_word' id='word_1_184' title='bbox 416 2494 633 2553; x_wconf 90' lang='lat' dir='ltr'><strong>circumvenire</strong></span> <span class='ocrx_word' id='word_1_185' title='bbox 654 2499 785 2572; x_wconf 88' lang='lat' dir='ltr'><strong>possent.</strong></span> <span class='ocrx_word' id='word_1_186' title='bbox 822 2490 878 2552; x_wconf 86' lang='lat' dir='ltr'><strong>Sed</strong></span> <span class='ocrx_word' id='word_1_187' title='bbox 895 2491 939 2553; x_wconf 91' lang='lat' dir='ltr'><strong>illi</strong></span> <span class='ocrx_word' id='word_1_188' title='bbox 954 2497 1056 2570; x_wconf 77' lang='lat' dir='ltr'><strong>ope-o</strong></span> 
     </span>
     <span class='ocr_line' id='line_1_28' title="bbox 64 2575 1027 2656; baseline -0.001 -19"><span class='ocrx_word' id='word_1_189' title='bbox 64 2575 151 2637; x_wconf 89' lang='lat' dir='ltr'><strong>ribus</strong></span> <span class='ocrx_word' id='word_1_190' title='bbox 171 2575 342 2647; x_wconf 88' lang='lat' dir='ltr'><strong>vincebant,</strong></span> <span class='ocrx_word' id='word_1_191' title='bbox 365 2577 443 2655; x_wconf 91' lang='lat' dir='ltr'><strong>quod</strong></span> <span class='ocrx_word' id='word_1_192' title='bbox 460 2584 490 2637; x_wconf 92' lang='lat' dir='ltr'><strong>et</strong></span> <span class='ocrx_word' id='word_1_193' title='bbox 504 2594 628 2638; x_wconf 91' lang='lat' dir='ltr'><strong>numero</strong></span> <span class='ocrx_word' id='word_1_194' title='bbox 643 2577 771 2647; x_wconf 89' lang='lat' dir='ltr'><strong>militum</strong></span> <span class='ocrx_word' id='word_1_195' title='bbox 789 2575 981 2656; x_wconf 89' lang='lat' dir='ltr'><strong>praestabant</strong></span> <span class='ocrx_word' id='word_1_196' title='bbox 997 2583 1027 2636; x_wconf 94' lang='lat' dir='ltr'><strong>et</strong></span> 
     </span>
     <span class='ocr_line' id='line_1_29' title="bbox 65 2658 1056 2738; baseline -0.002 -18"><span class='ocrx_word' id='word_1_197' title='bbox 65 2660 212 2720; x_wconf 91' lang='lat' dir='ltr'><strong>interiore</strong></span> <span class='ocrx_word' id='word_1_198' title='bbox 227 2662 324 2738; x_wconf 92' lang='lat' dir='ltr'><strong>spatio</strong></span> <span class='ocrx_word' id='word_1_199' title='bbox 338 2663 485 2722; x_wconf 89' lang='lat' dir='ltr'><strong>minorem</strong></span> <span class='ocrx_word' id='word_1_200' title='bbox 501 2663 661 2722; x_wconf 88' lang='lat' dir='ltr'><strong>circuitum</strong></span> <span class='ocrx_word' id='word_1_201' title='bbox 675 2659 834 2722; x_wconf 91' lang='lat' dir='ltr'><strong>habebant.</strong></span> <span class='ocrx_word' id='word_1_202' title='bbox 862 2658 942 2729; x_wconf 84' lang='lat' dir='ltr'><strong>Quae</strong></span> <span class='ocrx_word' id='word_1_203' title='bbox 958 2666 1056 2721; x_wconf 71' lang='lat' dir='ltr'><strong>cumo</strong></span> 
     </span>
     <span class='ocr_line' id='line_1_30' title="bbox 64 2743 1027 2824; baseline -0.001 -20"><span class='ocrx_word' id='word_1_204' title='bbox 64 2751 153 2805; x_wconf 91' lang='lat' dir='ltr'><strong>erant</strong></span> <span class='ocrx_word' id='word_1_205' title='bbox 166 2744 230 2805; x_wconf 89' lang='lat' dir='ltr'><strong>loca</strong></span> <span class='ocrx_word' id='word_1_206' title='bbox 245 2744 365 2806; x_wconf 84' lang='lat' dir='ltr'><strong>Caesari</strong></span> <span class='ocrx_word' id='word_1_207' title='bbox 380 2745 539 2824; x_wconf 91' lang='lat' dir='ltr'><strong>capienda,</strong></span> <span class='ocrx_word' id='word_1_208' title='bbox 562 2748 617 2805; x_wconf 89' lang='lat' dir='ltr'><strong>etsi</strong></span> <span class='ocrx_word' id='word_1_209' title='bbox 633 2743 793 2824; x_wconf 90' lang='lat' dir='ltr'><strong>prohibere</strong></span> <span class='ocrx_word' id='word_1_210' title='bbox 808 2744 967 2823; x_wconf 92' lang='lat' dir='ltr'><strong>Pompeius</strong></span> <span class='ocrx_word' id='word_1_211' title='bbox 982 2750 1027 2804; x_wconf 93' lang='lat' dir='ltr'><strong>to·</strong></span> 
     </span>
     <span class='ocr_line' id='line_1_31' title="bbox 65 2826 1028 2908; baseline 0 -20"><span class='ocrx_word' id='word_1_212' title='bbox 65 2830 105 2889; x_wconf 89' lang='lat' dir='ltr'><strong>tis</strong></span> <span class='ocrx_word' id='word_1_213' title='bbox 121 2831 215 2908; x_wconf 90' lang='lat' dir='ltr'><strong>copiis</strong></span> <span class='ocrx_word' id='word_1_214' title='bbox 236 2836 267 2889; x_wconf 93' lang='lat' dir='ltr'><strong>et</strong></span> <span class='ocrx_word' id='word_1_215' title='bbox 287 2830 431 2890; x_wconf 91' lang='lat' dir='ltr'><strong>dimicare</strong></span> <span class='ocrx_word' id='word_1_216' title='bbox 446 2848 506 2889; x_wconf 93' lang='lat' dir='ltr'><strong>non</strong></span> <span class='ocrx_word' id='word_1_217' title='bbox 521 2831 731 2899; x_wconf 88' lang='lat' dir='ltr'><strong>constituerat,</strong></span> <span class='ocrx_word' id='word_1_218' title='bbox 752 2835 851 2891; x_wconf 88' lang='lat' dir='ltr'><strong>tarnen</strong></span> <span class='ocrx_word' id='word_1_219' title='bbox 873 2830 935 2889; x_wconf 92' lang='lat' dir='ltr'><strong>suis</strong></span> <span class='ocrx_word' id='word_1_220' title='bbox 953 2826 1028 2888; x_wconf 88' lang='lat' dir='ltr'><strong>locis</strong></span> 
     </span>
     <span class='ocr_line' id='line_1_32' title="bbox 66 2912 1027 2992; baseline -0.002 -18"><span class='ocrx_word' id='word_1_221' title='bbox 66 2915 236 2990; x_wconf 86' lang='lat' dir='ltr'><strong>sagittarios</strong></span> <span class='ocrx_word' id='word_1_222' title='bbox 256 2913 483 2992; x_wconf 83' lang='lat' dir='ltr'><strong>funditoresque</strong></span> <span class='ocrx_word' id='word_1_223' title='bbox 499 2912 651 2983; x_wconf 90' lang='lat' dir='ltr'><strong>mittebat,</strong></span> <span class='ocrx_word' id='word_1_224' title='bbox 673 2929 800 2992; x_wconf 88' lang='lat' dir='ltr'><strong>quorum</strong></span> <span class='ocrx_word' id='word_1_225' title='bbox 813 2929 953 2989; x_wconf 83' lang='lat' dir='ltr'><strong>magnum</strong></span> <span class='ocrx_word' id='word_1_226' title='bbox 974 2912 1027 2972; x_wconf 89' lang='lat' dir='ltr'><strong>ba-</strong></span> 
     </span>
     <span class='ocr_line' id='line_1_33' title="bbox 65 2995 1027 3077; baseline -0.001 -19"><span class='ocrx_word' id='word_1_227' title='bbox 65 2996 157 3058; x_wconf 90' lang='lat' dir='ltr'><strong>bebat</strong></span> <span class='ocrx_word' id='word_1_228' title='bbox 171 3014 339 3066; x_wconf 90' lang='lat' dir='ltr'><strong>numerum,</strong></span> <span class='ocrx_word' id='word_1_229' title='bbox 355 2998 501 3077; x_wconf 92' lang='lat' dir='ltr'><strong>multique</strong></span> <span class='ocrx_word' id='word_1_230' title='bbox 517 3015 553 3058; x_wconf 85' lang='lat' dir='ltr'><strong>ex</strong></span> <span class='ocrx_word' id='word_1_231' title='bbox 570 2998 681 3058; x_wconf 92' lang='lat' dir='ltr'><strong>nostris</strong></span> <span class='ocrx_word' id='word_1_232' title='bbox 695 2995 942 3066; x_wconf 87' lang='lat' dir='ltr'><strong>vulnerabantur,</strong></span> <span class='ocrx_word' id='word_1_233' title='bbox 964 3013 1027 3057; x_wconf 92' lang='lat' dir='ltr'><strong>ma·</strong></span> 
     </span>
     <span class='ocr_line' id='line_1_34' title="bbox 65 3081 1110 3160; baseline -0.001 -19"><span class='ocrx_word' id='word_1_234' title='bbox 65 3098 202 3160; x_wconf 83' lang='lat' dir='ltr'><strong>gnusque</strong></span> <span class='ocrx_word' id='word_1_235' title='bbox 224 3084 389 3143; x_wconf 90' lang='lat' dir='ltr'><strong>incesserat</strong></span> <span class='ocrx_word' id='word_1_236' title='bbox 409 3085 499 3143; x_wconf 90' lang='lat' dir='ltr'><strong>timor</strong></span> <span class='ocrx_word' id='word_1_237' title='bbox 519 3083 709 3159; x_wconf 84' lang='lat' dir='ltr'><strong>sagittarum,</strong></span> <span class='ocrx_word' id='word_1_238' title='bbox 731 3087 819 3160; x_wconf 92' lang='lat' dir='ltr'><strong>atque</strong></span> <span class='ocrx_word' id='word_1_239' title='bbox 840 3098 943 3142; x_wconf 90' lang='lat' dir='ltr'><strong>omnes</strong></span> <span class='ocrx_word' id='word_1_240' title='bbox 963 3081 1027 3140; x_wconf 86' lang='lat' dir='ltr'><strong>lere</strong></span> <span class='ocrx_word' id='word_1_241' title='bbox 1107 3093 1110 3098; x_wconf 83' lang='lat'>·</span> 
     </span>
     <span class='ocr_line' id='line_1_35' title="bbox 65 3164 1028 3228; baseline -0.002 -2"><span class='ocrx_word' id='word_1_242' title='bbox 65 3166 179 3227; x_wconf 89' lang='lat' dir='ltr'><strong>milites</strong></span> <span class='ocrx_word' id='word_1_243' title='bbox 200 3174 251 3228; x_wconf 92' lang='lat' dir='ltr'><strong>aut</strong></span> <span class='ocrx_word' id='word_1_244' title='bbox 277 3185 314 3228; x_wconf 83' lang='lat' dir='ltr'><strong>ex</strong></span> <span class='ocrx_word' id='word_1_245' title='bbox 334 3168 445 3227; x_wconf 88' lang='lat' dir='ltr'><strong>coactis</strong></span> <span class='ocrx_word' id='word_1_246' title='bbox 470 3172 521 3227; x_wconf 94' lang='lat' dir='ltr'><strong>aut</strong></span> <span class='ocrx_word' id='word_1_247' title='bbox 546 3184 582 3227; x_wconf 83' lang='lat' dir='ltr'><strong>ex</strong></span> <span class='ocrx_word' id='word_1_248' title='bbox 602 3164 779 3226; x_wconf 91' lang='lat' dir='ltr'><strong>centonibus</strong></span> <span class='ocrx_word' id='word_1_249' title='bbox 800 3172 851 3226; x_wconf 88' lang='lat' dir='ltr'><strong>aut</strong></span> <span class='ocrx_word' id='word_1_250' title='bbox 877 3183 914 3226; x_wconf 81' lang='lat' dir='ltr'><strong>ex</strong></span> <span class='ocrx_word' id='word_1_251' title='bbox 936 3166 1028 3225; x_wconf 89' lang='lat' dir='ltr'><strong>coriis</strong></span> 
     </span>
     <span class='ocr_line' id='line_1_36' title="bbox 65 3249 936 3328; baseline -0.002 -18"><span class='ocrx_word' id='word_1_252' title='bbox 65 3253 184 3311; x_wconf 91' lang='lat' dir='ltr'><strong>tunicas</strong></span> <span class='ocrx_word' id='word_1_253' title='bbox 199 3259 249 3312; x_wconf 91' lang='lat' dir='ltr'><strong>aut</strong></span> <span class='ocrx_word' id='word_1_254' title='bbox 264 3252 427 3328; x_wconf 82' lang='lat' dir='ltr'><strong>tegimenta</strong></span> <span class='ocrx_word' id='word_1_255' title='bbox 442 3250 584 3319; x_wconf 91' lang='lat' dir='ltr'><strong>lecerant,</strong></span> <span class='ocrx_word' id='word_1_256' title='bbox 600 3249 711 3328; x_wconf 86' lang='lat' dir='ltr'><strong>quibus</strong></span> <span class='ocrx_word' id='word_1_257' title='bbox 725 3249 783 3310; x_wconf 91' lang='lat' dir='ltr'><strong>tela</strong></span> <span class='ocrx_word' id='word_1_258' title='bbox 799 3252 936 3310; x_wconf 91' lang='lat' dir='ltr'><strong>vitarent.</strong></span> 
     </span>
    </p>

    <p class='ocr_par' dir='ltr' id='par_1_4' title="bbox 65 3333 1064 3500">
     <span class='ocr_line' id='line_1_37' title="bbox 132 3333 1064 3413; baseline -0.004 -18"><span class='ocrx_word' id='word_1_259' title='bbox 132 3333 282 3397; x_wconf 82' lang='lat' dir='ltr'>XXXXV.</span> <span class='ocrx_word' id='word_1_260' title='bbox 321 3335 355 3395; x_wconf 84' lang='lat' dir='ltr'><strong>ln</strong></span> <span class='ocrx_word' id='word_1_261' title='bbox 371 3334 553 3411; x_wconf 91' lang='lat' dir='ltr'><strong>occupandis</strong></span> <span class='ocrx_word' id='word_1_262' title='bbox 567 3333 727 3413; x_wconf 90' lang='lat' dir='ltr'><strong>praesidiis</strong></span> <span class='ocrx_word' id='word_1_263' title='bbox 742 3351 847 3411; x_wconf 82' lang='lat' dir='ltr'><strong>magna</strong></span> <span class='ocrx_word' id='word_1_264' title='bbox 861 3333 890 3392; x_wconf 94' lang='lat' dir='ltr'><strong>vi</strong></span> <span class='ocrx_word' id='word_1_265' title='bbox 911 3339 1064 3411; x_wconf 87' lang='lat' dir='ltr'><strong>uterqnel</strong></span> 
     </span>
     <span class='ocr_line' id='line_1_38' title="bbox 65 3416 1038 3500; baseline -0.006 -21"><span class='ocrx_word' id='word_1_266' title='bbox 65 3418 235 3480; x_wconf 88' lang='lat' dir='ltr'><strong>nitebatur:</strong></span> <span class='ocrx_word' id='word_1_267' title='bbox 259 3419 375 3490; x_wconf 92' lang='lat' dir='ltr'><strong>Caesar,</strong></span> <span class='ocrx_word' id='word_1_268' title='bbox 392 3425 529 3500; x_wconf 89' lang='lat' dir='ltr'><strong>utquam</strong></span> <span class='ocrx_word' id='word_1_269' title='bbox 544 3418 754 3497; x_wconf 84' lang='lat' dir='ltr'><strong>angustissime</strong></span> <span class='ocrx_word' id='word_1_270' title='bbox 768 3416 952 3498; x_wconf 86' lang='lat' dir='ltr'><strong>Pompeium</strong></span> <span class='ocrx_word' id='word_1_271' title='bbox 964 3433 1038 3474; x_wconf 81' lang='lat' dir='ltr'><strong>eon-</strong></span> 
     </span>
    </p>
   </div>
   <div class='ocr_carea' id='block_1_3' title="bbox 65 3499 1166 3592">
    <p class='ocr_par' dir='ltr' id='par_1_5' title="bbox 65 3499 1166 3592">
     <span class='ocr_line' id='line_1_39' title="bbox 65 3499 1166 3592; baseline -0.005 -28"><span class='ocrx_word' id='word_1_272' title='bbox 65 3505 190 3576; x_wconf 87' lang='lat' dir='ltr'><strong>tineret‚</strong></span> <span class='ocrx_word' id='word_1_273' title='bbox 202 3503 368 3588; x_wconf 86' lang='lat' dir='ltr'><strong>Pompeius,</strong></span> <span class='ocrx_word' id='word_1_274' title='bbox 383 3510 416 3566; x_wconf 91' lang='lat' dir='ltr'><strong>nt</strong></span> <span class='ocrx_word' id='word_1_275' title='bbox 429 3521 518 3590; x_wconf 87' lang='lat' dir='ltr'><strong>quam</strong></span> <span class='ocrx_word' id='word_1_276' title='bbox 532 3503 686 3592; x_wconf 89' lang='lat' dir='ltr'><strong>plurimos</strong></span> <span class='ocrx_word' id='word_1_277' title='bbox 697 3504 794 3570; x_wconf 81' lang='lat' dir='ltr'><strong>colles</strong></span> <span class='ocrx_word' id='word_1_278' title='bbox 808 3519 909 3584; x_wconf 71' lang='lat' dir='ltr'><strong>quam</strong></span> <span class='ocrx_word' id='word_1_279' title='bbox 918 3499 1065 3561; x_wconf 61' lang='lat' dir='ltr'><strong>maium</strong></span> <span class='ocrx_word' id='word_1_280' title='bbox 1159 3539 1166 3554; x_wconf 67' lang='lat'><strong>,</strong></span> 
     </span>
    </p>
   </div>
   <div class='ocr_carea' id='block_1_4' title="bbox 0 0 1183 3870">
    <p class='ocr_par' dir='ltr' id='par_1_6' title="bbox 0 0 1183 3870">
     <span class='ocr_line' id='line_1_40' title="bbox 0 0 1183 3870; baseline 0 0"><span class='ocrx_word' id='word_1_281' title='bbox 0 0 1183 3870; x_wconf 95' lang='lat' dir='ltr'><strong> </strong></span> 
     </span>
    </p>
   </div>
  </div>
 </body>
</html>
