2356 3870
419 286 423 293 .
488 240 686 297 CARI-111.
1039 234 1060 298 3

95 391 238 453 rantibus
250 393 389 452 succurri
405 399 494 469 atque
517 408 554 458 ex
577 391 670 450 altera
693 389 795 467 oppidi
814 397 898 467 parte
914 389 1059 448 auxilium
1126 387 1132 399 '

95 477 173 537 ferri
195 484 311 554 posset,
340 477 481 553 inprimis
503 492 589 544 vero,
619 481 653 533 ut
660 491 750 572 'aqua
771 472 941 552 pabuloque
964 470 1060 532 abun·

94 560 199 629 daret,
224 577 351 637 quarum
374 560 498 619 alterius
520 559 566 617 rei
600 559 717 634 copiam
751 559 903 633 exiguam,
937 557 1060 617 alterius

94 643 210 703 nullam
221 645 343 703 omnino
356 642 528 702 facultatem
543 639 688 714 habebat;
711 639 791 718 quod
805 650 965 763 utrumque
978 641 1060 717 large

95 727 184 805 palus
206 725 353 804 praebere
376 734 502 805 poterat.

162 809 199 868 11.
222 809 324 888 Neque
352 827 423 869 vero
450 808 660 870 Alexandrinis
691 811 724 868 in
757 808 898 886 gerendis
930 809 1091 884 negotiis1

95 895 250 954 cunctatio
274 894 334 954 ulla
357 901 407 953 aut
434 911 518 953 mora
546 895 593 952 inl
579 890 745 953 ferebatur.
793 890 866 952 Nam
894 893 927 951 in
956 910 1060 951 omnes

95 984 215 1055 partes,
249 994 305 1056 per
338 995 412 1054 quas
445 977 519 1037 smes
541 977 666 1054 Aegypti
698 993 884 1054 regnumque
916 977 1059 1053 pertinet,

94 1061 212 1138 legatos
223 1062 503 1139 conquisitoresque
516 1060 651 1120 delectus
669 1058 801 1120 habendi
817 1077 904 1119 causa
916 1061 1060 1120 miserant

94 1161 298 1222 magnumque
320 1162 480 1204 numerum
503 1146 535 1204 in
558 1143 702 1223 oppidum
729 1144 859 1204 telorum
886 1150 974 1221 atque
997 1151 1059 1202 tor·

92 1235 268 1288 mentorum
289 1235 490 1290 convexerant
514 1235 545 1288 et
565 1226 815 1288 innumerabilem
837 1227 1059 1288 multitudinem

94 1311 292 1368 adduxerant.
321 1311 382 1368 Nee
394 1314 496 1369 minus
508 1313 540 1369 in
552 1311 629 1368 urhe
643 1313 789 1369 maximae
806 1327 957 1370 armorum
974 1317 1060 1370 erant
1079 1321 1095 1369 2

98 1393 256 1451 institutae
284 1392 431 1452 alticinae.
483 1391 590 1451 Servos
618 1400 776 1470 praeterea
803 1391 933 1471 puberes
961 1411 1058 1453 arma·

95 1483 217 1542 verant;
241 1473 351 1553 quibus
374 1475 489 1535 domini
511 1475 726 1553 locupletiores
746 1478 858 1536 victum
874 1476 1059 1537 cotidianum

94 1557 340 1637 stipendiumque
362 1557 558 1637 praebebant.
607 1558 669 1618 Hac
698 1560 892 1619 multitudine
915 1561 1057 1638 disposita
1077 1572 1095 1618 3

95 1644 283 1703 munitiones
317 1651 498 1703 semotarum
531 1645 664 1720 partium
698 1643 876 1712 tuebantur3
906 1653 1060 1704 veteranas

95 1726 240 1787 cohortes
262 1744 370 1786 vacuas
392 1729 423 1785 in
446 1724 654 1786 celeberrimis
681 1725 767 1787 urbis
794 1726 870 1786 locis
897 1726 1059 1796 habebant,

94 1817 144 1879 ut,
179 1826 367 1889 quacumque
404 1813 531 1886 regione
561 1816 761 1887 pugnaretur,
791 1811 917 1884 integris
943 1809 1059 1871 viribus

94 1892 132 1953 ad
163 1894 308 1954 auxilium
330 1893 488 1954 ferendum
510 1892 620 1971 opponi
646 1899 777 1970 possent.
828 1892 975 1953 Omnibus
1002 1897 1094 1954 viis4

95 1985 188 2054 atque
211 1979 376 2055 angiportis
400 1976 552 2055 triplicem
574 1975 683 2036 vallum
712 1975 900 2036 obduxerant
925 2008 968 2020 -
995 1985 1060 2038 erat

94 2068 198 2122 autem
221 2061 368 2138 quadrato
391 2067 546 2121 extructus
568 2078 639 2120 saxo
661 2077 758 2139 neque
779 2063 880 2121 minus
901 2073 947 2119 xi,
967 2062 1059 2139 pedes

93 2144 265 2206 altitudinis
280 2143 410 2205 habebat
431 2178 482 2213 -,
506 2162 643 2222 quaeque
665 2151 766 2222 partes
788 2142 875 2205 urbis
897 2145 1059 2206 interiores

93 2236 192 2297 erant,
216 2228 269 2289 has
291 2228 445 2289 altissimis
456 2226 594 2288 turribus
616 2227 762 2288 denorum
776 2227 978 2289 tabulatorum
991 2248 1058 2289 mu·

92 2314 227 2374 nierant.
277 2312 436 2373 Praeterea
457 2312 531 2372 alias
553 2310 767 2372 ambulatorias
788 2312 914 2372 totidem
940 2310 1094 2375 tabula-5

93 2406 197 2457 torum
219 2396 403 2457 confixerant
425 2395 629 2474 subiectisque
651 2397 786 2455 casrotis
801 2395 948 2455 funibus
939 2413 1057 2457 iumen·

92 2482 198 2558 tisque
220 2479 347 2541 obiectis
375 2479 499 2540 directis
526 2479 648 2557 plateis
682 2481 715 2540 in
747 2496 966 2557 quamcumque
993 2486 1059 2540 erat

92 2565 196 2624 visum
217 2572 349 2643 partem,
371 2558 541 2625 movebant.

161 2646 213 2707 lll.
236 2647 350 2709 Urbsl
336 2649 523 2710 ertrhssrma
535 2656 566 2709 et
580 2651 787 2728 copiosissima
809 2667 944 2710 omnium
955 2667 1058 2710 rerum
1079 2663 1092 2711 1

93 2738 258 2811 apparatus
280 2733 468 2809 suggerebat.
523 2733 586 2811 lpsi
618 2732 755 2794 homines
787 2733 936 2810 ingeniosi
968 2741 1058 2810 atque

92 2817 281 2885 acutissimi,
310 2835 386 2894 quae
415 2815 549 2878 anobis
581 2817 649 2877 lieri
679 2817 830 2885 viderant,
861 2834 895 2877 ea
923 2816 1060 2876 sollertia

93 2898 288 2968 efficiebant,
311 2908 344 2960 ut
366 2904 463 2961 nostri
486 2899 607 2960 illorum
630 2918 720 2978 opera
742 2901 852 2960 imitati
873 2898 1058 2968 viderentur,

94 2991 130 3045 et
152 3001 205 3043 sua
228 2992 334 3062 sponte
360 2985 454 3046 multa
483 2983 675 3062 reperiebant
708 3001 827 3062 unoque
860 2991 996 3061 temporo
1029 2990 1059 3043 et

92 3075 215 3129 nostras
225 3070 409 3129 munitiones
421 3067 603 3130 infestabant
614 3075 644 3128 et
654 3067 942 3129 suasdeiendebant.
965 3069 1060 3145 Atque
1078 3077 1103 3128 2·

92 3152 172 3213 haec
198 3154 355 3231 principes
384 3154 416 3212 in
444 3153 580 3213 consiliis
608 3152 860 3229 contionibusque
888 3150 1059 3228 agitabant:

91 3234 245 3314 Populum
271 3236 439 3298 Romanum
471 3237 615 3315 paulatim
647 3238 679 3295 in
712 3235 959 3305 consuetudinem
993 3237 1060 3296 eius

91 3322 185 3398 regni
207 3320 375 3399 occupandi
397 3321 510 3381 venire.
554 3319 662 3381 Paucis
684 3321 771 3378 annis
793 3327 880 3380 antea
895 3319 1059 3380 Gabinium
1078 3330 1095 3378 a

92 3421 167 3464 cum
190 3407 325 3466 exercitu
349 3405 442 3466 luisse
464 3404 652 3483 inAegypt03
676 3401 852 3482 Pompeium
874 3421 907 3463 se
929 3421 966 3463 ex
988 3405 1063 3480 iuga

90 3486 203 3548 eodem
225 3490 392 3566 recepisse3
416 3488 573 3551 Gaesarem
593 3489 715 3552 venisse
736 3506 812 3552 cum
832 3488 957 3568 copiis,
972 3500 1085 3560 usque

849 3586 882 3642 x!
