2356 3870
94 213 156 277 mo
486 214 705 291 cmmm,

93 373 238 447 quantum
261 388 316 446 ego
330 368 411 429 dolui
433 370 464 428 in
478 367 613 429 Caesaris
633 369 815 448 suavissimis
838 369 962 429 litterisi
999 366 1060 431 Sed

94 477 152 535 quo
177 460 262 518 erant
285 458 448 530 suaviores,
472 477 506 516 eo
528 458 671 517 maiorem
685 458 816 517 dolorem
837 458 918 515 illius
941 457 994 516 ille
1013 476 1059 517 ca·

93 565 144 607 eus
171 547 322 605 afferebat.
346 577 387 586 -
416 547 453 605 ib.
478 549 507 619 7,
536 547 586 605 25.
635 546 681 603 Ex
703 545 859 604 Britannia
881 544 992 605 Caesar
1021 544 1060 604 ad

93 655 141 694 me
159 633 225 693 Kal.
245 633 407 710 Septembr.
430 632 512 692 dedit
537 634 668 707 litteras,
695 651 769 709 quas
788 651 843 709 ego
866 634 966 709 accepi
988 633 1060 693 ad

95 737 154 781 1111.
177 720 243 781 Kal.
267 719 393 795 Octobr,
417 723 489 780 satis
513 722 679 780 commodas
702 721 739 779 de
752 719 931 780 Britannicis
953 723 1060 798 rebus3

95 811 215 885 quibus,
237 829 275 868 ne
297 809 440 882 admirer,
463 808 542 885 quod
568 827 587 867 a
613 812 644 868 te
665 809 763 867 nullas
785 810 961 884 acceperim,
989 809 1061 868 scri-

94 899 147 972 bit,
171 915 202 957 se
225 899 288 957 sine
310 900 341 956 te
363 896 464 971 fuisse,
486 914 553 955 cum
575 897 614 956 ad
635 890 717 956 mare
739 898 902 956 accesserit.
922 929 963 937 -
987 897 1061 966 III,

97 989 115 1045 5
140 991 166 1045 ot
189 987 217 1059 6,
242 987 272 1045 3.
324 983 458 1045 Caesaris
485 1003 598 1059 amore,
626 1004 715 1061 quem
737 984 775 1043 ad
802 1004 849 1043 me
876 986 1062 1061 perscripsit,

94 1074 180 1132 unice
203 1073 344 1148 delector,
366 1073 519 1148 promissis
541 1073 591 1147 iis,
619 1091 695 1149 quae
718 1073 860 1145 ostendit,
887 1091 947 1131 non
970 1074 1061 1133 valde

94 1161 220 1236 pendeo:
243 1178 298 1219 nec
321 1161 388 1219 sitio
411 1161 537 1220 honores
553 1178 607 1220 nec
630 1159 763 1219 desidero
787 1161 926 1235 gloriam,
949 1162 1060 1237 magis-

95 1267 153 1323 que
180 1249 244 1306 eius
270 1247 432 1308 voluntatis
464 1249 693 1323 perpetuitatem
724 1267 813 1322 quam
844 1249 1061 1323 promissorum

96 1337 207 1394 exitum
234 1339 353 1412 expecto
377 1367 428 1395 -.
459 1367 500 1376 -
529 1337 568 1395 ad
589 1332 649 1394 An.
671 1335 760 1402 IIII,
786 1339 840 1409 18,
864 1338 892 1395 5.
922 1334 988 1411 [17,
1015 1333 1059 1412 5.]

95 1423 124 1482 A
150 1421 259 1491 Quinto
286 1423 378 1482 fratre
402 1426 432 1481 et
458 1440 476 1480 a
503 1421 629 1482 Caesare
657 1424 755 1498 accepi
783 1442 808 1482 a.
831 1423 859 1482 d.
882 1439 963 1482 v1111.
990 1423 1060 1484 Kal.

96 1507 171 1569 Nov.
193 1512 310 1569 litteras
333 1529 352 1569 a
373 1511 510 1570 litoribus
523 1510 697 1570 Britanniae
709 1512 841 1586 proximo
855 1530 881 1569 a.
896 1510 923 1568 d.
934 1526 975 1569 vr.
990 1511 1060 1571 Kal

95 1596 214 1657 Octobr.
264 1597 404 1658 Confecta
431 1597 598 1673 Britannia,
630 1600 781 1658 obsidibus
808 1599 947 1674 acceptis,
975 1601 1062 1658 nulla

96 1686 218 1763 praeda,
245 1687 391 1762 imperata
421 1689 521 1745 tamen
552 1687 676 1761 pecunia
708 1687 867 1745 exercitum
899 1704 914 1744 e
939 1686 1059 1746 Britan·

96 1776 146 1833 nia
167 1777 359 1850 reportabant
378 1806 428 1833 -.
452 1807 494 1815 -
520 1777 570 1847 19,
586 1778 613 1834 2.
629 1771 695 1849 [18,
711 1772 753 1849 3.]
782 1775 918 1850 Perspice
933 1805 974 1814 —
990 1793 1059 1835 enm

99 1861 225 1921 Caesare
261 1863 467 1921 suavissimam
499 1862 731 1922 coniunctionem
763 1892 818 1936 -,
855 1863 906 1938 qui
937 1863 1060 1938 quidem

97 1948 238 2017 Quintum
251 1970 350 2009 meum
363 1953 515 2025 tuumque,
538 1950 568 2007 di
581 1952 663 2011 boni!
688 1950 934 2026 quemadmodum
947 1954 1060 2012 tractat

97 2038 220 2110 honore,
247 2039 405 2114 dignitate,
433 2039 543 2114 gratia!
571 2056 630 2097 non
657 2056 741 2097 secus
769 2054 803 2096 ac
830 2039 856 2097 si
883 2057 938 2114 ego
962 2057 1060 2099 essem

96 2125 265 2198 imperator.
304 2126 437 2184 Hiberna
459 2127 584 2200 legionis
608 2126 735 2202 eligendi
757 2127 837 2201 optio
860 2126 959 2185 delata
982 2145 1060 2186 com·

96 2211 230 2284 modum,
252 2215 288 2270 ut
309 2213 347 2269 ad
369 2232 416 2270 me
440 2214 549 2272 scribit.

162 2299 327 2373 Plvilorpyr.
343 2301 381 2358 ad
401 2300 482 2374 Vere.
506 2300 608 2375 ceap.
631 2301 699 2368 III,
724 2303 796 2361 204.
841 2301 956 2361 Esseda
978 2303 1060 2362 vehi-

97 2387 156 2446 culi
177 2388 226 2446 vel
251 2406 354 2446 currus
382 2405 488 2463 genus,
521 2407 579 2464 quo
607 2390 686 2448 soliti
718 2392 788 2448 sunt
814 2407 947 2464 pugnare
969 2387 1059 2450 Calli.

98 2473 206 2533 Caesar
228 2477 314 2534 testis
337 2479 383 2534 est
403 2477 480 2535 libro
503 2477 540 2534 ad
564 2475 733 2536 Ciceronem
756 2493 816 2534 111.:
853 2477 952 2536 Mulio
974 2479 1062 2539 melia

97 2565 222 2637 qulam
244 2568 328 2635 cipere
350 2565 559 2622 essedariorum
581 2564 665 2624 babet
687 2557 753 2637 [int.
774 2562 1036 2641 Cassivellaunus}

446 2715 708 2786 mucmm

165 2822 221 2884 Cic.
247 2824 295 2884 Or.
317 2822 391 2884 Phil.
405 2825 453 2893 II,
482 2827 533 2898 20,
557 2827 608 2885 49.
633 2823 801 2901 [alloquitur
814 2826 859 2885 M.
873 2823 1060 2907 Antonium}

97 2911 214 2970 Venisti
238 2932 254 2970 e
277 2912 373 2971 Callia
396 2913 433 2971 ad
456 2915 646 2989 quaesturam
668 2914 832 2989 petendam.
877 2916 1060 2992 Acceperam

97 3001 157 3058 iam
179 3002 249 3058 ante
272 2998 406 3058 Caesaris
428 3001 558 3075 litteras,
585 3005 619 3060 ut
640 3002 714 3059 nrihi
736 3002 873 3062 satisfieri
895 3007 1013 3078 paterer
1040 3023 1063 3063 a

98 3091 136 3147 te.
181 3086 286 3162 Itaque
308 3107 345 3146 ne
372 3087 596 3164 loqui'quidem
619 3107 685 3146 sum
711 3092 742 3148 te
764 3107 869 3165 passus
892 3090 928 3149 de
950 3092 1060 3166 gratia.

165 3173 277 3234 Charis.
292 3174 358 3234 Art.
370 3174 500 3235 Cromen.
514 3177 541 3235 Ι.
559 3194 592 3250 p.
609 3179 680 3236 101.
693 3177 727 3235 Ρ.
744 3195 777 3250 p.
794 3180 844 3236 72.
858 3177 895 3236 L.
910 3176 1060 3250 (Cromna

97 3261 165 3321 Lot.
180 3262 222 3320 ed.
235 3263 310 3321 Keil.
324 3263 352 3322 I.
368 3282 400 3338 p.
418 3265 503 3337 126.)
547 3264 698 3338 Drlipente.
722 3295 762 3305 -
789 3264 896 3325 Caesar·
918 3267 1061 3342 epistula·

97 3367 165 3409 rum
191 3351 229 3408 ad
257 3349 439 3425 Ciceronem,
466 3352 578 3424 Neque,
609 3353 718 3427 inquit,
744 3371 803 3426 pro
826 3358 908 3413 cauto
936 3371 971 3414 ac
994 3355 1062 3416 dili-

92 3443 182 3514 pente
200 3455 230 3499 se
252 3442 356 3498 castris
378 3442 515 3499 emacuit
538 3437 603 3514 [int.
628 3439 660 3514 Q.
684 3438 806 3516 Cicero}

308 3520 369 3610 (Cf.
393 3528 477 3592 Caes.
502 3529 541 3590 Β.
561 3527 600 3589 G.
624 3528 686 3596 VI,
705 3530 761 3587 ‘tb-
783 3521 857 3604 sqqq
