2356 3870
858 44 868 80 l

157 216 222 282 162
477 220 579 274 HlRTi
593 218 807 276 spissatur:

157 379 274 449 equites,
297 375 442 449 proelium
463 376 659 442 commissam,
687 376 772 434 occisi
794 374 911 448 aliquot.
935 405 975 415 —
1002 375 1126 446 XIIII,

159 468 191 538 1,
221 467 248 521 1.
273 494 313 503 -
337 481 374 522 ax
395 461 517 536 litteris,
545 480 621 538 quac
647 463 789 521 recitatae
817 466 899 535 sunt,
925 465 1029 538 patres
1057 483 1127 524 con-

157 552 273 626 scripti,
310 550 604 610 sceleratissimorum
640 551 772 609 hostium
804 551 965 609 exercitum
1003 569 1125 612 caesum

156 641 315 715 fusumque
329 639 452 714 cognovi
476 669 527 695 -.
565 630 623 716 (Cf.
637 638 752 698 Nostius
760 657 792 711 p.
809 640 882 697 312.
897 632 957 718 Μ.)
977 669 1019 679 -
1047 642 1078 714 2,
1096 644 1125 700 6.

158 759 198 768 -
223 728 261 785 ad
287 728 404 786 litteras
435 727 565 800 veniam,
589 743 664 802 quae
692 729 762 785 sunt
788 744 807 783 a
834 726 1004 786 consulibus
1038 731 1070 787 et
1107 747 1127 787 a

155 818 345 891 propraetore
371 816 479 874 missac
503 845 554 873 -.
583 845 623 856 -
653 817 686 887 8,
711 816 760 872 22.
808 844 848 854 -
878 834 913 873 ex
939 815 1050 875 litteris
1080 847 1123 857 -

157 903 188 963 G.
211 903 326 964 Pansae
352 903 389 962 A.
413 902 506 962 Hirtii
534 903 699 975 consulum,
733 900 764 960 Ο.
793 900 928 962 Caesaris
955 921 1009 978 pro
1037 922 1124 980 prae-

155 996 234 1068 tore,
266 994 302 1053 do
329 992 440 1051 honore
467 991 512 1050 dis
539 991 756 1075 immortalibus
788 991 923 1050 habendo
955 993 1124 1052 sententias

156 1081 280 1142 dicimus
295 1110 346 1137 -.
371 1111 411 1120 -
435 1081 472 1138 ib.
488 1080 538 1138 24.
563 1083 630 1138 cair.
677 1109 717 1119 -
742 1081 795 1136 aut
818 1079 991 1153 supplicatio
1015 1098 1049 1138 re
1068 1099 1123 1155 pu·

156 1170 234 1228 blica
247 1168 443 1243 pulcherrima
456 1169 542 1242 gesta
560 1167 779 1242 postulantibus
797 1167 906 1225 nostris
933 1167 1122 1241 imperatori·

156 1259 212 1317 bus
235 1256 408 1332 deneganda
422 1258 468 1314 est
483 1285 534 1328 —,
556 1258 611 1314 aut
624 1255 837 1330 supplicatione
860 1255 1046 1313 decernanda
1068 1255 1122 1314 ho·

157 1347 211 1405 stis
235 1363 298 1418 eos,
321 1344 358 1403 de
381 1344 488 1420 quibus
511 1343 681 1416 docernitb,
704 1343 839 1402 iudicetis
861 1360 981 1401 necesse
1001 1347 1057 1403 est
1078 1375 1121 1385 -

160 1437 213 1507 10,
233 1436 283 1493 28.
302 1450 325 1490 s.
344 1434 395 1502 foa
431 1430 488 1490 Hic
511 1460 552 1471 -
576 1431 749 1491 adulescens
771 1430 892 1489 maximi
914 1430 1007 1489 animi
1033 1428 1065 1507 [i.
1095 1451 1122 1492 a.

158 1516 362 1595 Octooioous],
385 1522 420 1578 ut
440 1518 593 1578 verissime
616 1519 719 1580 scribit
740 1518 866 1592 Hirtius,
889 1522 987 1578 castra
1009 1521 1123 1587 multa·¹

156 1628 223 1668 uun
236 1609 388 1685 legionum
405 1608 506 1684 paucis
524 1607 693 1668 cohortibus
706 1610 822 1666 tutatus
838 1611 883 1666 est
897 1607 1121 1685 secundumque

155 1699 301 1774 proelium
327 1697 405 1759 fecit.
