2356 3870
68 168 72 174 ⁵
117 206 161 271 43
438 179 486 267 oa
507 211 622 268 33333
645 211 754 268 murm

89 384 232 439 33333313
253 396 268 437 3
288 375 436 439 militibus
454 378 529 439 loco.
566 377 624 439 Ubi
644 377 675 438 id
697 397 712 438 a
728 377 854 440 Caesare
874 386 1016 457 negatum
1035 386 1079 452 et,

118 462 216 541 palam
236 464 262 522 si
282 460 410 540 colloqui
430 461 552 530 vellent,
574 479 748 522 concessum
769 471 829 533 est,
853 463 941 524 datur
963 462 1082 526 obsidis

119 547 185 606 loco
199 544 319 605 Caesari
334 544 413 606 lilius
427 546 553 607 Afranii.
582 542 708 607 Venitur
723 548 754 606 in
769 562 837 607 eum
853 547 965 617 locum,
988 558 1080 625 quem

93 630 229 690 ussaesar
244 629 362 707 delegit.
391 629 536 690 Audiente
552 635 679 709 utroque
694 633 829 690 exercitu
844 629 977 710 loquitur
992 632 1080 693 mra-

119 715 202 774 nius:
244 712 309 774 Non
330 730 395 774 3333
420 720 471 774 331
492 714 567 792 13313
589 721 640 774 331
666 713 811 775 militibus
831 715 1080 787 succensendum,

121 797 199 874 quod
220 798 308 858 tidem
330 814 400 874 erga
419 801 630 875 imperatorem
646 815 733 858 suum
748 798 801 859 Cn.
816 798 991 878 Pompeium
1007 816 1080 860 con·

92 890 239 943 43333333
253 880 409 942 voluerint.
446 880 505 941 Sed
525 882 597 942 satis
616 883 675 941 1333
696 881 804 942 1331333
827 883 925 944 officio
947 885 1083 962 satisque

119 965 257 1044 supplicii
269 964 381 1027 tulisse.
406 964 568 1043 Perpessus
577 967 709 1026 omnium
719 978 821 1026 rerum
835 968 981 1046 inopiam3
998 984 1082 1028 nuno

121 1068 192 1110 vero
206 1056 346 1128 3333331
361 1051 439 1108 13333
450 1048 860 1128 31333333333113333313113331
876 1051 1082 1131 3333333131-

121 1133 189 1194 beri
204 1135 350 1210 ingressu,
366 1149 462 1210 neque
477 1150 603 1211 corpore
619 1132 750 1193 dolorem
766 1152 862 1213 neque
878 1135 976 1195 animo
992 1137 1083 1212 igno·

92 1218 242 1278 ominium
256 1218 337 1277 ferre
353 1234 450 1295 posse.
485 1217 589 1294 ltaque
604 1235 635 1277 se
651 1219 743 1277 313133
760 1219 909 1279 confiteri:
931 1236 1019 1279 orare
1034 1226 1080 1279 at·

121 1320 178 1381 que
194 1300 361 1370 obsecrare,
377 1301 472 1379 siqui
491 1299 574 1360 locus
588 1302 812 1362 misericordiae
827 1301 1024 1382 relinquatur,
1041 1321 1083 1362 33

120 1386 156 1447 ad
180 1385 316 1446 ultimum
337 1382 514 1462 supplicium
528 1383 668 1462 pmgredi
690 1401 812 1446 necesse
827 1384 968 1446 babeant.
998 1386 1083 1446 llaec

123 1487 211 1549 quam
227 1476 323 1548 potest
337 1467 548 1529 demississime
563 1474 593 1528 et
607 1467 826 1530 subiectissime
842 1471 971 1548 exponit.

95 1558 110 1609 1
184 1551 324 1613 LXXXV.
357 1552 400 1612 bd
415 1570 451 1613 ea
465 1551 573 1613 Caesar
586 1553 756 1631 respondit:
783 1551 862 1613 Nulli
878 1555 1010 1614 omnium
1026 1553 1084 1625 has

122 1640 216 1716 partis
227 1637 273 1697 331
289 1638 491 1712 querimoniae
504 1634 549 1697 rel
565 1638 765 1697 miserationis
779 1639 878 1698 minus
893 1640 1081 1700 convenisse.

94 1721 614 1798 2113113333331333331331ῆοὶ333
629 1739 715 1782 suurn
735 1723 937 1800 praestitisse:
957 1737 1003 1796 se,
1026 1724 1081 1799 qul

122 1807 211 1866 etiam
227 1803 305 1865 bona
320 1804 508 1875 condicione,
530 1811 560 1866 31
579 1805 643 1866 1333
659 1811 689 1866 31
710 1812 844 1884 tempore
865 1823 959 1884 aequo
974 1804 1084 1868 conili-

120 1906 191 1968 gere
199 1890 376 1959 nolueritut
387 1907 475 1967 quam
485 1890 790 1966 integerrimaessent
801 1890 838 1950 ad
849 1891 1082 1968 pacemomnia;

119 1974 285 2034 exereitum
300 1988 397 2042 suum,
413 1973 465 2051 qui
480 1974 591 2032 iniuria
606 1973 696 2032 etiam
711 1981 831 2052 3333313
847 1975 968 2051 suisque
984 1975 1080 2035 inter·

119 2058 217 2124 fectis,
233 2073 307 2134 quos
321 2058 353 2116 13
365 2073 418 2115 333
433 2063 577 2133 potestate
591 2056 742 2126 habuerit,
753 2060 936 2119 conservarit
951 2063 981 2117 et
995 2064 1081 2118 tere·

120 2142 178 2210 rit;
193 2138 273 2199 illius
288 2138 415 2219 denique
430 2143 580 2200 exercitus
594 2139 721 2210 milites,
742 2145 793 2220 qui
808 2160 863 2222 per
878 2159 909 2201 33
925 2141 962 2201 de
977 2144 1081 2205 conci·

119 2223 218 2284 llauda
243 2240 316 2302 3333
339 2225 469 2300 egerint,
495 2242 553 2302 qua
578 2226 609 2285 in
634 2242 668 2285 33
695 2227 828 2286 omnium
853 2243 973 2286 suorum
999 2227 1081 2286 31133

93 2307 334 2368 sconsulendum
354 2309 497 2386 putarint.
538 2307 588 2368 Sic
608 2310 739 2369 omnium
764 2310 901 2370 ordinum
926 2310 1022 2388 partis
1045 2312 1080 2370 iu

119 2391 326 2453 misericordia
342 2393 526 2461 constitisse,
549 2395 632 2472 ipsos
647 2393 737 2454 duces
752 2413 768 2455 3
782 2410 855 2472 3333
870 2392 1081 2465 3131333331333;

121 2494 172 2536 333
187 2493 284 2555 neque
300 2475 428 2552 colloqui
442 2492 539 2553 neque
550 2476 738 2548 ,indutiarum
753 2479 819 2539 iura
832 2494 964 2538 servasse
980 2482 1010 2537 et
1025 2476 1080 2537 ho·

122 2564 219 2621 mines
234 2561 389 2638 imperitos
404 2567 434 2620 et
454 2578 509 2639 per
524 2559 702 2637 colloquium
718 2561 857 2640 deceptos
872 2559 1081 2626 crudelissime

92 2643 318 2704 4131331331333.
353 2643 503 2704 decidisse
518 2645 610 2720 igitur
624 2644 680 2713 his,
697 2646 775 2724 quod
789 2646 964 2724 plerumque
979 2645 1081 2705 homi·

119 2745 192 2788 num
210 2728 303 2788 nimia
322 2727 487 2805 pertinacia
510 2736 598 2808 atque
626 2731 794 2806 arrogantia
815 2729 951 2790 accidere
975 2728 1079 2799 soleat,

122 2813 165 2871 311
181 2829 216 2871 33
230 2817 387 2871 recurrant
403 2817 433 2871 et
442 2811 473 2872 id
485 2812 676 2891 cupidissime
689 2819 801 2892 331331,
814 2813 893 2893 quod
907 2813 995 2892 paulo
1009 2820 1080 2874 3313

93 2897 362 2974 33331333333131.
398 2893 501 2975 Neque
516 2913 595 2956 nunc
610 2914 641 2957 33
663 2896 782 2957 illorum
797 2897 964 2958 bumilitate
980 2914 1080 2976 neque

119 2977 218 3059 aliqua
243 2981 386 3058 temporis
411 2982 632 3059 opportunitate
657 2981 821 3060 postulare,
852 2980 961 3061 quibus
984 2980 1081 3042 'rebus

119 3080 192 3141 opes
206 3070 370 3140 augeantur
385 3082 471 3134 suae;
493 3065 545 3125 sed
566 3083 617 3126 eos
639 3069 802 3136 exercituo,
825 3084 901 3145 quos
921 3073 1025 3126 contra
1046 3083 1080 3125 se

92 3147 230 3207 smultos
244 3149 302 3207 iam
319 3164 410 3207 annos
425 3146 562 3217 aluerint,
579 3148 654 3210 velle
670 3149 791 3210 dimitti.
828 3148 931 3229 Neque
947 3151 1027 3210 euim
1041 3161 1079 3209 vl

118 3231 252 3307 legiones
267 3230 323 3290 alia
343 3230 380 3290 de
395 3248 483 3292 eausa
498 3234 603 3295 missas
622 3235 654 3293 iu
670 3233 844 3314 Hispaniam
862 3235 1080 3312 septimamque

118 3312 162 3374 ibi
183 3317 395 3394 conscriptam,
416 3332 513 3395 neque
528 3323 572 3377 tot
591 3323 748 3398 tantasque
769 3318 873 3380 elassis
893 3323 1012 3396 3333133
1026 3335 1080 3376 33-

92 3407 177 3478 ‘tque
192 3397 355 3460 submissos
370 3398 460 3459 duces
480 3403 526 3461 331
546 3401 683 3462 militaris
703 3406 827 3482 3331133.
870 3400 952 3462 Ν11311
971 3401 1081 3462 horum

113 3482 154 3542 ad
166 3482 322 3563 pacandas
336 3483 512 3564 Hispanias,
534 3485 610 3546 nibil
631 3486 668 3547 ad
688 3505 776 3549 usum
792 3487 964 3567 provinciae
979 3486 1082 3565 provi·
