2356 3870
154 198 197 265 38
405 202 551 269 BELLUM
565 201 866 259 ALEXANDRDlUM.

1074 250 1087 283 θ

156 353 278 435 quidem
300 371 394 433 paene
423 354 532 423 totius,
566 353 651 432 quod·
677 353 705 414 ei
737 369 835 431 neque
868 352 988 430 legibus
1020 369 1122 432 neque

156 438 293 501 moribus
309 456 484 500 concessum
499 455 565 499 esse
580 439 674 498 ceteri
696 436 866 497 tetrarchae
882 435 1119 507 contendebant,

76 525 79 531 ’
157 527 222 585 sine
256 520 348 587 dubio
381 529 480 583 autern
512 540 566 582 rex
592 522 750 582 Armeniae
778 516 906 582 minoris
939 519 977 581 ab
1011 529 1120 582 senatu

157 607 339 687 appellatus,
373 607 518 686 depositis
547 608 640 684 regiis
660 602 847 684 insignibus,
881 623 980 682 neque
1002 613 1120 667 tantum

158 694 274 772 privato
300 693 426 762 vestitu,
455 690 508 751 sed
536 692 627 753 etiarn
653 707 775 756 reorum
804 688 910 751 habitu
932 690 1064 769 supplex
1084 689 1122 751 ad

158 777 573 842 Caesarernvonitoratu1n‚
609 782 642 835 ut
673 773 733 834 sibi
755 777 944 852 ignosceret,
977 773 1062 854 quod
1090 777 1121 834 in

159 881 194 929 ea
216 869 301 940 parte
324 863 441 939 positus
462 868 630 928 terrarum,
661 877 736 937 quae
764 859 845 920 nulia
874 858 1026 938 praesidia
1048 858 1120 920 Cae·

159 949 236 1010 saris
258 943 423 1011 habuisset,
445 947 594 1005 coercitus
609 941 792 1004 exercitibus
806 946 1004 1022 imperiisque
1020 945 1053 1003 in
1068 943 1121 1005 Cn.

122 1037 138 1085 2
159 1031 284 1109 Pompei
306 1031 412 1091 castris
434 1028 557 1088 luisset:
590 1045 686 1105 neque
715 1030 795 1091 enirn
824 1045 857 1089 se
879 1026 1021 1088 debuisse
1038 1027 1122 1088 iudi·

160 1134 226 1178 cem
249 1132 315 1175 esse
338 1114 611 1174 controversiarum
633 1111 738 1190 populi
759 1112 904 1182 Romani,
932 1111 986 1173 sed
1015 1129 1122 1190 parere

160 1196 370 1278 praesentibus
392 1198 540 1274 imperiis.

125 1287 140 1334 1
222 1281 347 1342 LXVlll.
392 1281 500 1341 Contra
512 1297 600 1359 quern
612 1279 702 1341 Casan
718 1298 785 1341 cum
808 1280 940 1358 plurima
964 1299 1019 1341 sua
1041 1300 1123 1341 com·

160 1374 354 1429 memorasset
381 1365 496 1434 officia,
531 1382 607 1442 quae
642 1364 747 1425 consul
775 1367 804 1425 ei
833 1365 963 1426 decretis
991 1363 1124 1444 publicis

160 1449 337 1518 tribuisset,
362 1465 490 1526 cumque
512 1447 712 1509 deiectionem
734 1450 800 1508 eius
823 1449 936 1511 nnllam
958 1467 1049 1527 posse
1073 1467 1123 1509 ex·

162 1535 347 1599 cusationem
377 1529 472 1612 [eius]
501 1531 723 1609 imprudentiae
756 1534 893 1611 recipere
926 1536 1123 1611 coarguisset,

161 1618 240 1699 quod
263 1619 352 1679 homo
375 1625 474 1677 tantae
496 1615 673 1695 prudentiae
696 1634 732 1677 ac
754 1616 927 1694 diligentiae
945 1621 1023 1679 scire
1037 1627 1125 1696 potu-

161 1706 251 1772 isset,
274 1704 343 1782 quis
366 1699 473 1763 urbem
494 1701 672 1778 Italiamque
694 1710 826 1769 teneret,
850 1700 904 1761 ubi
926 1711 1049 1763 senatus
1072 1721 1125 1781 po·

163 1788 313 1868 pulusque
333 1786 501 1859 Romanus,
527 1784 580 1845 ubi
603 1783 779 1863 respublica
802 1793 896 1854 esset,
919 1789 971 1864 qui
994 1787 1126 1867 donique

162 1879 229 1954 post
256 1870 289 1934 L.
318 1869 494 1938 Lentulum,
523 1869 554 1929 C.
578 1868 753 1931 Marcellum
780 1869 935 1939 consules,
964 1881 1066 1936 tamen
1093 1889 1127 1932 se

163 1954 330 2020 concedere
361 1954 390 2015 id
419 1955 532 2015 iactum
561 1952 770 2031 superioribus
792 1956 856 2015 suis
878 1953 1052 2025 beneficiis,
1076 1975 1127 2016 re·

162 2043 223 2104 teri
245 2039 380 2117 hospitio
401 2046 490 2116 atque
513 2038 673 2106 amicitiae,
697 2037 837 2115 dignitati
861 2042 1013 2118 aetatique
1029 2040 1129 2101 homi·

164 2128 222 2193 nis,
246 2121 390 2201 precibus
412 2139 526 2190 eorum,
550 2124 602 2200 qui
624 2124 800 2201 frequentes
815 2127 1042 2186 concurrissent
1072 2127 1128 2189 bo·

162 2210 355 2287 spitesatque
377 2207 469 2268 amici
483 2204 617 2269 Deiotari
632 2206 669 2267 ad
690 2205 921 2284 deprecandum,
945 2208 982 2270 de
1005 2218 1128 2270 contro·

164 2293 272 2352 versiis
303 2289 520 2351 tetrarcharum
547 2296 650 2368 postea
677 2309 711 2353 se
738 2294 928 2369 cogniturum
952 2310 1018 2354 esse
1040 2293 1129 2363 dixit,

128 2378 282 2455 aregium
304 2377 445 2436 restitum
467 2376 497 2433 ei
523 2377 666 2436 restituit.
721 2375 884 2453 Legionem
916 2383 1016 2438 autem
1049 2397 1130 2448 earn,

165 2479 252 2540 quam
287 2478 323 2520 ex
355 2477 467 2537 genere
500 2460 610 2520 civium
642 2477 766 2523 suorum
787 2460 947 2522 Deiotarus
975 2470 1130 2523 armatura

166 2543 385 2623 disciplinaque
399 2551 501 2605 nostra
525 2547 717 2605 constitutam
739 2543 879 2615 habehat,
902 2549 1131 2627 equitatumque

167 2647 290 2690 ornnem
312 2628 348 2688 ad
371 2627 485 2688 bellum
507 2627 672 2704 gerendum
694 2627 843 2690 adducere
866 2632 963 2691 iussit.

130 2718 145 2765 1
229 2711 368 2773 vauli.
414 2711 487 2771 Corn
502 2713 534 2771 in
545 2711 672 2773 Pontum
688 2716 819 2774 venisset
841 2717 1001 2794 copiasque
1024 2735 1132 2777 omnes

167 2800 199 2858 in
227 2815 321 2861 unum
348 2796 447 2856 locum
477 2799 639 2874 coegisset,
668 2815 744 2876 quac
771 2817 897 2860 nurnero
926 2808 1014 2878 atque
1041 2818 1131 2861 exer·

167 2884 310 2945 citatione
338 2879 488 2943 bellorum
515 2881 683 2943 mediocres
712 2890 799 2943 erant
824 2917 867 2927 —
894 2892 1019 2963 excepta
1047 2889 1132 2947 enim

166 2967 287 3043 legione
310 2972 409 3034 serta,
433 2984 522 3043 quam
545 2983 647 3027 secum
669 2966 833 3028 adduxerat
854 2968 1034 3030 Alexandria
1047 2978 1131 3031 vete·

167 3069 271 3111 ranam
294 3048 397 3110 multis
419 3048 575 3110 laboribus
598 3052 799 3130 periculisque
822 3054 957 3114 iunctam
968 3055 1133 3134 multisque

167 3132 315 3195 militibus
337 3134 449 3211 partim
470 3133 647 3195 difficultate
669 3137 815 3198 itinerum
844 3155 879 3198 ac
907 3140 1132 3215 navigationum

167 3221 278 3297 partim
300 3217 463 3279 crebritate
485 3216 634 3281 bellorum
653 3219 731 3289 ,adeo
753 3219 951 3292 deminutam,
976 3232 1009 3283 ut
1031 3225 1133 3284 minus

168 3301 250 3364 mille
274 3301 446 3362 horninibus
469 3305 500 3363 in
523 3321 557 3364 ea
582 3312 670 3370 esset,
693 3303 827 3382 reliquae
850 3315 937 3367 erant
957 3315 1021 3367 tres
1036 3307 1134 3386 legio·

168 3405 232 3454 nes,
256 3405 314 3447 una
329 3385 474 3456 Deiotari,
499 3388 585 3457 duae,
609 3392 740 3467 quaein
764 3408 804 3449 co·
822 3391 950 3467 proelio,
974 3391 1054 3470 quod
1078 3391 1134 3453 Cn.

162 3470 331 3534 Domitium
346 3473 457 3535 iecisse
470 3491 539 3537 eunt
551 3472 704 3535 Pharnace
726 3476 914 3552 scripsimus,
937 3475 1058 3538 inerant
1079 3510 1134 3546 -,
