2356 3870
315 199 414 256 culmi.
430 201 459 256 V.
476 201 546 257 CAP.
563 199 835 259 xxxx-xxxxuu
1014 192 1052 257 97

92 371 170 431 iacta
183 365 280 428 lacida
293 367 325 427 in
341 383 438 434 casae,
460 381 534 441 quae
555 381 638 423 more
654 362 764 423 Gallico
785 365 955 424 stramentis
971 371 1056 423 erant

92 458 204 520 tectae,
221 452 320 512 iacere
335 455 506 528 caeperunt.
526 447 588 507 llae
601 445 737 507 celeriter
748 448 847 526 ignem
859 445 1081 525 comprehen·2

92 536 204 596 derunt
219 541 250 594 et
263 535 343 594 venti
357 531 559 610 magnitudine
579 532 610 590 iu
631 548 749 591 omnem
769 530 867 592 lacum
888 540 1054 591 castrorum

92 617 283 679 distedernnt
311 617 419 678 Hostes
427 617 561 677 maximo
577 613 722 684 clamore,
739 615 827 676 sicuti
840 621 925 694 parta
938 616 996 675 iam
1013 622 1083 676 at=³

93 719 153 780 que
169 700 321 780 explorata
334 700 471 769 victoria,
488 705 589 760 turres
605 698 828 776 testudinesque
843 715 931 776 agere
947 706 976 760 et
991 716 1054 759 sca·

93 781 131 846 lis
145 783 254 845 vallum
274 783 436 846 ascendere
457 789 628 863 coeperunt
666 783 703 844 tt
722 789 803 843 muta
822 781 948 843 militum
963 783 1082 842 virtusa

93 876 184 946 atque
200 885 235 928 ea
247 869 416 947 praesentia
431 869 522 928 animi
536 867 605 935 luit,
628 875 676 935 ut,
700 884 767 927 cum
787 865 918 942 undique
938 864 1055 926 llamma

93 958 284 1013 torrerentur
298 953 485 1028 maximaque
500 950 627 1012 telorum
641 950 831 1012 mrdtitudine
844 959 1054 1029 premerentur

93 1051 208 1111 suaque
223 1037 320 1096 omnia
339 1035 550 1115 impedimenta
572 1041 660 1111 atque
677 1052 780 1095 omnes
794 1036 929 1096 fortunas
944 1034 1051 1095 conlla·

92 1137 182 1197 grane
196 1118 418 1196 intellegerent,
439 1136 499 1179 nou
520 1118 607 1179 modo
623 1117 807 1196 demigrandi
822 1136 911 1179 causa
926 1117 963 1178 de
977 1118 1052 1179 vallo

93 1201 254 1264 decederet
272 1220 377 1272 nemo,
404 1201 457 1263 sed
476 1219 571 1281 paene
591 1219 630 1261 ne
650 1204 814 1281 respiceret
834 1202 952 1280 quidem
972 1205 1052 1278 quis·

93 1303 198 1364 quam,
220 1303 254 1346 ac
273 1293 338 1347 tum
354 1303 457 1347 omnes
472 1303 627 1346 acerrume
641 1286 860 1363 fortissimeque
874 1294 1051 1364 pugnarent.

93 1369 149 1430 llic
169 1369 232 1430 dies
252 1370 361 1430 uostris
381 1368 469 1447 louge
485 1370 675 1447 gravissimus
689 1370 759 1437 iuit;
782 1368 835 1430 sed
856 1376 955 1430 tamen
975 1368 1081 1431 huneo

93 1451 198 1514 babuit
212 1460 364 1523 eventum,
380 1459 414 1514 ut
429 1471 464 1513 eo
480 1451 528 1512 die
538 1454 683 1514 maximus
694 1471 837 1514 numerus
846 1452 975 1515 hostium
990 1452 1051 1513 vul·

94 1541 252 1598 necaretur
273 1543 361 1613 atque
374 1536 608 1605 interficeretur,
631 1546 663 1596 ut
683 1555 716 1597 se
737 1537 792 1598 sub
812 1538 877 1617 ipso
891 1536 967 1597 vallo
982 1555 1051 1597 con-

95 1621 276 1700 stipaverant
296 1635 508 1696 recessumque
522 1620 626 1698 primls
640 1618 736 1680 rdtimi
750 1637 810 1680 non
825 1619 941 1681 dabant.
979 1620 1083 1679 Pau-a

96 1698 157 1764 lum
173 1702 293 1779 quidem
306 1704 475 1764 intermissa
489 1701 606 1764 llamma
627 1710 656 1762 et
677 1702 804 1780 quodam
823 1702 889 1764 loco
909 1704 986 1763 turri
1000 1702 1051 1764 ad·

95 1795 160 1847 acta
180 1793 210 1846 et
229 1787 419 1864 contingente
439 1784 563 1855 vallum,
589 1787 694 1847 tertiae
715 1785 1052 1867 cohortis'centuriones

96 1888 131 1930 ex
147 1887 199 1939 eo,
221 1885 280 1946 quo
294 1868 424 1938 stabant,
446 1868 511 1930 loca
532 1877 723 1931 recesserunt
743 1886 872 1946 suosque
887 1887 990 1930 omnes
1004 1887 1052 1930 re·

93 1959 266 2023 moverunt,
292 1958 368 2014 nutu
391 1951 573 2030 vocibusque
593 1951 709 2024 hostes,
734 1956 760 2014 ei
785 1954 910 2013 introire
934 1951 1051 2020 vellent,

93 2053 200 2097 vocare
215 2040 392 2115 coeperuut;
411 2052 538 2112 quormn
549 2036 690 2115 progredi
699 2054 789 2098 ausus
801 2044 846 2097 est
856 2054 953 2097 nemo.
976 2035 1079 2097 roma

94 2136 130 2180 ex
142 2120 224 2180 omni
235 2126 320 2197 parte
330 2118 476 2199 lapidibus
488 2121 629 2180 coniectis
641 2119 803 2189 deturbati,
820 2121 970 2198 turrisque
984 2138 1051 2181 suc·

93 2220 184 2265 censa
202 2209 255 2264 eet

155 2284 327 2348 xxxxuu.
350 2285 443 2347 Erant
452 2287 484 2346 in
496 2285 821 2364 calegioneiartissumi
827 2287 890 2356 viri,
904 2288 1077 2349 centurio-1

92 2387 163 2438 nes,
186 2370 238 2446 qui
257 2369 360 2449 primis
382 2368 535 2430 ordinibus
556 2368 842 2448 adpropinquarent,
863 2370 948 2431 Titus
967 2369 1051 2431 Pullo

94 2461 124 2514 et
143 2452 256 2514 Lucius
270 2452 413 2514 Vorenus.
450 2452 487 2513 lli
505 2460 665 2532 perpetuas
684 2455 763 2515 inter
784 2471 817 2514 eo
838 2455 1080 2515 controversiasa

93 2535 257 2605 habebant,
286 2537 405 2612 quinam
433 2537 646 2607 anteferretur,
676 2535 872 2614 omnibusque
902 2538 985 2598 annis
1015 2537 1052 2598 de

93 2619 166 2681 locis
192 2620 315 2680 summis
334 2618 531 2683 simultatibus
559 2619 783 2683 contendebant
821 2621 866 2682 Ex
890 2619 937 2682 his
956 2621 1079 2690 Pulio,³

94 2721 162 2764 cum
182 2719 337 2771 acerrume
357 2702 393 2763 ad
414 2704 592 2765 munitiones
607 2713 806 2783 pugnaretur,
828 2705 907 2776 Quid
921 2706 1050 2774 dubitas,

94 2787 204 2864 inquit,
227 2787 365 2849 Vareno?
379 2793 433 2848 aaa
447 2803 533 2863 quem
546 2789 645 2849 locum
659 2795 729 2850 tuae
736 2788 919 2865 probandae
932 2790 1052 2850 virtutis

93 2871 258 2946 expectas?
271 2869 395 2931 laicales
406 2870 564 2932 deaoetrie
574 2873 786 2934 controuersiis
795 2871 949 2933 iudicabit.
973 2871 1080 2932 Haece

94 2971 160 3031 eum
181 2951 317 3021 dixisset.
344 2953 583 3032 proceditextra
607 2955 801 3025 munitiones,
829 2970 963 3031 quaeque
982 2974 1051 3034 pars

94 3033 223 3097 bostium
239 3035 456 3098 confertissima
471 3045 516 3098 est
529 3039 599 3108 visa,
615 3039 766 3117 inrumpit
789 3037 974 3100 Nevorenus
989 3041 1079 3116 qui-a

94 3119 161 3180 dem
182 3135 251 3181 sese
269 3117 350 3181 vallo
366 3122 510 3191 continet,
538 3121 590 3182 sed
619 3123 751 3183 omnium
771 3122 882 3184 veritus
903 3124 1050 3184 existima·

94 3204 205 3266 tionem
220 3199 421 3280 subsequitur.
439 3204 580 3267 llediocri
590 3207 683 3284 spatio
697 3205 800 3267 relicto
815 3206 899 3268 Pulio
914 3206 1008 3286 pilum
1021 3209 1080 3268 lue

93 3284 194 3349 hostes
207 3287 329 3347 inmittit
349 3295 437 3365 atque
458 3305 551 3350 unum
573 3306 608 3349 ex
622 3286 810 3352 multitudine
824 3298 1051 3370 procurrentem

95 3371 192 3432 traicit
197 3387 205 3438 ;
223 3386 282 3447 quo
293 3388 436 3449 percusso
448 3379 477 3432 et
489 3373 667 3443 exanimato,
684 3372 764 3435 hunc
777 3376 869 3437 scutis
880 3382 1050 3454 protegunt,

96 3453 257 3516 lnboetem
272 3452 329 3514 tela
349 3456 479 3517 universi
500 3457 649 3519 coniciunt
668 3475 766 3535 neque
781 3458 851 3520 daut
864 3457 1052 3536 regrediendi
1128 3539 1130 3543 Ι

132 3568 158 3606 e.
177 3566 239 3604 aaa.
257 3565 371 3604 eneam
868 3550 887 3606 'l
