2354 3864
153 217 215 300 iso
573 236 689 292 nuru

465 382 509 452 [A.
527 382 561 437 u
580 381 608 437 c.
627 380 800 450 cccmus]

219 464 257 522 rb.
272 461 351 528 XII,
376 461 426 534 34,
451 461 479 520 3.
504 455 712 535 [35,1.]cstr.
757 457 849 516 Hirtii
875 456 1044 532 epistulam
1070 456 1124 517 tibi

152 550 221 609 misi
248 552 279 608 et
305 551 454 608 recentem
482 551 513 606 et
539 547 680 607 benevole
709 545 856 620 scriptam.
881 575 921 586 -
948 547 1003 620 37,
1030 547 1062 622 4,
1085 547 1123 605 ia

154 637 270 696 Hirtius
293 637 332 695 ad
353 655 402 696 me
424 636 555 710 scripsit,
579 633 643 695 Sex.
666 633 839 709 Pompeium
862 631 1002 694 Corduba
1027 635 1123 694 exisse

153 729 185 786 et
215 725 328 800 fugisse
359 726 390 783 in
421 724 596 798 Hispaniam
627 722 806 795 citeriorem,
837 721 974 781 Gnaeum
1005 721 1123 799 fugisse

153 814 251 873 nescio
271 830 342 888 quo;
360 831 456 888 neque
475 813 554 871 enim
572 828 650 872 curo.
681 810 765 869 Nihil
782 813 937 885 praeterea
955 811 1038 870 novi
1062 811 1123 870 Lit-

153 905 234 962 teras
251 901 392 960 Narbone
414 901 496 959 dedit
518 915 599 958 x1111
617 897 683 956 Kal
704 898 872 957 Maias-
898 898 998 966 XIII,
1020 901 1076 973 21,
1096 902 1122 958 1.

152 989 203 1049 Ad
230 989 362 1048 Hirtium
389 989 528 1047 dederam
555 986 712 1061 epistulam
742 1004 814 1047 sane
839 986 997 1062 grandem,
1032 1005 1123 1064 quam

155 1054 330 1152 scripseram
351 1077 483 1151 proxime
504 1077 536 1133 in
555 1075 729 1134 Tusculano.
765 1074 852 1149 Huic,
874 1091 965 1151 quam
987 1076 1025 1134 tu
1048 1076 1122 1135 milri

155 1165 275 1239 misisti,
297 1165 458 1225 rescribam
481 1165 563 1222 aliae.

499 1251 542 1336 [ι’.
560 1265 594 1320 ιι.
612 1265 641 1322 c.
659 1265 778 1337 occa]

221 1365 259 1423 ab.
275 1362 345 1430 XV,
361 1363 390 1435 5,
405 1364 433 1421 2.
469 1360 512 1420 Ut
533 1364 568 1419 tu
581 1361 627 1431 de,
639 1360 790 1436 provincia
802 1358 890 1419 Bruti
904 1362 934 1420 et
948 1358 1048 1420 Cassii
1070 1381 1123 1438 per

156 1453 276 1510 senatus
300 1451 479 1521 consultum,
501 1449 545 1506 ita
568 1449 671 1508 scribit
693 1451 724 1508 et
736 1448 848 1508 Balbus
872 1451 903 1508 et
924 1448 1045 1508 Hirtius
1061 1494 1122 1510 .....

156 1538 276 1614 quidem
290 1555 321 1596 se
334 1540 477 1596 acturum.
514 1537 634 1596 Etenim
655 1537 720 1595 iam
736 1537 769 1594 in
784 1536 950 1595 Tusculano
968 1540 1018 1596 est
1036 1539 1122 1597 milri-

156 1645 223 1702 que,
246 1628 280 1685 ut
302 1626 410 1699 absim,
433 1626 623 1685 vehementer
635 1628 738 1684 auctor
760 1627 818 1683 est:
841 1624 892 1684 ille
910 1625 1032 1700 quidem
1046 1628 1122 1702 peri-

156 1715 215 1775 euli
238 1732 339 1787 causa,
363 1715 442 1790 quod
465 1714 521 1773 sibi
545 1713 635 1773 etiam
657 1713 749 1772 fuisse
772 1713 844 1771 dicit
860 1714 913 1770 ’-·.
933 1742 975 1754 -
1001 1715 1078 1789 6,-2.
1094 1718 1122 1776 3.

156 1805 312 1858 mrum
325 1805 497 1861 cicer-om
514 1817 582 1858 suo
599 1804 671 1857 sal·
708 1801 792 1860 Rure
803 1803 865 1860 ium
876 1800 1023 1870 redierim,
1037 1821 1122 1877 proc

156 1893 207 1949 ris.
238 1888 289 1948 Aa
304 1907 361 1963 epo,
376 1907 440 1949 cam
454 1906 550 1948 omres
563 1889 683 1955 caleant,
706 1891 848 1962 pravam
860 1890 972 1962 aliquid
990 1891 1123 1963 facium?

156 1978 306 2037 Etiamsi
327 1979 399 2036 mbo
420 1996 485 2036 scm
501 1977 664 2050 profectus:
686 1979 787 2036 utilius
805 1979 880 2036 mim
901 1980 992 2037 statui
1014 1982 1122 2040 abesse.

156 2066 224 2125 Has
238 2067 289 2125 tibi
302 2066 412 2124 litteras
426 2068 521 2125 esicus
538 2068 570 2124 io
585 2065 783 2124 Tasmloomn
795 2067 907 2139 scripsi.
939 2066 1011 2127 Noli
1024 2073 1122 2127 auton

156 2171 202 2212 me
223 2157 284 2212 tom
304 2156 454 2212 strenuom
470 2157 591 2227 pctore,
617 2157 651 2212 ut
672 2154 711 2212 od
729 2154 833 2212 Nonas
854 2170 1021 2213 recurram:
1048 2157 1124 2216 nihil-

157 2243 234 2300 enim
254 2242 317 2299 iam
337 2242 418 2299 oidco
440 2259 512 2314 opas
535 2246 716 2300 essecestra
738 2260 823 2308 cura,
851 2243 987 2315 quonium
1004 2248 1123 2317 proesi-

156 2329 208 2388 dia
230 2332 298 2389 smt
319 2329 351 2386 ic
378 2333 416 2387 tot
439 2346 531 2388 onnes
552 2331 681 2402 prouisa
726 2329 841 2388 Brutus
868 2334 894 2388 et
916 2328 1040 2391 Cassius
1066 2335 1123 2392 ati·

155 2434 239 2484 nom,
262 2433 350 2489 quom
372 2417 457 2489 factio
470 2436 490 2477 o
503 2422 529 2476 tc
551 2419 585 2476 de
606 2434 652 2476 me
672 2419 828 2490 impetrare
843 2423 981 2491 possrmt,
1004 2421 1048 2479 itu
1065 2439 1123 2495 per

157 2508 184 2564 te
205 2507 369 2570 exorentur,
392 2522 428 2564 nc
450 2507 525 2579 quod
547 2506 670 2564 cotidiae
685 2507 792 2564 'imant
809 2507 976 2565 consitium!
1013 2506 1123 2569 Oedcr·

158 2596 198 2651 tes
211 2594 296 2677 ‚mim
318 2593 386 2650 boec
409 2596 454 2652 ais
476 2595 631 2666 seriosisse.
677 2592 759 2667 Quo?
781 2599 832 2652 cal
854 2600 914 2668 pao
929 2596 981 2654 ro?
1008 2597 1122 2665 Retico,

155 2681 270 2740 obsecro
293 2684 331 2746 te,
356 2678 467 2748 Cicero,
490 2683 555 2741 iilos
573 2685 599 2738 ci
619 2681 680 2740 ooli
696 2683 790 2740 arcere
811 2683 880 2741 boec
897 2685 996 2743 omnio
1012 2689 1123 2760 perire,

157 2784 231 2841 puae
252 2768 386 2841 fmditos
408 2765 648 2841 mediusfidius
678 2772 802 2842 rapinis,
824 2772 1124 2838 immissoribus

152 2860 365 2928 pervertuntur.
417 2855 556 2923 Tarnim,
588 2859 614 2915 si
640 2858 709 2930 qnid
740 2859 849 2925 timent,
882 2858 1019 2930 mercat·
1049 2863 1125 2922 nibil

152 2947 307 3016 praetereo
328 2945 492 3003 imitamur.
528 2944 597 3003 Nor
618 2946 818 3017 mediusfidius
832 2949 982 3006 acerrimis
995 2951 1125 3011 comediis

151 3031 225 3103 plus
246 3034 434 3104 poematium
450 3033 641 3100 inertissimis,
665 3034 734 3092 dnm
746 3035 829 3093 modo
843 3037 1035 3108 diiipmtibas,
1058 3055 1125 3098 com

147 3122 322 3204 ‚sequentum
354 3120 423 3178 boec
446 3122 535 3187 mim,
563 3137 636 3193 puae
657 3123 765 3192 ficunt,
783 3140 840 3195 per
857 3140 887 3181 se
905 3125 1047 3185 diuturno
1064 3145 1125 3186 non

159 3210 241 3275 emt·
263 3208 296 3265 in
309 3209 482 3267 contemtione
498 3210 661 3281 proesentis
680 3209 718 3268 ad
739 3212 898 3269 nocendum
919 3213 1024 3271 hubent
1040 3217 1124 3276 ciris.

157 3292 236 3368 Quid
262 3312 358 3368 speres
380 3297 415 3355 de
436 3296 508 3364 illis,
535 3298 567 3356 in
591 3295 788 3357 Ibsmiorum
814 3300 854 3358 od
880 3316 925 3358 me
950 3303 1051 3361 sorite
1081 3334 1122 3344 -

158 3383 189 3456 8,
206 3382 275 3441 Liri.
310 3381 384 3441 Post
404 3387 490 3442 tuum
504 3384 665 3444 discessum
687 3385 773 3445 binas
786 3404 805 3444 a
818 3386 926 3447 Balbo:
948 3388 1025 3448 nihil
1038 3392 1124 3466 novi3

157 3469 289 3545 itemque
312 3470 350 3529 ab
373 3469 484 3545 Hirtio,
508 3473 559 3548 qui
582 3491 615 3533 se
637 3473 740 3552 scribit
762 3475 953 3536 vehementer
970 3478 1125 3540 offensum

157 3575 224 3618 esse
246 3559 405 3618 veteranis,
