2356 3870
137 209 199 292 134
457 186 770 263 marsicanum

105 381 121 431 5
137 391 187 443 eo,
215 390 252 432 ne
271 371 302 432 id
321 372 447 439 Iaceret,
463 368 619 448 petebant:
647 370 690 430 sle
704 385 738 429 se
753 366 921 447 complures
936 386 1030 431 annos
1044 367 1096 431 illo

135 458 302 536 imperante
323 455 484 523 meruisse,
506 460 540 514 ut
565 452 677 514 nullam
702 454 895 530 ignominiam
915 453 1094 532 acciperent,

104 549 121 598 o
136 556 282 616 nusquam
296 540 462 617 inceptare
477 537 679 604 discederent:
703 534 760 597 boc
775 554 807 596 se
827 537 1005 615 ignominiae
1019 537 1095 598 latu·

105 633 187 685 ‘tros
201 623 277 693 loco,
298 623 324 684 si
343 623 492 700 inceptam
514 621 764 700 oppugnationem
778 619 985 698 reliquissent;
1008 639 1096 700 prae·

137 716 216 769 stare
237 724 340 768 omncs
359 707 495 785 perferre
517 704 708 774 acerbitates,
731 720 820 782 quam
833 722 892 765 non
914 703 1024 765 civibus
1037 705 1096 766 llo·

136 793 240 860 manis,
248 793 299 869 qui
306 789 544 869 Cenabiperbdia
551 787 701 850 Gallorum
706 789 886 859 interissent,
900 795 1095 868 parentarent.

105 880 122 932 θ
135 876 215 937 Haec
227 874 330 936 eadem
337 872 561 938 centurionibus
573 872 758 949 tribunisque
769 872 894 933 militum
909 870 1094 941 mandabant,

137 966 170 1021 ut
184 975 239 1039 per
255 976 306 1020 eos
320 957 356 1020 ad
372 958 528 1020 Gaesarem
543 956 741 1018 deferrentur.

108 1048 121 1099 1
200 1041 302 1104 XVIII.
333 1042 406 1103 Cum
425 1044 484 1103 Iam
506 1059 593 1103 muro
615 1048 713 1102 turres
733 1039 1037 1120 adpropinquassent,
1061 1058 1097 1100 ex

138 1127 261 1205 captivis
277 1126 383 1190 Caesar
404 1127 549 1203 cognovit,
566 1126 838 1203 Vercingetorigem
854 1131 1029 1204 consumpto
1044 1142 1097 1203 pa·

137 1209 208 1272 bulo
225 1216 320 1271 castra
338 1212 465 1270 movisse
484 1211 609 1288 propius
623 1210 779 1271 AvarIcum
801 1216 889 1286 etque
908 1207 1008 1287 ipsum
1028 1225 1097 1268 cum
1165 1205 1170 1211 ’

138 1298 270 1374 equitatu
284 1293 495 1372 expeditisque,
513 1295 564 1369 qui
585 1294 662 1352 inter
674 1294 789 1369 equites
800 1291 941 1371 proeliari
955 1309 1096 1352 consues-

137 1387 216 1449 sent,
230 1377 404 1438 insidiarum
419 1395 507 1437 causa
523 1395 557 1436 eo
572 1375 750 1455 proiectum,
768 1393 826 1452 quo
841 1384 960 1437 nostros
975 1382 1097 1455 postero

106 1473 122 1521 2
134 1462 182 1524 die
196 1460 367 1542 pabulatum
381 1467 521 1521 venturos
536 1459 740 1521 arbitraretur.
764 1459 877 1531 Quibus
891 1459 983 1521 rebus
998 1460 1097 1537 cogni·

137 1549 175 1607 tls
189 1543 287 1606 media
300 1553 388 1605 nocte
402 1543 518 1605 silentio
532 1544 686 1623 proiectus
700 1543 737 1604 ad
757 1542 886 1604 bostium
901 1550 996 1604 castra
1011 1559 1098 1603 mane

106 1629 281 1710 apervenit.
311 1627 357 1690 llli
372 1627 510 1689 celeriter
523 1646 578 1707 per
600 1627 803 1707 exploratores
823 1626 951 1688 adventu
965 1627 1097 1688 Caesaris

139 1715 257 1792 cognito
266 1730 367 1774 carros
381 1711 652 1792 impedimentaque
667 1730 720 1774 sua
734 1713 765 1772 in
781 1713 907 1773 artiores
922 1709 1097 1772 silvasabdi·

138 1798 261 1866 derunt,
284 1797 382 1876 copias
398 1798 493 1857 omnis
507 1798 539 1858 in
553 1796 619 1857 loco
636 1796 714 1859 edito
730 1803 817 1873 atque
833 1802 936 1875 aperto
947 1797 1097 1856 instruxe-

106 1889 123 1937 4
137 1888 217 1943 runt.
249 1881 361 1952 Quare
381 1882 515 1941 nuntiata
530 1881 637 1942 Caesar
658 1879 796 1943 celeriter
810 1881 942 1942 sarcinas
957 1879 1089 1940 conferri

139 1984 219 2029 arma
236 1959 369 2044 expediri
381 1965 476 2025 iussit.

108 2053 122 2105 1
201 2048 316 2109 XVIIII.
345 2047 432 2109 Collis
444 2056 508 2109 erat
522 2048 628 2110 leniter
643 2049 679 2110 ab
693 2050 795 2110 infimo
811 2049 938 2111 adclivis.
961 2048 1047 2109 Hunc
1063 2066 1098 2108 ex

114 2149 118 2158 “
139 2131 276 2193 omnibus
296 2133 360 2192 lere
374 2132 508 2209 partibus
528 2132 613 2211 palus
635 2132 761 2195 difficilis
776 2141 866 2212 atque
880 2131 1020 2212 impedita
1035 2134 1098 2192 cin·

108 2216 227 2295 agebat
241 2232 301 2275 non
315 2213 402 2275 latior
421 2215 547 2294 pedibus
568 2218 790 2295 quinquaginta.
826 2217 889 2278 Hoe
911 2234 944 2278 se
965 2215 1040 2277 colle
1052 2217 1097 2277 in·

139 2300 283 2378 terruptis
297 2297 437 2376 pontibns
444 2298 519 2360 Galli
533 2299 704 2361 fiducialoci
710 2300 901 2363 continebant
916 2303 1096 2380 generatim·

140 2400 197 2461 que
212 2381 361 2444 distributi
375 2383 407 2442 in
422 2383 553 2445 civitates
568 2386 666 2448 omnia
680 2383 753 2446 vada
764 2401 798 2444 ae
813 2385 905 2446 saltus
922 2383 1001 2465 [eius
1015 2383 1098 2463 palu·

139 2464 199 2546 dis]
221 2464 406 2545 optInebant,
434 2467 477 2527 sie
499 2469 596 2527 animo
617 2470 729 2546 parati,
754 2476 801 2537 ut,
828 2470 854 2530 si
875 2486 940 2530 eam
960 2467 1099 2546 paludem

139 2551 264 2610 llomani
283 2567 481 2628 perrumpere
508 2559 701 2623 conarentur,
729 2551 908 2614 haesitantes
927 2560 1101 2630 premerent

106 2637 175 2694 {tex
189 2633 255 2694 loco
271 2635 435 2711 superiore,
452 2640 494 2704 ut,
511 2637 561 2713 qui
571 2637 825 2715 propinquitatem
836 2634 894 2696 loci
909 2636 1031 2706 videret,
1047 2653 1097 2714 pa·

138 2724 219 2779 ratos
233 2734 328 2796 prope
344 2734 438 2796 aequo
452 2718 546 2780 Marte
561 2720 597 2782 ad
613 2720 812 2781 dimicandum
828 2721 1025 2789 existimaret,
1050 2721 1100 2796 qui
1132 2730 1134 2739 ·

137 2803 323 2879 iniquitatem
335 2801 516 2864 condicionis
528 2807 722 2885 perspIoeret,
739 2806 818 2866 inani
832 2803 1019 2864 simulatione
1034 2821 1100 2864 sese

106 2892 123 2939 ⁴
138 2892 288 2947 ostentare
309 2895 510 2964 cognosceret.
547 2888 736 2967 Indignantes
756 2888 866 2949 milites
882 2888 1004 2957 Caesar,
1022 2887 1100 2964 quod

138 2975 331 3048 conspectum
346 2989 433 3032 suum
455 2970 556 3033 hostes
575 2975 712 3052 perterre
732 2979 856 3051 possent
875 2970 989 3032 tantulo
1004 2973 1100 3049 spatio

137 3054 310 3123 interiecto,
334 3062 363 3114 et
383 3057 500 3132 signum
519 3056 626 3134 proelii
647 3064 842 3135 exposcentes
857 3056 971 3124 edocet,
989 3063 1101 3132 quanto

138 3137 318 3198 detrImento
346 3145 376 3198 et
403 3145 476 3215 quot
496 3140 626 3204 virorum
654 3141 776 3201 seruum
796 3151 894 3204 mette
914 3157 1039 3202 necesse
1063 3141 1102 3200 sit

106 3226 122 3278 o
137 3227 274 3282 constare
289 3222 455 3291 victoriam;
472 3238 547 3299 quos
562 3242 630 3285 cum
642 3224 685 3286 slc
697 3224 794 3284 animo
809 3231 929 3304 paratos
943 3223 1050 3291 rideat,
1069 3231 1102 3283 ut

137 3303 253 3367 nullum
266 3322 322 3385 pro
338 3323 390 3367 sua
400 3304 488 3366 laude
503 3307 669 3386 periculum
679 3316 830 3379 recusent,
847 3326 980 3370 summae
996 3327 1029 3369 se
1044 3308 1101 3367 ini·

138 3391 258 3469 quItaIIs
274 3388 464 3450 condemnari
485 3389 606 3461 debere,
627 3393 685 3452 nisi
706 3409 810 3453 eorum
832 3394 922 3453 vitam
937 3391 1102 3454 sua'salute

104 3472 241 3536 cbabeet
257 3475 411 3536 cariorem.
435 3473 484 3535 Sic
495 3473 605 3536 milites
620 3472 790 3538 consolatus
802 3476 907 3538 eodem
921 3476 970 3538 dIe
985 3476 1103 3539 reducit
