2356 3870
448 209 525 268 CAP.
540 209 704 268 uti-tut.
867 294 875 303 .
1012 206 1053 273 ΒΞ

91 362 352 439 relinquerentur,
377 366 464 438 atque
487 378 523 420 ex
546 377 591 429 eo,
615 361 687 439 quid
709 362 882 431 sensissent,
904 361 1057 424 iudicare·

93 454 153 515 tur,
177 446 272 505 secuti
296 452 365 505 sunt
382 445 495 504 iactum
510 445 711 523 superiorum.
756 445 925 508 Permansit
940 448 972 506 in
987 464 1056 507 sen·

94 533 188 590 tentia
220 529 298 606 legio
330 527 490 590 uernacula
520 546 617 608 oeque
651 529 713 590 ullo
746 529 853 592 timore
885 531 922 591 de
960 530 1056 609 gradu

94 614 211 674 deiecta
235 621 289 673 est.

157 697 214 757 LV.
260 697 379 758 Cassius
400 715 467 766 eos,
497 699 548 776 qui
570 699 716 760 nominati
738 707 824 760 erant
847 698 960 759 conscii
989 710 1094 759 cae-e

94 782 158 851 dis,
182 779 267 842 iubet
289 780 523 861 comprehcndi;
546 782 695 859 legionem
710 795 744 842 v.
761 785 792 842 in
815 791 913 843 castra
928 785 1057 843 remittit

96 864 275 926 cohortibus
295 878 370 924 xxx
391 866 528 925 retentis.
572 865 686 926 ludicio
701 865 814 927 Minuci
837 868 1000 944 cognoscit,
1023 866 1055 927 L.
1076 878 1098 925 e

93 948 242 1010 Racilium
265 957 295 1010 et
316 949 349 1010 L.
372 948 566 1011 Laterensem
588 957 618 1009 et
639 951 770 1011 Annium
791 949 964 1027 Scapulam,
993 969 1057 1010 ma·

94 1034 191 1095 rimae
215 1033 369 1110 dignitatis
391 1041 421 1093 et
442 1036 557 1110 gratiae
579 1034 794 1113 provincialem
815 1034 968 1094 hominem
982 1032 1057 1094 sihi-

95 1136 153 1196 que
176 1125 237 1178 tam
259 1117 438 1178 familiarem
461 1136 549 1196 quam
571 1117 765 1180 Laterensem
788 1125 818 1178 et
838 1118 1002 1188 Racilium,
1025 1119 1059 1178 in

95 1200 202 1262 eadem
224 1202 318 1262 luisse
340 1203 565 1270 coniuratione,
597 1220 653 1262 nec
680 1203 733 1263 diu
760 1209 895 1263 moratur
923 1201 1073 1262 dolorem·

96 1303 200 1354 suum,
229 1287 301 1362 quin
336 1304 388 1346 eos
419 1285 548 1346 interfici
588 1285 699 1346 iubeat.
749 1285 912 1346 Minucium
940 1284 1099 1346 libertis&

96 1368 189 1428 tradit
211 1368 460 1438 excruciandum,
488 1371 564 1429 item
586 1369 777 1447 Calpurnium
799 1369 983 1438 Saluianum,
1006 1372 1059 1447 qui

98 1453 255 1532 profitetur
284 1452 430 1513 indicium
458 1454 741 1532 coniuratorumque
773 1471 932 1514 numerum
960 1459 1057 1531 auget,

98 1555 181 1606 vere,
217 1545 249 1596 ut
276 1536 398 1614 quidam
425 1539 614 1606 existimant,
648 1544 681 1596 ut
712 1537 849 1598 nonnulli
882 1542 1058 1616 queruntur,

96 1628 229 1682 coactus.
265 1620 371 1681 ,Isdem
393 1620 579 1681 cruciatibus
601 1618 737 1681 adiectus
748 1620 781 1680 L.
793 1621 931 1698 Mergilio
944 1619 1058 1700 [Squil
1079 1625 1099 1674 4

99 1703 158 1783 lus]
183 1707 319 1765 nominat
340 1705 461 1783 plures;
490 1722 564 1782 quos
586 1703 703 1765 Cassius
731 1705 861 1765 interfici
890 1703 977 1764 iubet
1008 1722 1058 1763 ex·

97 1791 193 1866 ceptis
216 1790 269 1858 iis,
300 1790 351 1867 qui
379 1807 411 1848 sc
438 1790 567 1867 pecuum
597 1787 801 1848 redemerunt.
856 1786 929 1849 Nam
960 1787 1099 1865 palama

96 1873 145 1934 tls
167 1886 214 1931 nx
237 1891 306 1933 cum
328 1872 489 1951 Calpurnio
511 1871 673 1951 paciscitur
695 1879 725 1932 ct
756 1889 825 1933 cum
847 1871 881 1942 Q.
905 1870 1004 1931 Sestio
1026 1884 1058 1931 1,.

97 1950 155 2028 Qut
179 1959 204 2016 si
226 1959 356 2017 maxime
378 1963 523 2016 nocentes
552 1963 622 2017 suut
648 1956 783 2026 multati,
812 1963 911 2016 tamen
938 1952 1059 2034 pericu·

97 2042 160 2101 lum
182 2042 260 2101 vitae
284 2040 428 2118 dolorque
451 2041 609 2101 vulnerum
631 2041 777 2120 pecuniae
792 2041 938 2100 remissus
952 2038 1058 2101 crude·

97 2126 213 2186 litatem
237 2143 304 2185 cum
328 2127 452 2185 avaritia
476 2132 606 2185 certasse
628 2123 829 2202 significabat.
858 2128 860 2132 '
1145 2198 1148 2203 Ι

161 2208 232 2268 LVl.
276 2209 396 2288 Aliquot
417 2215 486 2289 post
506 2207 614 2269 diebus
636 2209 752 2268 litteras
774 2208 931 2269 aCaesare
953 2209 1060 2268 missas
1082 2223 1096 2270 r

97 2294 228 2372 accipit,
257 2292 367 2371 quibus
390 2296 563 2370 cognoscit,
597 2293 772 2371 Pompeium
795 2293 826 2351 in
855 2295 920 2352 acie
949 2294 1061 2352 victum

97 2378 217 2437 amissis
239 2379 336 2456 copiis
358 2378 481 2455 fugisse.
526 2376 588 2447 Qua
610 2395 645 2438 re
667 2379 787 2453 cognita
809 2378 933 2436 mixtam
956 2375 1100 2438 doloree

98 2461 281 2540 voluptatem
304 2460 457 2538 capiebat:
480 2462 626 2520 victoriae
649 2461 771 2521 nuntius
792 2460 938 2520 laetitiam
960 2460 1060 2538 expri-

96 2543 215 2614 mebat,
245 2546 416 2606 coniectum
445 2545 558 2606 bellum
585 2544 740 2606 licentiam
767 2551 936 2623 temporum
965 2544 1059 2604 inter·

97 2627 248 2690 eludebat.
294 2628 343 2690 Sic
367 2637 431 2690 erat
454 2629 564 2691 dubius
586 2631 693 2698 animi,
724 2635 824 2689 utrum
847 2626 923 2688 nihil
954 2629 1061 2688 timere

97 2731 137 2774 an
167 2715 268 2773 omnia
297 2713 391 2774 licere
419 2713 530 2773 mallet.
576 2713 693 2772 Sanatis
726 2711 902 2773 vulneribus
933 2714 1100 2774 accersita

98 2815 218 2866 omncs,
243 2799 295 2876 qui
317 2796 376 2857 sibi
397 2799 542 2875 pecunias
564 2814 709 2876 expensas
730 2796 877 2860 tulerant,
907 2801 1060 2872 acceptas·

97 2899 158 2960 que
182 2899 231 2941 eas
253 2881 340 2942 iubet
361 2883 486 2948 relerri;
515 2879 625 2959 quibus
652 2897 759 2958 parum
786 2877 945 2939 videbatur
974 2880 1060 2956 inpo-

97 2967 197 3026 suisse
219 2967 331 3035 oneris,
356 2965 532 3044 ampliorem
554 2964 714 3043 pecuniam
736 2965 874 3041 imperat.
918 2961 1059 3039 Equitum
1082 2983 1101 3031 4,

97 3055 199 3110 autem
219 3049 422 3110 Romanorum
444 3048 593 3109 delectum
625 3049 769 3115 instituit;
798 3065 873 3125 quos
900 3063 936 3106 ex
963 3048 1059 3106 omni·

97 3132 156 3194 lius
188 3133 389 3209 conventibus
420 3133 606 3212 coloniisque
640 3133 828 3211 conscriptos
860 3131 1060 3192 transmarina

97 3218 207 3279 militia
230 3219 411 3294 perterritos
434 3218 471 3278 ad
500 3217 680 3277 sacramenti
706 3215 946 3294 redemptionem
976 3231 1062 3274 voca·

98 3300 160 3362 bat.
204 3301 345 3378 Magnum
366 3301 423 3362 hoc
446 3302 505 3362 luit
526 3299 670 3377 vectigal,
698 3301 796 3360 maius
818 3306 919 3360 tamen
942 3297 1064 3359 creabat

97 3388 211 3447 odium.
266 3385 320 3447 llis
349 3384 441 3446 rebus
463 3385 618 3452 conlectis
634 3389 731 3444 totum
752 3384 919 3444 exercitum
941 3381 1103 3448 lustrales

95 3470 245 3550 legiones,
268 3488 342 3552 quas
354 3471 387 3543 in
399 3470 531 3533 Africam
543 3469 692 3532 ducturus
704 3474 784 3540 erat,
807 3474 841 3529 et
853 3464 1091 3529 auxiliantium
