2356 3870
162 214 168 223 '
294 218 410 277 HIRTII
423 218 617 279 summio.
645 220 854 279 EPISTULAH.
992 216 1055 285 159

460 837 500 902 Α.
529 833 694 902 HIItTI

337 962 809 1075 uuiuuuuun
984 1000 1042 1097 ,¹

204 1337 393 1395 uuurcsuo
410 1339 462 1394 nu
480 1339 518 1395 u.
535 1339 701 1395 summu
718 1338 937 1402 mousom

413 1423 732 1496 [suumomni]

159 1549 417 1626 emulemur.
433 1550 579 1626 mio,
595 1556 623 1612 1.
659 1551 761 1622 Qualis
781 1553 883 1612 futuru
897 1553 937 1613 sit
950 1551 1055 1615 Ouess-

92 1641 134 1700 rie
147 1640 326 1716 vituperetis
339 1642 442 1698 contre
463 1640 664 1700 laudationem
685 1659 791 1715 meum,
813 1643 949 1717 perspexi
971 1659 1055 1702 exeo

92 1729 182 1802 libro,
204 1747 293 1804 quem
315 1727 432 1787 Hirtius
454 1728 493 1786 ed
514 1748 562 1790 me
584 1729 679 1803 misit,
706 1729 737 1788 iu
759 1746 818 1804 quo
845 1729 961 1806 colligit
981 1730 1055 1790 vitis

93 1814 228 1890 Catonis,
251 1815 303 1875 sed
325 1834 393 1874 uum
414 1817 550 1876 maximis
572 1817 710 1876 leudibus
731 1817 814 1876 meis.
859 1815 965 1892 Itaque
987 1818 1055 1878 misi

92 1906 202 1965 librum
224 1905 263 1963 ed
287 1903 433 1977 Musesm,
460 1908 496 1963 ut
520 1905 581 1964 tuis
603 1905 732 1966 librariis
755 1904 853 1965 duret:
880 1906 948 1965 uolo
976 1907 1055 1965 euim

92 2012 161 2053 eum
184 1989 345 2068 divolgsri3
372 1992 452 2068 qued
479 2011 537 2069 quo
564 1993 681 2054 futilius
707 1993 774 2068 fiet,
799 1993 959 2070 imperabis
985 1994 1055 2054 tuis.

92 2112 136 2123 -
159 2082 256 2155 41,4.
292 2079 386 2140 Hirtii
407 2080 565 2157 epistulam
587 2082 614 2141 si
635 2083 757 2158 legeris,
780 2099 857 2158 quus
878 2081 951 2141 mihi
970 2082 1055 2158 quusi

91 2161 272 2244 πρόπλασμα
302 2168 421 2228 videtur
451 2169 516 2230 eius
551 2170 789 2246 vituperationis,
826 2188 916 2246 quum
946 2168 1054 2230 Osesm

93 2257 212 2332 scripsit
233 2256 272 2317 de
294 2255 419 2331 Catone,
445 2258 536 2320 facies
557 2277 619 2334 me,
647 2259 720 2335 quid
746 2259 801 2319 tibi
827 2258 926 2319 visum
948 2259 1001 2332 sit,
1029 2258 1054 2316 si

92 2345 149 2406 tibi
172 2344 230 2405 erit
250 2345 449 2420 eommodum,
472 2347 636 2407 certiorem.
660 2377 701 2389 -
726 2348 782 2420 44,
808 2349 835 2406 1.
859 2351 929 2406 eutr.
968 2345 1055 2405 Illius

93 2433 216 2507 librum,
242 2452 332 2508 quern
352 2434 392 2493 sd
417 2452 465 2493 me
487 2435 571 2493 misit
595 2434 634 2494 ds
652 2432 777 2508 Catone,
803 2436 962 2508 propterea
986 2433 1055 2493 vele

94 2520 242 2596 divulgari
264 2539 283 2579 s
305 2521 380 2596 tuis,
406 2525 442 2581 ut
463 2541 499 2581 ex
525 2523 651 2581 istorum
672 2522 889 2597 vituperatione
912 2521 953 2580 sit
973 2521 1055 2580 illius

92 2609 188 2667 maior
208 2608 350 2668 laudatio.
373 2639 415 2651 -
438 2611 491 2683 45,
510 2611 539 2671 3.
553 2613 622 2669 eutr.
660 2609 706 2669 Tu
726 2625 797 2670 vero
819 2609 962 2686 pervulga
987 2609 1055 2679 Hir·

93 2697 182 2757 tium:
209 2696 241 2757 id
267 2697 348 2756 enim
372 2697 470 2774 ipsum
497 2700 648 2773 putaram,
671 2698 751 2774 quod
773 2698 891 2770 scribis,
918 2699 966 2770 ut,
988 2715 1055 2757 uum

93 2784 248 2859 ingenium
264 2784 352 2844 umiei
372 2786 468 2845 nostri
488 2786 677 2862 probaretur,
698 2776 847 2852 ὑπόθεσις
868 2783 1055 2859 vituperandi

94 2870 215 2934 Catenis
241 2872 423 2933 irrideretur.
452 2904 492 2916 -
522 2875 579 2948 47,
607 2875 637 2933 3.
663 2874 703 2933 irs
752 2870 845 2932 Hirtii
871 2871 995 2952 librum,
1024 2881 1057 2932 ut

94 2961 181 3036 iacis,
204 2959 333 3038 divolgn

468 3088 679 3147 Eplsiuuss'.

378 3193 415 3230 sn
432 3193 460 3229 ru
478 3192 595 3234 sumum
612 3189 769 3231 cursem

419 3259 466 3331 [s.
482 3258 517 3318 u
536 3258 567 3316 c.
584 3256 729 3329 secun]

160 3355 197 3413 ui).
213 3353 272 3423 XI,
293 3355 343 3430 14,
358 3355 386 3414 3.
400 3355 440 3414 in.
477 3349 604 3425 Quintus
625 3352 739 3435 pergit,
760 3352 796 3411 ut
817 3349 856 3410 sd
877 3367 926 3411 me
940 3350 1055 3410 0th·

92 3458 126 3502 se
171 3442 289 3518 scripsit
310 3444 342 3504 et
363 3440 489 3518 Hirtius,
511 3441 597 3518 isque
619 3439 693 3501 item
709 3438 842 3509 Affiesm
864 3441 969 3517 petere
988 3454 1063 3497 uum

93 3529 200 3590 ceteris
223 3530 337 3591 dieitur.
529 3566 532 3571 -
