2356 3870
115 154 159 220 42
436 157 484 212 DE
504 155 619 212 BELLO
642 155 751 212 civim

91 325 298 392 tinnuerunt,
315 341 368 384 sua
384 329 487 402 sponte
504 325 539 384 ad
555 323 709 385 Caesarem
730 325 762 383 in
777 325 825 384 ius
840 324 987 384 adierant.
1017 321 1076 383 Pe·

119 411 214 470 treius
224 415 312 486 atque
324 407 462 468 Afranius
472 423 538 469 cum
549 407 732 487 stipendium
745 406 782 467 ab
794 405 964 485 legionibus
977 423 1074 485 paene

119 493 264 555 seditione
278 491 355 552 iacta
370 490 587 568 flagitarentar,
609 493 694 552 euius
713 490 757 551 illi
777 490 858 552 diem
878 491 1009 552 nondum
1025 502 1075 550 ve·

120 579 202 637 nisse.
214 575 358 644 dicerent,
374 577 481 636 Caesar
495 582 529 635 ut
543 581 744 652 cognesceret,
759 574 938 654 postulatum
953 581 1007 643 est,
1024 591 1075 634 eo·

93 669 177 739 tque
195 661 321 739 utrique,
337 658 415 738 quod
430 662 541 730 statuit,
553 660 683 721 contenti
698 659 828 719 luerunt.
851 658 938 718 Parte
951 658 1076 719 circiter

120 741 1074 819 mmuermnnmeohffluodmnmammsmgmnmsmmanm·

120 825 1074 907 emmmwmmmmmmwmmmmmmm

120 913 214 989 spatio
229 916 325 970 eastra
340 910 489 981 iacerent,
512 913 599 990 eique
616 911 735 987 negotio
749 907 784 979 Q.
800 909 917 970 Folium
934 909 1075 971 Calenum

94 996 248 1072 elegatum
268 995 410 1073 praelieit.
447 993 510 1055 Hoe
532 999 596 1056 eius
616 995 800 1074 praescripto
822 1011 858 1053 ex
872 992 1016 1073 Hispania
1037 993 1074 1053 ed

120 1079 227 1138 Verum
241 1077 352 1138 {lumen
366 1083 410 1137 est
425 1079 484 1138 iter
498 1079 623 1148 lectum,
646 1084 733 1157 atque
749 1076 792 1138 ibi
807 1076 922 1156 reliqna
937 1095 1008 1157 pars
1023 1095 1075 1138 ex·

119 1161 452 1223 mnmsfflmmmemst

329 1821 372 1903 Ο.
407 1819 527 1902 IULI
563 1818 841 1902 CAESARIS

225 2009 320 2091 DE
366 2006 623 2090 BELLO
671 2008 949 2090 OlVILI

290 2177 635 2250 COMMENTARIUS
659 2180 894 2249 sneennus.

520 2373 670 2382 ----

456 2523 729 2586 ARGUMENTUM.

166 2667 190 2725 Ι.
223 2671 437 2738 oppugnatio
455 2677 486 2722 et
502 2673 826 2791 dedptiotMassiliae.
860 2673 1023 2741 Hispania

525 2755 562 2790 su
589 2756 624 2791 ae
647 2757 670 2792 a.

185 2841 214 2892 (l.
232 2842 381 2892 Trebonius
400 2839 506 2906 legatus
524 2839 646 2892 Caesaris
662 2841 810 2892 Massiliam
825 2842 942 2907 undique
962 2841 1074 2906 obsidet,

119 2923 141 2958 e.
152 2909 174 2958 Ι.
186 2909 221 2958 Π.
256 2908 439 2962 Massilienses
456 2909 490 2960 ab
506 2909 539 2958 L.
556 2909 666 2959 Nasidio
684 2909 845 2976 Pompeiano
863 2909 950 2960 adiuti
970 2909 1072 2975 proelio

120 2975 210 3026 navali
221 2990 238 3026 a
248 2975 282 3025 D.
294 2975 379 3026 Bruto
391 2976 469 3039 vieti,
486 2991 508 3026 e.
520 2976 669 3039 III-vm,
685 2977 803 3028 indutias
815 2993 831 3027 a
842 2977 975 3028 Trebonio
992 2977 1073 3043 impe·

120 3046 202 3104 trent,
215 3058 237 3093 e.
249 3043 436 3105 VHI-XIII.;
449 3058 515 3107 quas
527 3059 587 3094 eum
599 3044 689 3095 subita
700 3045 840 3109 eruptione
852 3043 924 3094 faeta
936 3044 1074 3110 operibus·

120 3123 171 3174 que
181 3109 298 3159 'hebeni
313 3110 432 3160 disiectis
447 3110 607 3174 violassent,
624 3111 669 3161 hie
686 3111 819 3162 celerrime
830 3125 862 3161 ea
873 3110 958 3162 reficit
975 3126 1075 3177 eosque

119 3176 148 3224 in
165 3175 326 3227 deditionem
337 3177 445 3244 accipit,
463 3193 485 3227 e.
498 3178 683 3230 XIIH-XVI.
713 3179 826 3229 Interim
842 3179 871 3229 iu
881 3179 1016 3245 Hispania
1034 3178 1074 3229 ul·

119 3243 216 3293 teriora
237 3242 274 3292 M.
291 3244 432 3295 Terentius
452 3245 538 3296 Varro
560 3245 667 3310 legatus
688 3245 798 3310 Pompei
819 3246 938 3296 desertus
960 3246 994 3295 ab
1017 3245 1075 3298 suis

120 3308 227 3360 Caesari
244 3311 368 3376 asdodii,
386 3329 408 3363 e.
424 3312 595 3363 XVH-XX.
624 3311 722 3363 Caesar
739 3314 835 3364 absens
851 3313 968 3365 dictator
985 3313 1075 3365 dietus

118 3377 323 3498 {Xipispprpipm
341 3395 442 3432 omnem
464 3386 493 3432 et
514 3378 664 3432 Massiliam
684 3380 714 3431 in
734 3380 895 3433 deditionem
916 3381 1029 3449 accipit,
1051 3396 1075 3432 e,
