<?xml version="1.0" encoding="UTF-8"?>
<!DOCTYPE html PUBLIC "-//W3C//DTD XHTML 1.0 Transitional//EN"
    "http://www.w3.org/TR/xhtml1/DTD/xhtml1-transitional.dtd">
<html xmlns="http://www.w3.org/1999/xhtml" xml:lang="en" lang="en">
 <head>
  <title>
</title>
<meta http-equiv="Content-Type" content="text/html;charset=utf-8" />
  <meta name='ocr-system' content='tesseract 3.04.00' />
  <meta name='ocr-capabilities' content='ocr_page ocr_carea ocr_par ocr_line ocrx_word'/>
</head>
<body>
  <div class='ocr_page' id='page_1' title='image "./commentariicuma00caesgoog_0301.png"; bbox 0 0 2356 3870; ppageno 0'>
   <div class='ocr_carea' id='block_1_1' title="bbox 160 229 798 298">
    <p class='ocr_par' dir='ltr' id='par_1_1' title="bbox 160 229 798 298">
     <span class='ocr_line' id='line_1_1' title="bbox 160 229 798 298; baseline -0.011 0"><span class='ocrx_word' id='word_1_1' title='bbox 160 230 205 298; x_wconf 85' lang='lat'><strong>90</strong></span> <span class='ocrx_word' id='word_1_2' title='bbox 482 236 530 291; x_wconf 79' lang='lat' dir='ltr'><strong>bu</strong></span> <span class='ocrx_word' id='word_1_3' title='bbox 551 229 676 292; x_wconf 76' lang='lat' dir='ltr'><strong>Bumo-</strong></span> <span class='ocrx_word' id='word_1_4' title='bbox 690 234 798 291; x_wconf 68' lang='lat' dir='ltr'><strong>oliuu</strong></span> 
     </span>
    </p>
   </div>
   <div class='ocr_carea' id='block_1_2' title="bbox 134 400 1175 3004">
    <p class='ocr_par' dir='ltr' id='par_1_2' title="bbox 134 400 1175 1910">
     <span class='ocr_line' id='line_1_2' title="bbox 162 400 1122 480; baseline 0.002 -17"><span class='ocrx_word' id='word_1_5' title='bbox 162 405 290 464; x_wconf 85' lang='lat' dir='ltr'><strong>circuitu</strong></span> <span class='ocrx_word' id='word_1_6' title='bbox 316 409 489 480; x_wconf 88' lang='lat' dir='ltr'><strong>occuparet;</strong></span> <span class='ocrx_word' id='word_1_7' title='bbox 517 402 681 480; x_wconf 89' lang='lat' dir='ltr'><strong>crebraque</strong></span> <span class='ocrx_word' id='word_1_8' title='bbox 707 400 745 462; x_wconf 94' lang='lat' dir='ltr'><strong>ob</strong></span> <span class='ocrx_word' id='word_1_9' title='bbox 771 420 836 462; x_wconf 90' lang='lat' dir='ltr'><strong>eam</strong></span> <span class='ocrx_word' id='word_1_10' title='bbox 862 419 980 462; x_wconf 88' lang='lat' dir='ltr'><strong>causam</strong></span> <span class='ocrx_word' id='word_1_11' title='bbox 1005 401 1122 480; x_wconf 78' lang='lat' dir='ltr'><strong>proelio</strong></span> 
     </span>
     <span class='ocr_line' id='line_1_3' title="bbox 134 485 1153 566; baseline 0 -19"><span class='ocrx_word' id='word_1_12' title='bbox 134 487 284 548; x_wconf 67' lang='lat' dir='ltr'><strong>edebant.</strong></span> <span class='ocrx_word' id='word_1_13' title='bbox 314 486 348 547; x_wconf 93' lang='lat' dir='ltr'><strong>ln</strong></span> <span class='ocrx_word' id='word_1_14' title='bbox 364 486 411 546; x_wconf 92' lang='lat' dir='ltr'><strong>his</strong></span> <span class='ocrx_word' id='word_1_15' title='bbox 422 505 489 546; x_wconf 91' lang='lat' dir='ltr'><strong>cum</strong></span> <span class='ocrx_word' id='word_1_16' title='bbox 503 486 582 564; x_wconf 91' lang='lat' dir='ltr'><strong>legio</strong></span> <span class='ocrx_word' id='word_1_17' title='bbox 594 486 728 547; x_wconf 81' lang='lat' dir='ltr'><strong>Caesaris</strong></span> <span class='ocrx_word' id='word_1_18' title='bbox 739 503 816 546; x_wconf 90' lang='lat' dir='ltr'><strong>nona</strong></span> <span class='ocrx_word' id='word_1_19' title='bbox 831 485 1011 562; x_wconf 82' lang='lat' dir='ltr'>praesidium</span> <span class='ocrx_word' id='word_1_20' title='bbox 1027 487 1123 566; x_wconf 90' lang='lat' dir='ltr'><strong>quod·</strong></span> <span class='ocrx_word' id='word_1_21' title='bbox 1151 517 1153 521; x_wconf 93' lang='lat'>·</span> 
     </span>
     <span class='ocr_line' id='line_1_4' title="bbox 163 569 1122 651; baseline -0.001 -20"><span class='ocrx_word' id='word_1_22' title='bbox 163 572 230 632; x_wconf 91' lang='lat' dir='ltr'><strong>dam</strong></span> <span class='ocrx_word' id='word_1_23' title='bbox 245 573 448 651; x_wconf 80' lang='lat' dir='ltr'><strong>occupavisset</strong></span> <span class='ocrx_word' id='word_1_24' title='bbox 464 577 494 630; x_wconf 90' lang='lat' dir='ltr'><strong>et</strong></span> <span class='ocrx_word' id='word_1_25' title='bbox 513 573 630 631; x_wconf 91' lang='lat' dir='ltr'><strong>munire</strong></span> <span class='ocrx_word' id='word_1_26' title='bbox 647 572 809 650; x_wconf 90' lang='lat' dir='ltr'><strong>coepisset,</strong></span> <span class='ocrx_word' id='word_1_27' title='bbox 832 569 901 630; x_wconf 92' lang='lat' dir='ltr'><strong>huic</strong></span> <span class='ocrx_word' id='word_1_28' title='bbox 917 570 982 629; x_wconf 94' lang='lat' dir='ltr'><strong>loco</strong></span> <span class='ocrx_word' id='word_1_29' title='bbox 997 573 1122 649; x_wconf 92' lang='lat' dir='ltr'><strong>propin·</strong></span> 
     </span>
     <span class='ocr_line' id='line_1_5' title="bbox 162 653 1175 735; baseline -0.001 -19"><span class='ocrx_word' id='word_1_30' title='bbox 162 674 254 735; x_wconf 89' lang='lat' dir='ltr'><strong>quum</strong></span> <span class='ocrx_word' id='word_1_31' title='bbox 270 663 300 717; x_wconf 93' lang='lat' dir='ltr'><strong>et</strong></span> <span class='ocrx_word' id='word_1_32' title='bbox 320 655 502 715; x_wconf 89' lang='lat' dir='ltr'><strong>contrarium</strong></span> <span class='ocrx_word' id='word_1_33' title='bbox 524 655 628 715; x_wconf 89' lang='lat' dir='ltr'><strong>collem</strong></span> <span class='ocrx_word' id='word_1_34' title='bbox 644 653 803 732; x_wconf 91' lang='lat' dir='ltr'><strong>Pompeius</strong></span> <span class='ocrx_word' id='word_1_35' title='bbox 819 655 973 732; x_wconf 87' lang='lat' dir='ltr'><strong>occupavit</strong></span> <span class='ocrx_word' id='word_1_36' title='bbox 989 661 1122 715; x_wconf 91' lang='lat' dir='ltr'><strong>nostros·</strong></span> <span class='ocrx_word' id='word_1_37' title='bbox 1172 699 1175 703; x_wconf 57' lang='lat'><strong>.</strong></span> 
     </span>
     <span class='ocr_line' id='line_1_6' title="bbox 137 738 1122 820; baseline 0.001 -22"><span class='ocrx_word' id='word_1_38' title='bbox 137 749 222 820; x_wconf 78' lang='lat' dir='ltr'><strong>tque</strong></span> <span class='ocrx_word' id='word_1_39' title='bbox 243 758 333 819; x_wconf 90' lang='lat' dir='ltr'><strong>opere</strong></span> <span class='ocrx_word' id='word_1_40' title='bbox 353 738 515 819; x_wconf 88' lang='lat' dir='ltr'><strong>prohibere</strong></span> <span class='ocrx_word' id='word_1_41' title='bbox 530 741 642 818; x_wconf 90' lang='lat' dir='ltr'><strong>coepit,</strong></span> <span class='ocrx_word' id='word_1_42' title='bbox 664 745 694 798; x_wconf 89' lang='lat' dir='ltr'><strong>et</strong></span> <span class='ocrx_word' id='word_1_43' title='bbox 715 756 782 798; x_wconf 89' lang='lat' dir='ltr'><strong>cum</strong></span> <span class='ocrx_word' id='word_1_44' title='bbox 797 755 856 798; x_wconf 91' lang='lat' dir='ltr'><strong>una</strong></span> <span class='ocrx_word' id='word_1_45' title='bbox 871 756 906 797; x_wconf 87' lang='lat' dir='ltr'><strong>ex</strong></span> <span class='ocrx_word' id='word_1_46' title='bbox 927 745 1011 816; x_wconf 89' lang='lat' dir='ltr'><strong>parte</strong></span> <span class='ocrx_word' id='word_1_47' title='bbox 1027 757 1122 817; x_wconf 83' lang='lat' dir='ltr'>prope</span> 
     </span>
     <span class='ocr_line' id='line_1_7' title="bbox 163 822 1122 903; baseline -0.001 -18"><span class='ocrx_word' id='word_1_48' title='bbox 163 842 290 902; x_wconf 83' lang='lat' dir='ltr'><strong>aequum</strong></span> <span class='ocrx_word' id='word_1_49' title='bbox 306 825 416 885; x_wconf 90' lang='lat' dir='ltr'><strong>aditum</strong></span> <span class='ocrx_word' id='word_1_50' title='bbox 430 823 566 893; x_wconf 88' lang='lat' dir='ltr'><strong>haberet,</strong></span> <span class='ocrx_word' id='word_1_51' title='bbox 582 825 712 902; x_wconf 91' lang='lat' dir='ltr'><strong>primum</strong></span> <span class='ocrx_word' id='word_1_52' title='bbox 728 823 889 903; x_wconf 78' lang='lat' dir='ltr'><strong>sagittariis</strong></span> <span class='ocrx_word' id='word_1_53' title='bbox 903 822 1122 884; x_wconf 79' lang='lat' dir='ltr'><strong>funditoribus·</strong></span> 
     </span>
     <span class='ocr_line' id='line_1_8' title="bbox 161 907 1121 988; baseline -0.001 -20"><span class='ocrx_word' id='word_1_54' title='bbox 161 926 219 988; x_wconf 89' lang='lat' dir='ltr'><strong>que</strong></span> <span class='ocrx_word' id='word_1_55' title='bbox 235 909 449 977; x_wconf 69' lang='lat' dir='ltr'><strong>circumiectis</strong></span> <span class='ocrx_word' id='word_1_56' title='bbox 471 914 574 985; x_wconf 90' lang='lat' dir='ltr'><strong>postea</strong></span> <span class='ocrx_word' id='word_1_57' title='bbox 594 907 669 968; x_wconf 86' lang='lat' dir='ltr'><strong>levis</strong></span> <span class='ocrx_word' id='word_1_58' title='bbox 683 913 851 967; x_wconf 88' lang='lat' dir='ltr'><strong>armaturae</strong></span> <span class='ocrx_word' id='word_1_59' title='bbox 867 923 971 982; x_wconf 86' lang='lat' dir='ltr'><strong>magna</strong></span> <span class='ocrx_word' id='word_1_60' title='bbox 987 907 1121 968; x_wconf 91' lang='lat' dir='ltr'><strong>multitu·</strong></span> 
     </span>
     <span class='ocr_line' id='line_1_9' title="bbox 163 990 1122 1070; baseline 0 -18"><span class='ocrx_word' id='word_1_61' title='bbox 163 992 232 1052; x_wconf 90' lang='lat' dir='ltr'><strong>dine</strong></span> <span class='ocrx_word' id='word_1_62' title='bbox 248 994 336 1052; x_wconf 92' lang='lat' dir='ltr'><strong>missa</strong></span> <span class='ocrx_word' id='word_1_63' title='bbox 351 993 566 1070; x_wconf 80' lang='lat' dir='ltr'><strong>tormentisque</strong></span> <span class='ocrx_word' id='word_1_64' title='bbox 590 991 713 1070; x_wconf 93' lang='lat' dir='ltr'><strong>prolatis</strong></span> <span class='ocrx_word' id='word_1_65' title='bbox 728 990 908 1051; x_wconf 87' lang='lat' dir='ltr'><strong>munitiones</strong></span> <span class='ocrx_word' id='word_1_66' title='bbox 922 990 1122 1069; x_wconf 90' lang='lat' dir='ltr'><strong>impediebat;</strong></span> 
     </span>
     <span class='ocr_line' id='line_1_10' title="bbox 162 1076 1121 1154; baseline -0.001 -18"><span class='ocrx_word' id='word_1_67' title='bbox 162 1095 258 1154; x_wconf 89' lang='lat' dir='ltr'><strong>neque</strong></span> <span class='ocrx_word' id='word_1_68' title='bbox 275 1083 339 1136; x_wconf 90' lang='lat' dir='ltr'><strong>erat</strong></span> <span class='ocrx_word' id='word_1_69' title='bbox 353 1076 439 1136; x_wconf 90' lang='lat' dir='ltr'><strong>lacile</strong></span> <span class='ocrx_word' id='word_1_70' title='bbox 455 1078 565 1136; x_wconf 76' lang='lat' dir='ltr'><strong>nostrIs</strong></span> <span class='ocrx_word' id='word_1_71' title='bbox 581 1093 640 1136; x_wconf 93' lang='lat' dir='ltr'><strong>uno</strong></span> <span class='ocrx_word' id='word_1_72' title='bbox 655 1083 789 1153; x_wconf 90' lang='lat' dir='ltr'><strong>tempore</strong></span> <span class='ocrx_word' id='word_1_73' title='bbox 803 1092 992 1154; x_wconf 86' lang='lat' dir='ltr'><strong>propugnare</strong></span> <span class='ocrx_word' id='word_1_74' title='bbox 1008 1083 1038 1135; x_wconf 89' lang='lat' dir='ltr'><strong>et</strong></span> <span class='ocrx_word' id='word_1_75' title='bbox 1056 1094 1121 1136; x_wconf 92' lang='lat' dir='ltr'><strong>mu·</strong></span> 
     </span>
     <span class='ocr_line' id='line_1_11' title="bbox 134 1158 1123 1237; baseline 0.002 -19"><span class='ocrx_word' id='word_1_76' title='bbox 134 1162 240 1220; x_wconf 66' lang='lat' dir='ltr'><strong>inire.</strong></span> <span class='ocrx_word' id='word_1_77' title='bbox 276 1159 470 1220; x_wconf 83' lang='lat' dir='ltr'><strong>Caesareum</strong></span> <span class='ocrx_word' id='word_1_78' title='bbox 491 1177 560 1220; x_wconf 91' lang='lat' dir='ltr'><strong>suos</strong></span> <span class='ocrx_word' id='word_1_79' title='bbox 585 1178 622 1219; x_wconf 91' lang='lat' dir='ltr'><strong>ex</strong></span> <span class='ocrx_word' id='word_1_80' title='bbox 648 1158 786 1220; x_wconf 95' lang='lat' dir='ltr'><strong>omnibus</strong></span> <span class='ocrx_word' id='word_1_81' title='bbox 808 1158 945 1237; x_wconf 90' lang='lat' dir='ltr'><strong>partibus</strong></span> <span class='ocrx_word' id='word_1_82' title='bbox 970 1159 1123 1220; x_wconf 89' lang='lat' dir='ltr'><strong>vulnerari</strong></span> 
     </span>
     <span class='ocr_line' id='line_1_12' title="bbox 162 1242 1121 1322; baseline 0.001 -19"><span class='ocrx_word' id='word_1_83' title='bbox 162 1244 286 1320; x_wconf 81' lang='lat' dir='ltr'><strong>videret,</strong></span> <span class='ocrx_word' id='word_1_84' title='bbox 302 1245 438 1322; x_wconf 88' lang='lat' dir='ltr'><strong>recipere</strong></span> <span class='ocrx_word' id='word_1_85' title='bbox 455 1261 485 1303; x_wconf 93' lang='lat' dir='ltr'><strong>se</strong></span> <span class='ocrx_word' id='word_1_86' title='bbox 501 1245 588 1303; x_wconf 87' lang='lat' dir='ltr'><strong>iussit</strong></span> <span class='ocrx_word' id='word_1_87' title='bbox 604 1249 634 1302; x_wconf 89' lang='lat' dir='ltr'><strong>et</strong></span> <span class='ocrx_word' id='word_1_88' title='bbox 648 1243 712 1303; x_wconf 94' lang='lat' dir='ltr'><strong>loco</strong></span> <span class='ocrx_word' id='word_1_89' title='bbox 728 1243 883 1303; x_wconf 82' lang='lat' dir='ltr'><strong>excedere.</strong></span> <span class='ocrx_word' id='word_1_90' title='bbox 912 1242 985 1303; x_wconf 82' lang='lat' dir='ltr'><strong>Erat</strong></span> <span class='ocrx_word' id='word_1_91' title='bbox 999 1261 1054 1322; x_wconf 91' lang='lat' dir='ltr'><strong>per</strong></span> <span class='ocrx_word' id='word_1_92' title='bbox 1070 1244 1121 1304; x_wconf 86' lang='lat' dir='ltr'><strong>de·</strong></span> 
     </span>
     <span class='ocr_line' id='line_1_13' title="bbox 136 1326 1122 1406; baseline 0.003 -21"><span class='ocrx_word' id='word_1_93' title='bbox 136 1327 237 1388; x_wconf 75' lang='lat' dir='ltr'><strong>colive</strong></span> <span class='ocrx_word' id='word_1_94' title='bbox 252 1335 401 1406; x_wconf 90' lang='lat' dir='ltr'><strong>receptus.</strong></span> <span class='ocrx_word' id='word_1_95' title='bbox 431 1327 476 1387; x_wconf 92' lang='lat' dir='ltr'><strong>Illi</strong></span> <span class='ocrx_word' id='word_1_96' title='bbox 492 1335 591 1388; x_wconf 88' lang='lat' dir='ltr'><strong>autem</strong></span> <span class='ocrx_word' id='word_1_97' title='bbox 605 1327 661 1387; x_wconf 90' lang='lat' dir='ltr'><strong>hoc</strong></span> <span class='ocrx_word' id='word_1_98' title='bbox 677 1329 776 1388; x_wconf 89' lang='lat' dir='ltr'><strong>acrius</strong></span> <span class='ocrx_word' id='word_1_99' title='bbox 796 1326 947 1388; x_wconf 84' lang='lat' dir='ltr'><strong>instabant</strong></span> <span class='ocrx_word' id='word_1_100' title='bbox 961 1346 1057 1406; x_wconf 91' lang='lat' dir='ltr'><strong>neque</strong></span> <span class='ocrx_word' id='word_1_101' title='bbox 1072 1346 1122 1388; x_wconf 90' lang='lat' dir='ltr'><strong>re·</strong></span> 
     </span>
     <span class='ocr_line' id='line_1_14' title="bbox 163 1410 1122 1490; baseline 0.001 -19"><span class='ocrx_word' id='word_1_102' title='bbox 163 1412 247 1488; x_wconf 83' lang='lat' dir='ltr'><strong>gredi</strong></span> <span class='ocrx_word' id='word_1_103' title='bbox 273 1420 390 1471; x_wconf 91' lang='lat' dir='ltr'><strong>nostros</strong></span> <span class='ocrx_word' id='word_1_104' title='bbox 416 1410 619 1490; x_wconf 88' lang='lat' dir='ltr'><strong>patiebantur,</strong></span> <span class='ocrx_word' id='word_1_105' title='bbox 646 1412 724 1490; x_wconf 87' lang='lat' dir='ltr'><strong>quod</strong></span> <span class='ocrx_word' id='word_1_106' title='bbox 750 1413 856 1471; x_wconf 89' lang='lat' dir='ltr'><strong>timore</strong></span> <span class='ocrx_word' id='word_1_107' title='bbox 878 1411 997 1471; x_wconf 90' lang='lat' dir='ltr'><strong>adducti</strong></span> <span class='ocrx_word' id='word_1_108' title='bbox 1022 1411 1122 1472; x_wconf 91' lang='lat' dir='ltr'><strong>locum</strong></span> 
     </span>
     <span class='ocr_line' id='line_1_15' title="bbox 135 1494 1123 1575; baseline 0.003 -21"><span class='ocrx_word' id='word_1_109' title='bbox 135 1496 334 1574; x_wconf 81' lang='lat' dir='ltr'><strong>orelinquere</strong></span> <span class='ocrx_word' id='word_1_110' title='bbox 350 1494 537 1555; x_wconf 84' lang='lat' dir='ltr'><strong>videbantur.</strong></span> <span class='ocrx_word' id='word_1_111' title='bbox 567 1495 683 1555; x_wconf 86' lang='lat' dir='ltr'><strong>Dicitur</strong></span> <span class='ocrx_word' id='word_1_112' title='bbox 698 1513 733 1555; x_wconf 93' lang='lat' dir='ltr'><strong>eo</strong></span> <span class='ocrx_word' id='word_1_113' title='bbox 747 1502 881 1575; x_wconf 88' lang='lat' dir='ltr'><strong>tempore</strong></span> <span class='ocrx_word' id='word_1_114' title='bbox 896 1495 1027 1573; x_wconf 90' lang='lat' dir='ltr'><strong>glorians</strong></span> <span class='ocrx_word' id='word_1_115' title='bbox 1043 1497 1123 1574; x_wconf 91' lang='lat' dir='ltr'><strong>apud</strong></span> 
     </span>
     <span class='ocr_line' id='line_1_16' title="bbox 163 1579 1123 1658; baseline 0 -18"><span class='ocrx_word' id='word_1_116' title='bbox 163 1598 231 1640; x_wconf 93' lang='lat' dir='ltr'><strong>suos</strong></span> <span class='ocrx_word' id='word_1_117' title='bbox 251 1579 411 1658; x_wconf 90' lang='lat' dir='ltr'><strong>Pompeius</strong></span> <span class='ocrx_word' id='word_1_118' title='bbox 435 1580 564 1640; x_wconf 86' lang='lat' dir='ltr'><strong>dixisse:</strong></span> <span class='ocrx_word' id='word_1_119' title='bbox 590 1597 649 1639; x_wconf 93' lang='lat' dir='ltr'><strong>non</strong></span> <span class='ocrx_word' id='word_1_120' title='bbox 675 1594 816 1640; x_wconf 88' lang='lat' dir='ltr'><strong>recusare</strong></span> <span class='ocrx_word' id='word_1_121' title='bbox 838 1597 885 1648; x_wconf 91' lang='lat' dir='ltr'><strong>se,</strong></span> <span class='ocrx_word' id='word_1_122' title='bbox 912 1581 984 1656; x_wconf 90' lang='lat' dir='ltr'><strong>quin</strong></span> <span class='ocrx_word' id='word_1_123' title='bbox 1010 1580 1123 1640; x_wconf 91' lang='lat' dir='ltr'><strong>nullius</strong></span> 
     </span>
     <span class='ocr_line' id='line_1_17' title="bbox 162 1664 1122 1742; baseline 0 -18"><span class='ocrx_word' id='word_1_124' title='bbox 162 1682 233 1724; x_wconf 91' lang='lat' dir='ltr'><strong>usus</strong></span> <span class='ocrx_word' id='word_1_125' title='bbox 247 1666 409 1742; x_wconf 90' lang='lat' dir='ltr'><strong>imperator</strong></span> <span class='ocrx_word' id='word_1_126' title='bbox 425 1665 655 1732; x_wconf 85' lang='lat' dir='ltr'><strong>existimaretur,</strong></span> <span class='ocrx_word' id='word_1_127' title='bbox 677 1665 702 1723; x_wconf 90' lang='lat' dir='ltr'><strong>si</strong></span> <span class='ocrx_word' id='word_1_128' title='bbox 717 1665 781 1723; x_wconf 92' lang='lat' dir='ltr'><strong>sine</strong></span> <span class='ocrx_word' id='word_1_129' title='bbox 798 1666 926 1724; x_wconf 87' lang='lat' dir='ltr'><strong>maximo</strong></span> <span class='ocrx_word' id='word_1_130' title='bbox 941 1664 1122 1724; x_wconf 89' lang='lat' dir='ltr'><strong>detrimento</strong></span> 
     </span>
     <span class='ocr_line' id='line_1_18' title="bbox 161 1747 1121 1826; baseline 0.001 -18"><span class='ocrx_word' id='word_1_131' title='bbox 161 1748 296 1826; x_wconf 86' lang='lat' dir='ltr'><strong>legiones</strong></span> <span class='ocrx_word' id='word_1_132' title='bbox 311 1748 444 1809; x_wconf 86' lang='lat' dir='ltr'><strong>Caesaris</strong></span> <span class='ocrx_word' id='word_1_133' title='bbox 465 1765 530 1808; x_wconf 92' lang='lat' dir='ltr'><strong>sese</strong></span> <span class='ocrx_word' id='word_1_134' title='bbox 548 1749 736 1826; x_wconf 88' lang='lat' dir='ltr'><strong>recepissent</strong></span> <span class='ocrx_word' id='word_1_135' title='bbox 756 1747 841 1818; x_wconf 91' lang='lat' dir='ltr'><strong>inde,</strong></span> <span class='ocrx_word' id='word_1_136' title='bbox 863 1766 922 1826; x_wconf 86' lang='lat' dir='ltr'><strong>quo</strong></span> <span class='ocrx_word' id='word_1_137' title='bbox 943 1755 1057 1808; x_wconf 90' lang='lat' dir='ltr'><strong>temere</strong></span> <span class='ocrx_word' id='word_1_138' title='bbox 1073 1766 1121 1809; x_wconf 92' lang='lat' dir='ltr'><strong>es·</strong></span> 
     </span>
     <span class='ocr_line' id='line_1_19' title="bbox 162 1840 428 1910; baseline -0.008 -17"><span class='ocrx_word' id='word_1_139' title='bbox 162 1840 227 1893; x_wconf 88' lang='lat' dir='ltr'><strong>sent</strong></span> <span class='ocrx_word' id='word_1_140' title='bbox 243 1849 428 1910; x_wconf 80' lang='lat' dir='ltr'><strong>progressae.</strong></span> 
     </span>
    </p>

    <p class='ocr_par' dir='ltr' id='par_1_3' title="bbox 136 1914 1122 2247">
     <span class='ocr_line' id='line_1_20' title="bbox 136 1914 1121 1994; baseline 0.002 -18"><span class='ocrx_word' id='word_1_141' title='bbox 136 1925 152 1976; x_wconf 88' lang='lat' dir='ltr'><strong>t</strong></span> <span class='ocrx_word' id='word_1_142' title='bbox 225 1914 380 1977; x_wconf 71' lang='lat' dir='ltr'><strong>lxxxvi.</strong></span> <span class='ocrx_word' id='word_1_143' title='bbox 416 1917 524 1977; x_wconf 84' lang='lat' dir='ltr'><strong>Caesar</strong></span> <span class='ocrx_word' id='word_1_144' title='bbox 543 1918 680 1994; x_wconf 88' lang='lat' dir='ltr'><strong>receptui</strong></span> <span class='ocrx_word' id='word_1_145' title='bbox 703 1935 824 1976; x_wconf 92' lang='lat' dir='ltr'><strong>suorum</strong></span> <span class='ocrx_word' id='word_1_146' title='bbox 846 1918 955 1977; x_wconf 89' lang='lat' dir='ltr'><strong>timens</strong></span> <span class='ocrx_word' id='word_1_147' title='bbox 970 1924 1068 1976; x_wconf 84' lang='lat' dir='ltr'><strong>crates</strong></span> <span class='ocrx_word' id='word_1_148' title='bbox 1082 1916 1121 1978; x_wconf 92' lang='lat' dir='ltr'><strong>ad</strong></span> 
     </span>
     <span class='ocr_line' id='line_1_21' title="bbox 162 2000 1122 2079; baseline 0.004 -20"><span class='ocrx_word' id='word_1_149' title='bbox 162 2006 327 2060; x_wconf 89' lang='lat' dir='ltr'><strong>extremum</strong></span> <span class='ocrx_word' id='word_1_150' title='bbox 347 2000 493 2060; x_wconf 91' lang='lat' dir='ltr'><strong>tumulum</strong></span> <span class='ocrx_word' id='word_1_151' title='bbox 515 2008 616 2060; x_wconf 86' lang='lat' dir='ltr'><strong>contra</strong></span> <span class='ocrx_word' id='word_1_152' title='bbox 636 2000 753 2060; x_wconf 88' lang='lat' dir='ltr'><strong>hostem</strong></span> <span class='ocrx_word' id='word_1_153' title='bbox 772 2000 901 2079; x_wconf 81' lang='lat' dir='ltr'><strong>proferri</strong></span> <span class='ocrx_word' id='word_1_154' title='bbox 926 2008 956 2061; x_wconf 93' lang='lat' dir='ltr'><strong>et</strong></span> <span class='ocrx_word' id='word_1_155' title='bbox 980 2000 1122 2063; x_wconf 83' lang='lat' dir='ltr'><strong>adversas</strong></span> 
     </span>
     <span class='ocr_line' id='line_1_22' title="bbox 161 2082 1121 2152; baseline 0.004 -10"><span class='ocrx_word' id='word_1_156' title='bbox 161 2082 269 2152; x_wconf 87' lang='lat' dir='ltr'><strong>locari,</strong></span> <span class='ocrx_word' id='word_1_157' title='bbox 291 2086 370 2143; x_wconf 87' lang='lat' dir='ltr'><strong>intra</strong></span> <span class='ocrx_word' id='word_1_158' title='bbox 389 2084 443 2143; x_wconf 93' lang='lat' dir='ltr'><strong>has</strong></span> <span class='ocrx_word' id='word_1_159' title='bbox 458 2084 602 2144; x_wconf 86' lang='lat' dir='ltr'><strong>mediocri</strong></span> <span class='ocrx_word' id='word_1_160' title='bbox 617 2083 773 2145; x_wconf 87' lang='lat' dir='ltr'><strong>latitudine</strong></span> <span class='ocrx_word' id='word_1_161' title='bbox 788 2085 899 2145; x_wconf 90' lang='lat' dir='ltr'><strong>lossam</strong></span> <span class='ocrx_word' id='word_1_162' title='bbox 914 2086 1001 2144; x_wconf 91' lang='lat' dir='ltr'><strong>tectis</strong></span> <span class='ocrx_word' id='word_1_163' title='bbox 1015 2083 1121 2146; x_wconf 90' lang='lat' dir='ltr'><strong>militi·</strong></span> 
     </span>
     <span class='ocr_line' id='line_1_23' title="bbox 161 2166 1120 2247; baseline 0.004 -21"><span class='ocrx_word' id='word_1_164' title='bbox 161 2166 218 2227; x_wconf 94' lang='lat' dir='ltr'><strong>bus</strong></span> <span class='ocrx_word' id='word_1_165' title='bbox 238 2166 347 2227; x_wconf 89' lang='lat' dir='ltr'><strong>obduci</strong></span> <span class='ocrx_word' id='word_1_166' title='bbox 366 2168 455 2227; x_wconf 92' lang='lat' dir='ltr'><strong>iussit</strong></span> <span class='ocrx_word' id='word_1_167' title='bbox 475 2167 631 2246; x_wconf 89' lang='lat' dir='ltr'><strong>locumque</strong></span> <span class='ocrx_word' id='word_1_168' title='bbox 651 2169 683 2228; x_wconf 92' lang='lat' dir='ltr'><strong>in</strong></span> <span class='ocrx_word' id='word_1_169' title='bbox 704 2187 806 2229; x_wconf 91' lang='lat' dir='ltr'><strong>omnes</strong></span> <span class='ocrx_word' id='word_1_170' title='bbox 827 2176 928 2247; x_wconf 90' lang='lat' dir='ltr'><strong>partes</strong></span> <span class='ocrx_word' id='word_1_171' title='bbox 949 2185 1036 2245; x_wconf 87' lang='lat' dir='ltr'><strong>quam</strong></span> <span class='ocrx_word' id='word_1_172' title='bbox 1056 2189 1120 2230; x_wconf 86' lang='lat' dir='ltr'><strong>ma·</strong></span> 
     </span>
    </p>

    <p class='ocr_par' dir='ltr' id='par_1_4' title="bbox 135 2250 1120 2415">
     <span class='ocr_line' id='line_1_24' title="bbox 135 2250 1120 2330; baseline 0.007 -22"><span class='ocrx_word' id='word_1_173' title='bbox 135 2252 241 2311; x_wconf 75' lang='lat' dir='ltr'><strong>txime</strong></span> <span class='ocrx_word' id='word_1_174' title='bbox 257 2251 406 2329; x_wconf 90' lang='lat' dir='ltr'><strong>impediri.</strong></span> <span class='ocrx_word' id='word_1_175' title='bbox 437 2250 503 2330; x_wconf 91' lang='lat' dir='ltr'><strong>lpse</strong></span> <span class='ocrx_word' id='word_1_176' title='bbox 519 2252 636 2312; x_wconf 89' lang='lat' dir='ltr'><strong>idoneis</strong></span> <span class='ocrx_word' id='word_1_177' title='bbox 650 2253 724 2313; x_wconf 87' lang='lat' dir='ltr'><strong>locis</strong></span> <span class='ocrx_word' id='word_1_178' title='bbox 738 2253 905 2314; x_wconf 82' lang='lat' dir='ltr'><strong>funditores</strong></span> <span class='ocrx_word' id='word_1_179' title='bbox 921 2255 1070 2322; x_wconf 86' lang='lat' dir='ltr'><strong>instruxit,</strong></span> <span class='ocrx_word' id='word_1_180' title='bbox 1086 2264 1120 2315; x_wconf 90' lang='lat' dir='ltr'><strong>ut</strong></span> 
     </span>
     <span class='ocr_line' id='line_1_25' title="bbox 161 2335 1120 2415; baseline 0.004 -21"><span class='ocrx_word' id='word_1_181' title='bbox 161 2335 309 2413; x_wconf 90' lang='lat' dir='ltr'><strong>praesidio</strong></span> <span class='ocrx_word' id='word_1_182' title='bbox 324 2338 434 2396; x_wconf 88' lang='lat' dir='ltr'><strong>nostris</strong></span> <span class='ocrx_word' id='word_1_183' title='bbox 449 2353 479 2395; x_wconf 88' lang='lat' dir='ltr'><strong>se</strong></span> <span class='ocrx_word' id='word_1_184' title='bbox 495 2336 711 2415; x_wconf 88' lang='lat' dir='ltr'><strong>recipientibus</strong></span> <span class='ocrx_word' id='word_1_185' title='bbox 726 2344 834 2397; x_wconf 91' lang='lat' dir='ltr'><strong>essent.</strong></span> <span class='ocrx_word' id='word_1_186' title='bbox 864 2337 918 2398; x_wconf 91' lang='lat' dir='ltr'><strong>liis</strong></span> <span class='ocrx_word' id='word_1_187' title='bbox 932 2336 1024 2397; x_wconf 88' lang='lat' dir='ltr'><strong>rebus</strong></span> <span class='ocrx_word' id='word_1_188' title='bbox 1039 2355 1120 2398; x_wconf 90' lang='lat' dir='ltr'><strong>com·</strong></span> 
     </span>
    </p>

    <p class='ocr_par' dir='ltr' id='par_1_5' title="bbox 134 2419 1132 3004">
     <span class='ocr_line' id='line_1_26' title="bbox 134 2419 1120 2499; baseline 0.004 -21"><span class='ocrx_word' id='word_1_189' title='bbox 134 2421 274 2498; x_wconf 72' lang='lat' dir='ltr'><strong>tparatis</strong></span> <span class='ocrx_word' id='word_1_190' title='bbox 289 2419 437 2496; x_wconf 88' lang='lat' dir='ltr'><strong>legionem</strong></span> <span class='ocrx_word' id='word_1_191' title='bbox 449 2420 551 2481; x_wconf 89' lang='lat' dir='ltr'><strong>reduci</strong></span> <span class='ocrx_word' id='word_1_192' title='bbox 566 2421 660 2481; x_wconf 90' lang='lat' dir='ltr'><strong>iussit.</strong></span> <span class='ocrx_word' id='word_1_193' title='bbox 688 2421 860 2499; x_wconf 87' lang='lat' dir='ltr'><strong>Pompeiani</strong></span> <span class='ocrx_word' id='word_1_194' title='bbox 874 2421 930 2481; x_wconf 90' lang='lat' dir='ltr'><strong>hoc</strong></span> <span class='ocrx_word' id='word_1_195' title='bbox 942 2421 1120 2482; x_wconf 91' lang='lat' dir='ltr'><strong>insolentius</strong></span> 
     </span>
     <span class='ocr_line' id='line_1_27' title="bbox 161 2504 1132 2585; baseline 0.003 -22"><span class='ocrx_word' id='word_1_196' title='bbox 161 2512 249 2582; x_wconf 88' lang='lat' dir='ltr'><strong>atque</strong></span> <span class='ocrx_word' id='word_1_197' title='bbox 265 2504 407 2564; x_wconf 89' lang='lat' dir='ltr'><strong>audacius</strong></span> <span class='ocrx_word' id='word_1_198' title='bbox 422 2515 538 2564; x_wconf 89' lang='lat' dir='ltr'><strong>nostros</strong></span> <span class='ocrx_word' id='word_1_199' title='bbox 552 2522 690 2583; x_wconf 88' lang='lat' dir='ltr'><strong>premere</strong></span> <span class='ocrx_word' id='word_1_200' title='bbox 703 2513 733 2566; x_wconf 94' lang='lat' dir='ltr'><strong>et</strong></span> <span class='ocrx_word' id='word_1_201' title='bbox 748 2508 857 2566; x_wconf 90' lang='lat' dir='ltr'><strong>instare</strong></span> <span class='ocrx_word' id='word_1_202' title='bbox 874 2513 1037 2585; x_wconf 89' lang='lat' dir='ltr'><strong>coeperunt</strong></span> <span class='ocrx_word' id='word_1_203' title='bbox 1052 2524 1132 2566; x_wconf 79' lang='lat' dir='ltr'><strong>ora·-</strong></span> 
     </span>
     <span class='ocr_line' id='line_1_28' title="bbox 160 2588 1120 2668; baseline 0.005 -22"><span class='ocrx_word' id='word_1_204' title='bbox 160 2594 263 2665; x_wconf 89' lang='lat' dir='ltr'><strong>tesque</strong></span> <span class='ocrx_word' id='word_1_205' title='bbox 292 2606 346 2666; x_wconf 93' lang='lat' dir='ltr'><strong>pro</strong></span> <span class='ocrx_word' id='word_1_206' title='bbox 373 2589 536 2648; x_wconf 90' lang='lat' dir='ltr'><strong>munitione</strong></span> <span class='ocrx_word' id='word_1_207' title='bbox 562 2588 694 2650; x_wconf 89' lang='lat' dir='ltr'><strong>obiectas</strong></span> <span class='ocrx_word' id='word_1_208' title='bbox 723 2590 933 2668; x_wconf 91' lang='lat' dir='ltr'><strong>propulerunt,</strong></span> <span class='ocrx_word' id='word_1_209' title='bbox 964 2598 997 2650; x_wconf 92' lang='lat' dir='ltr'><strong>ut</strong></span> <span class='ocrx_word' id='word_1_210' title='bbox 1024 2592 1120 2651; x_wconf 83' lang='lat' dir='ltr'><strong>fossas</strong></span> 
     </span>
     <span class='ocr_line' id='line_1_29' title="bbox 134 2670 1119 2742; baseline 0.004 -12"><span class='ocrx_word' id='word_1_211' title='bbox 134 2671 419 2731; x_wconf 71' lang='lat' dir='ltr'><strong>ttranscenderent.</strong></span> <span class='ocrx_word' id='word_1_212' title='bbox 449 2670 534 2741; x_wconf 88' lang='lat' dir='ltr'><strong>Quod</strong></span> <span class='ocrx_word' id='word_1_213' title='bbox 549 2691 616 2733; x_wconf 88' lang='lat' dir='ltr'><strong>oum</strong></span> <span class='ocrx_word' id='word_1_214' title='bbox 632 2675 889 2734; x_wconf 87' lang='lat' dir='ltr'><strong>animadvertisset</strong></span> <span class='ocrx_word' id='word_1_215' title='bbox 904 2673 1022 2742; x_wconf 84' lang='lat' dir='ltr'><strong>Caesar,</strong></span> <span class='ocrx_word' id='word_1_216' title='bbox 1039 2677 1119 2734; x_wconf 84' lang='lat' dir='ltr'><strong>veri·</strong></span> 
     </span>
     <span class='ocr_line' id='line_1_30' title="bbox 159 2755 1119 2836; baseline 0.003 -21"><span class='ocrx_word' id='word_1_217' title='bbox 159 2763 223 2825; x_wconf 91' lang='lat' dir='ltr'><strong>tus,</strong></span> <span class='ocrx_word' id='word_1_218' title='bbox 240 2774 277 2815; x_wconf 89' lang='lat' dir='ltr'><strong>ne</strong></span> <span class='ocrx_word' id='word_1_219' title='bbox 292 2774 352 2817; x_wconf 93' lang='lat' dir='ltr'><strong>non</strong></span> <span class='ocrx_word' id='word_1_220' title='bbox 366 2755 493 2825; x_wconf 88' lang='lat' dir='ltr'><strong>reducti,</strong></span> <span class='ocrx_word' id='word_1_221' title='bbox 509 2756 561 2817; x_wconf 89' lang='lat' dir='ltr'><strong>sed</strong></span> <span class='ocrx_word' id='word_1_222' title='bbox 576 2759 683 2818; x_wconf 90' lang='lat' dir='ltr'><strong>reiecti</strong></span> <span class='ocrx_word' id='word_1_223' title='bbox 697 2758 879 2829; x_wconf 83' lang='lat' dir='ltr'><strong>viderentur,</strong></span> <span class='ocrx_word' id='word_1_224' title='bbox 896 2760 1050 2836; x_wconf 92' lang='lat' dir='ltr'><strong>maiusque</strong></span> <span class='ocrx_word' id='word_1_225' title='bbox 1066 2758 1119 2818; x_wconf 92' lang='lat' dir='ltr'><strong>de-</strong></span> 
     </span>
     <span class='ocr_line' id='line_1_31' title="bbox 159 2841 1118 2921; baseline 0.002 -21"><span class='ocrx_word' id='word_1_226' title='bbox 159 2842 334 2901; x_wconf 87' lang='lat' dir='ltr'><strong>trimentum</strong></span> <span class='ocrx_word' id='word_1_227' title='bbox 350 2848 517 2918; x_wconf 89' lang='lat' dir='ltr'><strong>caperetur,</strong></span> <span class='ocrx_word' id='word_1_228' title='bbox 534 2859 551 2901; x_wconf 91' lang='lat' dir='ltr'><strong>a</strong></span> <span class='ocrx_word' id='word_1_229' title='bbox 566 2841 664 2902; x_wconf 92' lang='lat' dir='ltr'><strong>medio</strong></span> <span class='ocrx_word' id='word_1_230' title='bbox 678 2843 742 2902; x_wconf 90' lang='lat' dir='ltr'><strong>iere</strong></span> <span class='ocrx_word' id='word_1_231' title='bbox 758 2845 853 2921; x_wconf 90' lang='lat' dir='ltr'><strong>spatio</strong></span> <span class='ocrx_word' id='word_1_232' title='bbox 868 2861 937 2904; x_wconf 92' lang='lat' dir='ltr'><strong>suos</strong></span> <span class='ocrx_word' id='word_1_233' title='bbox 958 2859 1013 2921; x_wconf 90' lang='lat' dir='ltr'><strong>per</strong></span> <span class='ocrx_word' id='word_1_234' title='bbox 1028 2841 1118 2902; x_wconf 84' lang='lat' dir='ltr'><strong>Anto·</strong></span> 
     </span>
     <span class='ocr_line' id='line_1_32' title="bbox 159 2925 1120 3004; baseline 0.004 -20"><span class='ocrx_word' id='word_1_235' title='bbox 159 2926 258 2994; x_wconf 88' lang='lat' dir='ltr'><strong>nium,</strong></span> <span class='ocrx_word' id='word_1_236' title='bbox 280 2927 330 3004; x_wconf 91' lang='lat' dir='ltr'><strong>qui</strong></span> <span class='ocrx_word' id='word_1_237' title='bbox 355 2926 383 2984; x_wconf 92' lang='lat' dir='ltr'><strong>ei</strong></span> <span class='ocrx_word' id='word_1_238' title='bbox 404 2925 513 3002; x_wconf 89' lang='lat' dir='ltr'><strong>legioni</strong></span> <span class='ocrx_word' id='word_1_239' title='bbox 534 2933 685 3004; x_wconf 87' lang='lat' dir='ltr'><strong>praeerat,</strong></span> <span class='ocrx_word' id='word_1_240' title='bbox 713 2926 884 2988; x_wconf 88' lang='lat' dir='ltr'><strong>cohortatus</strong></span> <span class='ocrx_word' id='word_1_241' title='bbox 908 2925 981 2987; x_wconf 91' lang='lat' dir='ltr'><strong>tuba</strong></span> <span class='ocrx_word' id='word_1_242' title='bbox 1000 2928 1120 3003; x_wconf 85' lang='lat' dir='ltr'><strong>signum</strong></span> 
     </span>
    </p>
   </div>
   <div class='ocr_carea' id='block_1_3' title="bbox 42 3009 1119 3088">
    <p class='ocr_par' dir='ltr' id='par_1_6' title="bbox 42 3009 1119 3088">
     <span class='ocr_line' id='line_1_33' title="bbox 42 3009 1119 3088; baseline 0.004 -21"><span class='ocrx_word' id='word_1_243' title='bbox 42 3074 44 3077; x_wconf 50' lang='grc'>,</span> <span class='ocrx_word' id='word_1_244' title='bbox 134 3009 228 3068; x_wconf 76' lang='lat' dir='ltr'><strong>odari</strong></span> <span class='ocrx_word' id='word_1_245' title='bbox 244 3016 331 3088; x_wconf 89' lang='lat' dir='ltr'><strong>atque</strong></span> <span class='ocrx_word' id='word_1_246' title='bbox 347 3010 378 3069; x_wconf 93' lang='lat' dir='ltr'><strong>in</strong></span> <span class='ocrx_word' id='word_1_247' title='bbox 394 3009 493 3070; x_wconf 90' lang='lat' dir='ltr'><strong>hostes</strong></span> <span class='ocrx_word' id='word_1_248' title='bbox 508 3011 651 3088; x_wconf 90' lang='lat' dir='ltr'><strong>impetum</strong></span> <span class='ocrx_word' id='word_1_249' title='bbox 664 3011 731 3071; x_wconf 88' lang='lat' dir='ltr'><strong>fieri</strong></span> <span class='ocrx_word' id='word_1_250' title='bbox 745 3013 842 3072; x_wconf 92' lang='lat' dir='ltr'><strong>iussit.</strong></span> <span class='ocrx_word' id='word_1_251' title='bbox 867 3010 1119 3088; x_wconf 86' lang='lat' dir='ltr'><strong>Milites&#39;legionis</strong></span> 
     </span>
    </p>
   </div>
   <div class='ocr_carea' id='block_1_4' title="bbox 159 3092 1120 3258">
    <p class='ocr_par' dir='ltr' id='par_1_7' title="bbox 159 3092 1120 3258">
     <span class='ocr_line' id='line_1_34' title="bbox 159 3092 1120 3173; baseline 0.004 -22"><span class='ocrx_word' id='word_1_252' title='bbox 159 3104 249 3152; x_wconf 85' lang='lat' dir='ltr'><strong>vl111.</strong></span> <span class='ocrx_word' id='word_1_253' title='bbox 258 3092 355 3153; x_wconf 92' lang='lat' dir='ltr'><strong>subito</strong></span> <span class='ocrx_word' id='word_1_254' title='bbox 364 3096 526 3172; x_wconf 90' lang='lat' dir='ltr'><strong>conspirati</strong></span> <span class='ocrx_word' id='word_1_255' title='bbox 538 3094 798 3173; x_wconf 90' lang='lat' dir='ltr'><strong>piiaoonieoerunt</strong></span> <span class='ocrx_word' id='word_1_256' title='bbox 809 3102 839 3155; x_wconf 91' lang='lat' dir='ltr'><strong>et</strong></span> <span class='ocrx_word' id='word_1_257' title='bbox 850 3114 886 3155; x_wconf 87' lang='lat' dir='ltr'><strong>ex</strong></span> <span class='ocrx_word' id='word_1_258' title='bbox 899 3096 1042 3155; x_wconf 82' lang='lat' dir='ltr'><strong>inferiore</strong></span> <span class='ocrx_word' id='word_1_259' title='bbox 1052 3092 1120 3155; x_wconf 87' lang='lat' dir='ltr'><strong>loco</strong></span> 
     </span>
     <span class='ocr_line' id='line_1_35' title="bbox 160 3175 1119 3258; baseline 0.002 -22"><span class='ocrx_word' id='word_1_260' title='bbox 160 3175 302 3237; x_wconf 85' lang='lat' dir='ltr'><strong>adversus</strong></span> <span class='ocrx_word' id='word_1_261' title='bbox 329 3175 435 3237; x_wconf 90' lang='lat' dir='ltr'><strong>clivum</strong></span> <span class='ocrx_word' id='word_1_262' title='bbox 461 3179 575 3239; x_wconf 89' lang='lat' dir='ltr'><strong>incitati</strong></span> <span class='ocrx_word' id='word_1_263' title='bbox 603 3197 693 3239; x_wconf 87' lang='lat' dir='ltr'><strong>cursu</strong></span> <span class='ocrx_word' id='word_1_264' title='bbox 717 3181 898 3258; x_wconf 89' lang='lat' dir='ltr'><strong>praecipites</strong></span> <span class='ocrx_word' id='word_1_265' title='bbox 920 3179 1119 3257; x_wconf 89' lang='lat' dir='ltr'><strong>Pompeianos</strong></span> 
     </span>
    </p>
   </div>
   <div class='ocr_carea' id='block_1_5' title="bbox 132 3263 1120 3597">
    <p class='ocr_par' dir='ltr' id='par_1_8' title="bbox 132 3263 1120 3597">
     <span class='ocr_line' id='line_1_36' title="bbox 160 3263 1119 3343; baseline 0.003 -24"><span class='ocrx_word' id='word_1_266' title='bbox 160 3268 286 3337; x_wconf 89' lang='lat' dir='ltr'><strong>egerunt</strong></span> <span class='ocrx_word' id='word_1_267' title='bbox 301 3268 331 3320; x_wconf 91' lang='lat' dir='ltr'><strong>et</strong></span> <span class='ocrx_word' id='word_1_268' title='bbox 352 3268 435 3338; x_wconf 87' lang='lat' dir='ltr'><strong>terga</strong></span> <span class='ocrx_word' id='word_1_269' title='bbox 451 3271 567 3323; x_wconf 91' lang='lat' dir='ltr'><strong>vertere</strong></span> <span class='ocrx_word' id='word_1_270' title='bbox 582 3267 761 3339; x_wconf 75' lang='lat' dir='ltr'><strong>coegerunt;</strong></span> <span class='ocrx_word' id='word_1_271' title='bbox 781 3263 891 3343; x_wconf 90' lang='lat' dir='ltr'><strong>quibus</strong></span> <span class='ocrx_word' id='word_1_272' title='bbox 911 3264 948 3324; x_wconf 83' lang='lat' dir='ltr'><strong>ad</strong></span> <span class='ocrx_word' id='word_1_273' title='bbox 968 3265 1119 3342; x_wconf 90' lang='lat' dir='ltr'><strong>recipien-</strong></span> 
     </span>
     <span class='ocr_line' id='line_1_37' title="bbox 159 3343 1119 3427; baseline 0.004 -24"><span class='ocrx_word' id='word_1_274' title='bbox 159 3343 230 3404; x_wconf 91' lang='lat' dir='ltr'><strong>dum</strong></span> <span class='ocrx_word' id='word_1_275' title='bbox 245 3352 342 3405; x_wconf 86' lang='lat' dir='ltr'><strong>crates</strong></span> <span class='ocrx_word' id='word_1_276' title='bbox 357 3345 500 3406; x_wconf 90' lang='lat' dir='ltr'><strong>disiectae</strong></span> <span class='ocrx_word' id='word_1_277' title='bbox 515 3346 705 3427; x_wconf 83' lang='lat' dir='ltr'><strong>longuriique</strong></span> <span class='ocrx_word' id='word_1_278' title='bbox 721 3346 830 3409; x_wconf 86' lang='lat' dir='ltr'><strong>obiecti</strong></span> <span class='ocrx_word' id='word_1_279' title='bbox 846 3355 875 3408; x_wconf 92' lang='lat' dir='ltr'><strong>et</strong></span> <span class='ocrx_word' id='word_1_280' title='bbox 889 3350 1044 3408; x_wconf 86' lang='lat' dir='ltr'><strong>institutae</strong></span> <span class='ocrx_word' id='word_1_281' title='bbox 1059 3348 1119 3407; x_wconf 91' lang='lat' dir='ltr'><strong>los·</strong></span> 
     </span>
     <span class='ocr_line' id='line_1_38' title="bbox 132 3430 1120 3511; baseline 0.006 -24"><span class='ocrx_word' id='word_1_282' title='bbox 132 3437 148 3485; x_wconf 78' lang='grc'><strong>6</strong></span> <span class='ocrx_word' id='word_1_283' title='bbox 162 3445 213 3489; x_wconf 91' lang='lat' dir='ltr'><strong>sae</strong></span> <span class='ocrx_word' id='word_1_284' title='bbox 228 3446 334 3506; x_wconf 91' lang='lat' dir='ltr'><strong>magno</strong></span> <span class='ocrx_word' id='word_1_285' title='bbox 349 3430 563 3509; x_wconf 88' lang='lat' dir='ltr'><strong>impedimento</strong></span> <span class='ocrx_word' id='word_1_286' title='bbox 583 3432 714 3493; x_wconf 88' lang='lat' dir='ltr'><strong>luerunt.</strong></span> <span class='ocrx_word' id='word_1_287' title='bbox 750 3431 851 3493; x_wconf 88' lang='lat' dir='ltr'><strong>Nostri</strong></span> <span class='ocrx_word' id='word_1_288' title='bbox 866 3450 951 3500; x_wconf 86' lang='lat' dir='ltr'><strong>vero,</strong></span> <span class='ocrx_word' id='word_1_289' title='bbox 973 3433 1025 3511; x_wconf 92' lang='lat' dir='ltr'><strong>qui</strong></span> <span class='ocrx_word' id='word_1_290' title='bbox 1046 3435 1120 3493; x_wconf 91' lang='lat' dir='ltr'><strong>satis</strong></span> 
     </span>
     <span class='ocr_line' id='line_1_39' title="bbox 144 3510 1120 3597; baseline 0.01 -27"><span class='ocrx_word' id='word_1_291' title='bbox 144 3510 306 3576; x_wconf 75' lang='lat' dir='ltr'><strong>habebant</strong></span> <span class='ocrx_word' id='word_1_292' title='bbox 324 3516 394 3577; x_wconf 89' lang='lat' dir='ltr'><strong>sine</strong></span> <span class='ocrx_word' id='word_1_293' title='bbox 410 3513 593 3580; x_wconf 91' lang='lat' dir='ltr'><strong>detrimento</strong></span> <span class='ocrx_word' id='word_1_294' title='bbox 613 3515 785 3589; x_wconf 84' lang='lat' dir='ltr'><strong>discedere,</strong></span> <span class='ocrx_word' id='word_1_295' title='bbox 804 3515 1007 3597; x_wconf 86' lang='lat' dir='ltr'><strong>compluribus</strong></span> <span class='ocrx_word' id='word_1_296' title='bbox 1025 3516 1120 3580; x_wconf 87' lang='lat' dir='ltr'><strong>inter·</strong></span> 
     </span>
    </p>
   </div>
   <div class='ocr_carea' id='block_1_6' title="bbox 0 0 1182 3870">
    <p class='ocr_par' dir='ltr' id='par_1_9' title="bbox 0 0 1182 3870">
     <span class='ocr_line' id='line_1_40' title="bbox 0 0 1182 3870; baseline 0 0"><span class='ocrx_word' id='word_1_297' title='bbox 0 0 1182 3870; x_wconf 95' lang='lat' dir='ltr'><strong> </strong></span> 
     </span>
    </p>
   </div>
  </div>
 </body>
</html>
