2356 3870
365 200 464 258 11011111.
480 200 532 257 1111.
549 200 619 258 cnr.
634 201 728 258 1-111,
990 202 1029 264 61

64 362 238 424 Sueborum
257 380 331 442 gens
347 371 392 424 est
410 363 499 442 longe
524 367 650 426 maxima
670 374 700 426 et
719 365 943 426 bellicosissima
958 361 1031 423 Ger·
1048 371 1063 422 3

63 465 224 508 manorum
240 449 381 509 omnium.
408 448 446 509 lli
461 456 580 510 centum
595 468 686 528 pagos
701 448 812 509 habere
827 448 976 516 dicuntur,
995 465 1030 506 ex
1045 455 1059 501 1

65 531 176 608 quibus
192 532 350 608 quotannis
370 531 580 608 singulamilia
602 539 783 594 armatorum
798 531 928 592 bellandi
943 548 1031 590 causa

65 632 99 674 ex
116 613 227 674 linibus
244 614 381 676 educunt.
419 614 552 692 Reliqui,
574 618 626 693 qui
640 616 719 677 domi
734 623 922 687 manserunt,
939 633 971 676 se
986 620 1061 675 ato

65 714 122 774 que
143 697 212 757 illos
230 698 328 766 -alunt;
359 697 390 758 hi
409 717 516 760 rursus
535 701 566 759 in
589 701 681 760 vicem
702 718 779 760 anno
800 707 867 778 post
886 701 918 759 in
940 699 1030 759 armis

65 788 145 850 sunt,
161 780 206 841 illi
221 781 300 841 domi
313 790 478 843 remanent.
510 783 559 844 Sic
573 801 671 861 neque
687 783 869 861 agricultura
883 800 939 843 nec
953 784 1029 842 ratio
1045 787 1061 838 θ

65 871 155 942 atque
172 882 246 926 usus
261 863 332 925 belli
347 867 563 927 intermittitur.
589 867 647 928 Sed
658 867 764 946 privati
780 885 813 926 ac
824 867 953 943 separati
968 866 1031 942 agri
1046 873 1060 920 7

64 948 144 1026 apud
161 967 212 1009 eos
227 946 300 1008 nihil
316 955 375 1017 est,
398 966 496 1027 neque
515 949 634 1027 longius
654 969 731 1011 anno
752 967 909 1010 remanere
924 967 984 1009 uno
999 950 1030 1007 in

63 1032 130 1091 loco
146 1031 296 1092 incolendi
312 1050 399 1092 causa
413 1032 491 1093 lieet.
531 1033 634 1110 Neque
648 1033 775 1093 multum
789 1034 954 1102 frumento,
977 1031 1030 1092 sed
1046 1037 1061 1087 8

64 1118 225 1176 maximam
240 1122 355 1192 partem
370 1115 446 1178 lacte
467 1123 555 1193 atque
575 1136 685 1196 pecore
706 1119 820 1186 vivunt,
843 1116 1030 1193 multumque

63 1200 182 1260 suntid
199 1198 416 1268 venationibus;
441 1216 580 1276 quaeres
597 1207 625 1260 et
641 1200 698 1260 cibi
713 1219 823 1278 genere
840 1206 869 1259 et
884 1199 1030 1261 cotidiana
1044 1202 1060 1252 9

64 1283 279 1343 exercitatione
295 1289 324 1342 et
338 1281 475 1344 libertate
486 1285 570 1353 ritae,
585 1283 673 1360 quod,
691 1286 820 1364 apueris
835 1283 916 1344 nullo
933 1284 1029 1343 officio

63 1373 114 1426 aut
131 1364 286 1445 disciplina
301 1364 477 1435 adsuefacti,
499 1366 572 1427 nihil
594 1360 712 1428 o'mnino
729 1375 833 1428 contra
848 1366 1029 1427 voluntatem

63 1451 188 1518 faciant,
213 1456 244 1509 et
257 1450 334 1510 vires
350 1449 400 1510 alit
414 1456 444 1511 et
457 1451 569 1511 inmani
584 1469 743 1530 corporum
758 1451 959 1528 magnitudine
974 1450 1028 1509 ho·

65 1535 161 1594 mines
184 1533 281 1592 elficit.
322 1534 417 1610 Atque
438 1535 469 1593 in
491 1551 554 1594 eam
576 1552 608 1594 se
630 1534 875 1595 consuetudinem
896 1533 1071 1594 adduxe-10

65 1623 150 1685 runt,
173 1622 208 1676 ut
228 1615 302 1676 locis
322 1616 521 1693 frigidissimis
541 1633 639 1693 neque
660 1619 782 1678 restitus
801 1623 921 1695 praeter
942 1611 1029 1694 pellis

64 1697 213 1760 haberent
233 1700 405 1776 quicquam,
427 1716 553 1776 quarum
572 1707 697 1779 propter
719 1702 909 1776 exiguitatem
924 1716 1029 1776 magna

64 1792 109 1845 est
126 1784 264 1861 corporis
278 1800 349 1861 pars
364 1789 475 1861 aperta,
493 1791 522 1842 et
536 1782 705 1844 lavarentur
720 1785 750 1843 in
766 1782 947 1843 fluminibus.

127 1866 163 1926 11.
189 1864 403 1927 Mercatoribus
426 1872 470 1926 est
490 1866 586 1927 aditus
606 1869 699 1944 magis
715 1885 766 1935 eo,
790 1874 836 1935 ut,
860 1883 935 1942 quae
950 1864 1056 1926 bellot

63 1951 216 2030 ceperint,
240 1948 345 2026 quibus
360 1949 501 2017 vendant,
518 1949 658 2019 habeant,
682 1967 769 2027 quam
785 1967 844 2027 quo
860 1949 949 2009 ullam
964 1968 1029 2009 rem

63 2034 99 2094 ad
115 2052 149 2094 se
165 2034 312 2111 inportari
328 2031 506 2094 desiderent.
546 2033 622 2104 Quin
640 2035 728 2094 etiam
742 2035 898 2102 iumentis,
922 2033 1058 2109 quibuse

61 2118 195 2180 maxime
210 2115 284 2176 Galli
303 2115 487 2177 delectantur
503 2133 639 2194 quaeque
660 2119 785 2196 inpenso
800 2123 907 2196 parant
920 2119 1026 2195 pretio,

63 2194 231 2282 [Germani]
245 2201 402 2278 inportatis
413 2196 482 2280 hi[s]
497 2218 558 2261 non
569 2206 702 2271 utuntur,
714 2201 766 2261 sed
781 2218 856 2278 quae
868 2208 938 2261 sunt
949 2200 1027 2278 apud

61 2303 114 2346 eos
130 2290 215 2351 nata,
237 2300 327 2361 prava
341 2290 429 2360 atque
444 2282 601 2352 deformia,
624 2283 697 2344 haec
719 2284 862 2344 cotidiana
885 2286 1027 2344 exercita·

61 2370 156 2436 tione,
173 2367 282 2427 summi
296 2372 330 2427 ut
344 2367 404 2427 sint
417 2365 539 2438 laboris,
556 2368 695 2427 efficiunt.
729 2367 925 2445 Equestribus
939 2386 1027 2445 pree·
1044 2377 1058 2426 3

60 2451 108 2512 liis
123 2467 218 2529 saepe
230 2467 266 2510 ex
281 2452 365 2526 equis
376 2449 515 2510 desiliunt
529 2469 563 2510 11
574 2450 699 2529 pedibus
713 2452 906 2530 proeliantur,
920 2466 1026 2526 equos·

61 2552 121 2612 que
140 2533 249 2593 eodem
268 2551 424 2593 remanere
439 2535 560 2610 vestigio
575 2533 817 2604 adsuefecerunt,
842 2534 877 2594 ad
900 2551 974 2610 quos
994 2553 1027 2594 se

62 2619 216 2686 celeriter,
234 2634 302 2677 cum
316 2634 388 2677 usus
404 2624 457 2687 est,
472 2619 635 2695 recipiunt;
659 2635 756 2694 neque
774 2636 878 2678 eorum
893 2618 1027 2678 moribus
1041 2631 1057 2676 4

61 2703 184 2780 turpius
202 2701 358 2776 quicquam
371 2707 421 2761 aut
429 2702 555 2761 inertius
570 2699 696 2761 habetur
712 2719 800 2778 quam
813 2701 960 2780 ephippiis
972 2704 1024 2763 uti.
1103 2772 1109 2781 ²

60 2786 169 2862 ltaque
178 2783 215 2844 ad
226 2786 357 2860 quemvis
367 2802 524 2845 numerum
536 2783 773 2864 ephippiatorum
785 2787 917 2861 equitum
925 2802 1026 2860 quam-
1041 2793 1056 2843 o

61 2871 104 2929 ris
126 2869 217 2947 pauci
239 2867 320 2927 adire
341 2867 458 2928 audent.
497 2869 604 2928 Vinum
626 2868 662 2928 ad
683 2887 716 2929 se
737 2870 857 2928 omnino
882 2869 1056 2946 inportarid

60 2971 123 3014 non
145 2953 263 3022 sinunt,
291 2951 370 3028 quod
391 2969 426 3010 ea
445 2970 479 3011 re
500 2951 536 3010 ad
557 2950 691 3012 laborem
709 2951 866 3012 ferendum
886 2951 1024 3013 remolle-

59 3054 151 3098 scere
165 3034 301 3095 homines
316 3041 405 3112 atque
421 3035 584 3096 effeminari
599 3036 790 3097 arbitrantur.

105 3136 109 3143 ’
124 3118 177 3180 111.
195 3117 317 3180 Publice
331 3120 488 3179 maximam
502 3127 609 3199 putant
624 3137 689 3180 1111
703 3119 829 3189 laudem,
843 3137 931 3197 quarn
945 3121 1025 3182 latis·
1041 3129 1053 3179 1

58 3206 137 3266 sime
153 3222 171 3264 a
186 3204 250 3263 suis
262 3201 370 3263 linibus
387 3219 491 3264 vacare
512 3220 614 3280 agros:
637 3203 693 3264 hac
712 3222 747 3265 11
767 3205 941 3282 significari,
963 3223 1024 3266 ma·

58 3304 156 3366 gnum
170 3304 331 3349 numerum
346 3288 505 3348 civitatium
520 3306 604 3348 suam
615 3289 674 3347 vim
688 3290 836 3351 sustinere
849 3306 910 3349 non
924 3307 1022 3367 posse.

59 3371 166 3448 ltaque
182 3388 243 3431 una
258 3388 295 3432 ex
308 3376 393 3449 parte
408 3388 425 3431 a
440 3370 545 3431 Suebis
567 3373 685 3431 circiter
699 3372 779 3432 milia
794 3390 936 3451 passuum
957 3390 1024 3433 sex·
1039 3381 1056 3428 1

60 3462 149 3517 senta
163 3457 229 3533 agri
244 3471 348 3516 vacare
363 3454 507 3516 dicuntur.
530 3455 575 3517 dd
590 3455 715 3520 atteram
730 3465 852 3542 partein
867 3457 1074 3523 succedunts
