2356 3870
149 243 193 308 34
471 249 519 304 Du
540 248 655 304 BELLO
679 249 788 304 civim

81 450 86 458 θ
150 420 253 494 spectu
267 415 400 475 omnium
416 414 644 485 excelsissimus,
660 415 762 475 mittit.
797 413 882 474 Hunc
898 432 1004 492 magno
1020 433 1112 476 cursu

151 501 314 558 concitatos
335 497 418 559 iubet
440 515 600 575 occupare,
628 517 663 559 eo
685 499 825 567 oonsilio,
853 499 897 558 uti
919 500 984 577 ipse
1005 499 1111 560 eodem

151 582 290 643 omnibus
305 584 401 661 copiis
415 583 610 644 contenderet
625 590 655 643 et
669 590 781 643 mutato
803 585 912 643 itinere
927 584 1006 659 iugis
1022 582 1111 644 Octo·

123 672 251 742 agesam
265 667 446 745 perveniret.
481 667 567 727 Hunc
581 683 648 726 cum
664 665 786 746 obliquo
811 669 919 727 itinere
936 669 1041 727 cetrati
1057 686 1111 746 pe·

151 756 263 820 terent,
289 751 477 829 conspicatus
501 752 650 830 equitatus
676 750 811 812 Caesaris
837 752 868 810 in
894 750 1026 811 cohortis
1045 753 1110 810 ¹im-

149 842 251 913 petum
265 835 353 904 leoit3
369 852 424 894 nec
439 836 593 896 minimam
607 842 723 914 partem
742 836 886 913 temporis
901 835 1034 913 equilum
1049 836 1108 894 vim

149 920 256 978 cetrati
271 920 419 978 sustinere
439 924 599 997 potuerunt
620 935 780 997 omnesque
796 917 832 978 ab
849 920 893 979 eis
915 920 1109 978 circumventi

149 1004 181 1062 in
197 1009 358 1080 conspectu
372 1005 529 1081 utriusque
545 1004 695 1062 exercitus
711 1002 942 1062 interficiuntur.

124 1093 138 1142 1
212 1085 315 1146 LXXI.
345 1085 418 1146 Erat
432 1088 549 1146 occasio
569 1083 646 1145 bene
661 1086 809 1162 gerendae
825 1088 881 1147 rei.
917 1085 1019 1164 Neque
1038 1105 1109 1146 vero

150 1169 181 1229 id
197 1169 353 1230 Caesarem
368 1168 512 1247 fugiebat,
528 1176 610 1229 tanto
626 1168 681 1229 sub
693 1169 786 1230 oeulis
796 1175 916 1246 accepto
929 1169 1109 1230 detrimento

149 1255 342 1332 perterritum
364 1256 528 1314 exereitum
549 1255 696 1314 sustinere
717 1271 777 1313 non
800 1272 902 1332 posse,
931 1255 1110 1331 praesertim

150 1337 364 1398 circumdatum
379 1337 512 1416 undique
527 1340 676 1417 equitatu,
698 1355 764 1397 cum
780 1340 813 1397 in
828 1337 893 1397 loco
909 1354 1004 1416 aequo
1020 1343 1110 1415 atque

150 1427 252 1498 aperto
274 1420 500 1498 confligeretur;
526 1422 616 1501 idque
637 1440 673 1481 ex
694 1420 832 1481 omnibus
850 1420 986 1500 partibus
1012 1420 1049 1481 ab
1073 1439 1109 1481 eo

123 1501 349 1581 allagitabatur.
379 1504 603 1566 concurrebant
617 1505 717 1583 legati,
730 1506 919 1565 centuriones
934 1504 1109 1583 tribunique

150 1587 291 1648 militum:
327 1588 371 1648 Ne
392 1587 542 1649 dubitaret
560 1588 707 1668 proelium
732 1590 927 1649 committere.
969 1587 1109 1649 Omnium

122 1678 216 1731 desse
245 1671 373 1732 militum
402 1673 602 1750 paratissimos
632 1676 755 1733 animos.
803 1673 978 1733 Afranianos
1004 1681 1109 1733 eontra

148 1755 248 1816 multis
263 1754 354 1816 rebus
365 1757 411 1816 sui
427 1758 541 1816 timoris
552 1759 635 1835 signa
649 1758 781 1817 misisse:
797 1756 875 1836 quod
891 1758 951 1817 suis
962 1775 1021 1817 non
1037 1756 1108 1817 suh·

148 1841 312 1910 venissent,
334 1839 412 1920 quod
432 1841 468 1900 de
485 1840 560 1901 colle
575 1859 635 1900 non
651 1841 844 1910 decederent,
868 1840 946 1920 quod
961 1841 1008 1899 vix
1024 1842 1108 1919 equi-

149 1932 213 1984 tum
224 1923 362 1984 incursus
374 1924 557 1984 sustinerent
568 1925 749 2003 conlatisque
760 1926 790 1984 in
803 1942 894 1984 unum
906 1924 1002 1984 locum
1016 1924 1108 2001 signis

121 2008 277 2068 oconserti
297 2026 394 2087 neque
416 2007 535 2067 ordines
556 2025 652 2087 neque
672 2009 756 2085 signa
776 2014 940 2068 servarent.
976 2005 1060 2076 Quod
1082 2009 1108 2068 si

147 2091 330 2169 iniquitatem
345 2091 402 2151 loci
417 2091 550 2160 timeret,
573 2091 672 2152 datum
688 2092 725 2150 iri
744 2098 842 2152 tamen
857 2091 954 2171 aliquo
973 2090 1037 2151 loco
1051 2110 1107 2170 pu·

148 2173 257 2251 gnandi
271 2173 451 2243 facultatem,
459 2175 538 2254 quod
550 2183 630 2236 certe
641 2175 709 2235 inde
722 2175 924 2236 decedendum
936 2177 1106 2235 essetbl‘ra·

148 2258 198 2318 nio
214 2275 270 2317 nec
285 2258 347 2317 sine
363 2277 438 2338 aqua
453 2277 630 2336 permanere
645 2269 754 2339 posset.

122 2349 137 2400 1
212 2340 328 2400 LXXII.
364 2341 471 2402 Caesar
486 2345 516 2402 in
532 2360 597 2403 eam
616 2361 700 2422 spem
714 2352 848 2413 venerat,
870 2363 902 2404 se
923 2344 986 2403 sine
1007 2361 1107 2422 pugna

148 2434 178 2485 et
193 2425 255 2485 sine
270 2424 392 2485 volnere
408 2444 530 2486 suorum
545 2445 609 2508 rem
621 2428 766 2488 conficere
781 2444 882 2504 posse,
900 2427 977 2506 quod
993 2445 1027 2486 re
1042 2428 1106 2487 lru·

65 2572 69 2580 ,
120 2509 292 2569 amentaria
313 2508 499 2570 adversarios
519 2510 743 2571 interclusisset.
785 2510 844 2572 Cur
867 2512 955 2571 etiam
974 2511 1106 2572 secundo

147 2590 259 2671 proelio
275 2591 389 2672 aliquos
404 2611 440 2653 ex
455 2594 517 2654 suis
532 2594 698 2655 amitteret?
719 2612 773 2655 cur
787 2595 938 2655 vulnerari
952 2602 1107 2673 pateretur

148 2677 257 2754 optime
274 2674 310 2735 de
333 2695 364 2736 se
386 2678 508 2737 meritos
522 2679 650 2739 milites?
671 2696 725 2738 our
740 2679 867 2759 denique
888 2680 1037 2739 loctunam
1052 2697 1105 2758 pe·

147 2759 343 2820 riclitaretur?
363 2762 540 2839 praesertim
561 2780 628 2822 cum
648 2781 707 2822 non
728 2764 825 2823 minus
846 2770 926 2823 esset
945 2763 1105 2841 imperato·

120 2847 192 2903 aris
206 2845 327 2904 consilio
348 2863 490 2924 superare
511 2865 600 2926 quam
618 2846 724 2924 gladio.
760 2845 932 2907 Merebatur
947 2848 1035 2906 etiam
1052 2847 1105 2908 mi-

148 2929 308 2988 sericordia
334 2929 453 3000 civium,
485 2948 560 3009 quos
585 2930 805 2991 interficiendos
829 2929 962 3001 videbat;
997 2930 1106 3010 quibus

119 3012 238 3072 4salvis
253 3018 340 3090 atque
355 3013 553 3075 incolumibus
564 3033 628 3075 rem
640 3018 775 3093 optinere
791 3012 926 3075 malebat
957 3014 1018 3074 Hoc
1034 3033 1106 3073 con-

147 3095 248 3155 silium
269 3094 403 3156 Caesaris
422 3098 573 3178 plerisque
599 3116 658 3159 non
683 3098 879 3176 probabat-um
906 3098 1015 3158 milites
1033 3116 1106 3174 uero

146 3179 243 3258 palam
259 3181 339 3238 inter
354 3197 385 3239 se
405 3180 614 3261 loquebantur,
637 3184 776 3262 quoniam
798 3183 866 3242 talis
880 3184 997 3242 occasio
1012 3184 1105 3242 victo-

146 3264 210 3323 riae
227 3262 443 3334 dimitteretur,
460 3267 550 3325 etiam
565 3285 633 3326 oum
647 3266 735 3326 vellet
749 3266 867 3336 Caesar,
884 3284 949 3350 sese
964 3284 1024 3326 non
1040 3284 1105 3327 esse

146 3353 340 3424 pugnaturos.
376 3347 429 3408 llle
449 3351 480 3408 in
501 3367 552 3410 sua
574 3352 721 3410 sententia
742 3357 913 3430 perseverat
933 3356 963 3410 et
983 3350 1106 3429 paulum

147 3449 184 3492 ex
205 3449 239 3490 eo
260 3430 325 3492 loco
347 3431 536 3510 degreditur,
562 3442 596 3494 ut
618 3435 754 3494 liniarem
775 3435 953 3496 adversariis
979 3436 1105 3494 minuat.

106 3513 277 3576 ol’etrer'us
289 3523 381 3600 atque
395 3518 539 3580 Afranius
555 3517 654 3581 oblata
669 3518 808 3581 laoultate
820 3521 856 3579 in
865 3525 963 3579 castra
976 3535 1042 3577 sese
1058 3536 1105 3576 re·
