2356 3870
141 201 185 265 10
391 204 536 260 auunuu
551 203 854 262 ALuXANDIuNUM.
938 178 941 185 '

141 358 194 435 qui
227 363 279 416 aut
311 356 343 414 in
372 372 462 433 opere
490 362 541 415 aut
568 356 600 414 in
627 371 726 432 pugna
760 361 937 432 occupatum
971 356 1108 415 animum

142 438 304 507 haberent,
334 440 407 518 quin
436 439 580 498 altissima
610 447 688 498 tecta
711 445 826 516 peteret
851 445 939 517 atque
962 456 998 499 ex
1021 441 1107 499 omni

143 530 306 601 prospectu
328 522 428 582 locum
451 522 623 600 spectaculo
646 529 767 600 caperet
789 522 991 600 precibusque
1008 529 1037 582 et
1053 540 1106 582 ro·

144 609 184 667 tis
206 608 363 667 victoriam
385 608 448 665 suis
471 605 507 666 ab
532 605 579 665 dis
612 605 822 667 inmortalibus
845 613 1031 684 exposceret.

103 698 121 746 a
206 689 281 750 xvi.
324 689 447 750 Minime
478 696 577 750 autem
610 707 663 768 par
698 696 762 750 erat
795 690 905 768 proelii
938 697 1106 750 certamen.

142 772 260 834 Nostris
283 776 364 834 enim
388 771 514 852 [pulsis]
538 789 636 852 neque
658 782 739 834 terra
755 792 853 852 neque
867 775 943 834 mari
959 774 1106 851 ellugium

143 856 269 918 dabatur
290 859 393 925 victis,
417 861 575 937 omniaque
598 857 764 918 victoribus
786 865 871 918 erant
892 859 992 919 lutura
1008 860 1041 917 in
1057 860 1106 917 in·

143 950 240 1010 certo;
285 941 349 1010 illi,
392 943 419 1002 si
454 949 647 1020 superassent
688 940 849 1010 navibus„
875 943 974 1002 omnia
1016 949 1104 1003 tene·

142 1033 228 1094 rent,
252 1028 278 1086 si
301 1026 463 1086 inferiores
484 1027 629 1095 luissent,
659 1025 805 1104 reliquam
826 1034 926 1086 tamen
949 1027 1106 1087 fortunam

101 1109 397 1187 apericlitarentur.
441 1108 538 1169 Simul
562 1108 636 1169 illud
666 1124 754 1182 grave
783 1128 818 1170 ac
846 1112 990 1170 miserum
1019 1109 1105 1170 vide·

141 1191 246 1262 batur,
270 1209 436 1272 perpaucos
459 1192 495 1252 de
517 1208 631 1253 summa
654 1211 756 1254 rerum
785 1212 819 1254 ac
848 1193 885 1254 de
914 1194 1009 1254 salute
1039 1211 1106 1253 orn·

142 1277 227 1337 nium
250 1276 421 1344 decertare;
445 1293 573 1356 quorum
595 1279 621 1337 si
644 1279 695 1354 qui
718 1284 768 1337 aut
790 1279 890 1336 animo
912 1285 964 1334 aut
991 1279 1106 1335 virtute

141 1362 297 1429 cessisset,
326 1360 453 1436 reliquis
483 1361 571 1418 etiam
601 1367 682 1418 esset
703 1359 884 1427 cadendum,
915 1357 1025 1435 quibus
1047 1375 1106 1436 pro

99 1453 174 1503 ese
197 1441 350 1520 pugnandi
372 1441 499 1502 facultas
527 1459 587 1501 non
616 1443 732 1503 suisset.
782 1441 862 1501 llaec
891 1440 1106 1520 superioribus

142 1526 250 1586 diebus
272 1542 487 1604 saepenumero
514 1524 623 1586 Caesar
655 1527 719 1586 suis
755 1533 945 1603 exposuerat,
980 1533 1015 1586 ut
1045 1524 1106 1586 boc

38 1604 61 1645 ⁶
141 1612 256 1671 maiore
290 1612 389 1670 animo
422 1609 654 1678 contenderent,
691 1608 771 1685 quod
809 1611 942 1670 omnium
975 1609 1105 1670 salutem

100 1706 124 1755 4
143 1693 202 1754 sibi
236 1692 473 1754 commendatam
505 1693 653 1754 viderent.
711 1692 822 1753 Eadem
841 1710 943 1766 ,suum
976 1695 1106 1773 quisque

142 1777 405 1846 contubernalem,
430 1778 575 1848 amicum,
598 1784 701 1839 notum
725 1794 909 1854 prosequens
931 1786 994 1838 erat
1017 1775 1106 1837 obte-

143 1869 254 1930 status,
288 1879 326 1922 ue
356 1879 439 1921 suam
474 1868 562 1938 atque
599 1863 733 1921 omnium
765 1859 884 1921 falleret
918 1863 1104 1939 opinionem,

143 1963 271 2024 quorum
304 1946 418 2005 iudicio
451 1943 584 2004 delectus
617 1944 653 2004 ad
688 1961 816 2022 pugnam
847 1944 1105 2023 proficisceretur.

99 2042 122 2090 o
142 2029 245 2108 ltaque
268 2027 325 2088 boc
348 2031 448 2089 animo
471 2034 516 2088 est
538 2027 739 2096 decertatum,
767 2037 801 2088 ut
822 2045 918 2107 neque
941 2029 1106 2090 maritimis

142 2113 331 2189 nauticisque
353 2111 486 2172 sollertia
508 2120 596 2189 atque
625 2129 675 2171 ars
702 2112 885 2190 praesidium
913 2113 1021 2180 ferret,
1049 2129 1105 2173 ne·

143 2213 200 2275 que
223 2212 349 2254 numero
371 2197 490 2254 navium
513 2194 736 2272 praestantibus
757 2197 917 2256 multitudo
934 2195 1104 2275 prodesset,

138 2297 241 2357 neque
264 2279 353 2338 electi
376 2280 411 2338 ad
434 2280 574 2338 virtutem
598 2299 614 2338 e
637 2287 717 2340 tanta
739 2279 933 2340 multitudine
955 2282 1014 2340 viri
1041 2281 1105 2340 vir-

102 2365 200 2424 otuti
215 2370 387 2422 nostrorum
410 2370 532 2441 possent
554 2363 729 2443 adaequare.
774 2364 897 2441 Capitur
912 2363 969 2425 hoc
985 2364 1104 2443 proelio
1145 2409 1149 2415 .

143 2448 369 2527 quinqueremis
395 2464 455 2506 una
483 2453 513 2506 et
540 2446 665 2508 biremis
687 2467 755 2508 cum
777 2447 989 2511 defensoribus
1010 2451 1104 2508 remi·

91 2588 94 2594 .
142 2529 307 2608 gibusque,
342 2539 372 2591 et
399 2530 609 2615 deprimuntur
642 2541 719 2600 tres,
752 2536 864 2593 nostris
898 2531 1105 2593 incolumibus

99 2626 121 2674 ’π
143 2613 292 2675 omnibus.
351 2614 494 2692 Reliquae
529 2617 727 2692 propinquam
764 2617 863 2694 lugam
893 2615 928 2677 ad
958 2615 1103 2694 oppidum

144 2700 281 2775 capiunt;
306 2715 379 2776 quas
400 2706 597 2775 protexerunt
619 2717 654 2758 ex
681 2699 812 2759 molibus
840 2707 928 2777 atque
956 2699 1105 2762 aediliciis
1138 2724 1141 2729 ·

142 2782 362 2843 inminentibus
384 2790 414 2842 et
436 2790 555 2844 nostros
577 2783 659 2844 adire
681 2785 806 2862 propius
828 2783 1058 2862 prohibuerunt.

105 2878 120 2927 t
204 2865 293 2926 XVll.
338 2867 461 2927 Hocrne
484 2866 544 2926 sibi
567 2870 685 2946 saepius
710 2868 846 2928 accidere
872 2875 987 2946 posset,
1018 2871 1103 2928 omni

142 2952 259 3010 ratione
282 2950 390 3011 Caesar
418 2951 658 3012 contendendum
686 2953 882 3019 existimavit,
911 2960 944 3011 ut
972 2953 1103 3013 insulam

141 3033 310 3111 molemque
334 3035 368 3093 ad
391 3035 520 3095 insulam
548 3039 748 3113 pertinentem
778 3039 810 3095 in
838 3054 921 3096 suam
949 3035 1105 3112 redigeret

99 3124 327 3195 eporestatem.
371 3117 517 3179 Persectis
540 3122 620 3180 enim
648 3138 753 3197 magna
782 3138 818 3180 ex
845 3126 929 3198 parte
956 3122 1102 3180 munitio·

141 3200 231 3260 nibus
254 3202 285 3260 in
308 3203 417 3279 oppido
440 3200 533 3264 etiam
556 3204 607 3263 illa
629 3205 661 3264 in
683 3202 789 3264 urbem
812 3222 872 3263 uno
885 3211 1029 3281 -tempore
1053 3206 1101 3264 in·

98 3286 217 3346 otrari
245 3302 332 3362 posse
360 3285 538 3346 confidebat.
595 3287 659 3358 Quo
689 3296 775 3365 capto
804 3287 931 3348 consilio
961 3287 1103 3349 cobortes

140 3378 165 3426 x
181 3375 211 3428 et
232 3367 306 3428 levis
328 3378 497 3431 armaturae
520 3371 649 3440 electos,
673 3389 807 3449 quosque
822 3371 947 3432 idoneos
962 3390 997 3432 ex
1014 3374 1102 3450 eqni-

137 3449 222 3512 tibus
245 3452 338 3513 Gallis
360 3452 577 3525 arbitrabatur,
609 3457 639 3515 in
669 3457 785 3533 navigia
814 3459 932 3517 minora
960 3456 1104 3534 scaphas·
