2356 3870
428 219 506 275 CAP.
522 220 644 276 1-1111.
975 215 1018 280 45

12 375 15 379 ’
52 369 247 449 Aponianam,
270 387 346 448 quae
369 367 455 430 abest
477 387 494 429 a
515 368 657 447 Lilybaeo
681 413 793 430 .......
816 377 1053 431 commoratusa

54 453 136 515 bona
158 470 326 531 paucorum
348 452 469 531 publice
491 453 603 523 vendit,
628 453 735 515 deinde
750 454 856 515 Alieno
871 456 1015 532 praetori,

54 539 109 617 qui
134 536 269 597 Siciliam
292 535 457 614 optinebat,
481 536 517 598 de
540 536 681 598 omnibus
703 537 794 598 rebus
817 540 1019 618 praecipitet

55 622 93 682 de
116 621 235 698 reliquo
257 622 392 681 exercitu
415 620 556 681 celeriter
584 621 765 701 inponendo.
819 622 902 683 Datis
934 639 1018 682 maa·
1037 628 1055 676 4

54 707 136 767 datis
158 707 222 784 ipsc
244 723 349 765 navem
373 703 548 765 conscendit
571 724 597 765 a.
620 706 648 765 d.
671 717 719 764 v1.
741 703 806 766 llal.
830 704 891 766 lan.
915 713 946 766 et
969 724 1018 767 re·

55 789 154 869 liquas
175 807 264 849 naves
287 790 386 849 statim
401 796 446 850 est
462 797 649 851 consecutus.
693 788 737 849 lta
758 795 847 849 rento
869 797 953 850 certo
969 807 1017 851 ce·
1038 797 1054 844 5
1141 802 1145 810 ·

55 873 174 951 lerique
196 874 317 950 navigio
338 882 443 933 vectus
464 880 532 951 post
555 873 633 933 diem
656 880 796 951 quartum
820 891 890 934 cum
919 874 1019 951 longis

55 960 163 1037 paucis
185 956 311 1018 navibus
334 958 365 1017 in
397 963 589 1034 conspectum
616 957 734 1018 Africae
762 957 860 1017 venit:
889 975 1019 1034 namque

57 1042 215 1102 onerariae
237 1041 372 1119 reliquae
394 1048 515 1119 praeter
536 1058 647 1118 paucas
663 1048 752 1102 vento
764 1041 917 1119 dispersae
929 1049 1019 1119 atque

57 1123 248 1186 errabundae
276 1123 392 1185 diversa
425 1124 491 1186 loca
526 1127 687 1203 petierunt.
746 1125 888 1203 Clupeam
925 1125 1057 1186 classed

54 1209 309 1290 praetervehitur,
333 1208 403 1270 dein
424 1207 594 1287 Neapolirn3
617 1208 771 1287 complura
791 1215 948 1288 praeterea
969 1227 1018 1269 ca·

58 1293 147 1354 stella
170 1299 199 1353 et
221 1293 331 1371 oppida
353 1310 413 1353 non
436 1292 523 1370 longe
546 1311 563 1352 a
584 1295 661 1353 mari
679 1293 816 1373 rebquit.

123 1375 175 1436 lll.
218 1376 380 1455 Postquam
394 1376 589 1437 adrumetum
605 1378 739 1445 accessit,
764 1377 817 1437 ubi
833 1377 1019 1457 praesidium
1041 1383 1056 1432 t

59 1467 127 1521 erat
153 1457 405 1528 adversariorum,
441 1461 491 1520 cui
518 1468 655 1538 praeerat
677 1459 709 1522 C.
732 1459 905 1531 Considius,
940 1469 969 1521 et
1002 1479 1019 1520 a

59 1545 181 1622 Clupeis
203 1543 369 1604 secundum
390 1561 472 1603 oram
488 1546 678 1604 maritumam
693 1561 762 1605 curn
774 1546 910 1624 equitatu
921 1545 1018 1606 Adru-

59 1636 172 1690 metum
195 1627 248 1689 Cn.
270 1628 358 1696 Piso,
387 1646 456 1687 curn
477 1626 649 1687 Maurorum
671 1629 795 1688 circiter
816 1627 916 1688 tribus
936 1629 1018 1689 mili·

60 1712 133 1781 hus,
157 1712 312 1790 apparuit,
335 1710 380 1771 ibi
401 1711 553 1789 paulisper
574 1710 682 1773 Caesar
703 1719 772 1772 ante
794 1718 915 1791 portum
938 1730 1019 1772 corn·

60 1801 204 1864 moratus,
228 1795 299 1856 dum
313 1795 446 1874 reliquae
462 1813 551 1856 naves
566 1795 771 1865 convenirent,
795 1797 918 1874 exponit
933 1813 1019 1855 exer·

60 1883 166 1949 eitum,
190 1882 276 1940 cuius
303 1897 447 1941 uumerus
469 1882 500 1939 in
528 1881 698 1959 praesentia
726 1881 785 1940 luit
811 1878 945 1959 peditum
978 1891 1020 1938 111

61 1963 157 2033 milia,
181 1965 297 2042 equites
319 1974 371 2033 cu,
396 1966 560 2042 castrisque
583 1970 651 2025 ante
674 1963 816 2043 oppidum
832 1965 938 2043 positis
954 1965 1021 2025 siue

62 2049 176 2108 iniuria
199 2049 374 2127 cuiusquam
397 2047 532 2108 consedit
554 2047 735 2126 cohibetque
748 2065 852 2110 omnes
867 2066 884 2108 a
898 2047 1018 2126 praeda.

61 2131 211 2211 Oppidani
233 2133 356 2192 interim
377 2149 480 2193 muros
501 2135 624 2193 armatis
639 2130 799 2210 complent,
823 2139 892 2192 ante
903 2139 1051 2211 portame

61 2217 237 2295 frequentes
259 2216 418 2276 considunt
439 2215 476 2276 ad
498 2234 531 2276 se
553 2215 787 2285 defendendum:
815 2234 942 2295 quorum
965 2234 1020 2276 nu·

62 2317 166 2360 merus
188 2299 315 2359 duarum
343 2298 496 2377 legionum
524 2302 618 2361 instar
646 2309 720 2361 erat.
771 2300 880 2362 Caesar
906 2302 1053 2361 circnma

63 2383 207 2463 oppidum
227 2389 330 2444 vectus
351 2391 458 2444 natura
479 2382 540 2445 loci
561 2391 718 2463 perspecta
739 2384 831 2445 rediit
852 2386 885 2446 in
914 2392 1020 2445 castra.

62 2467 219 2529 Nonnemo
242 2466 347 2545 culpae
369 2469 435 2529 eius
449 2467 718 2546 inprudentiaeque
734 2466 920 2545 adsignabat,
944 2466 1058 2546 quod4

62 2569 162 2632 neque
173 2556 288 2612 certum
300 2551 399 2612 locum
411 2550 666 2629 gubernatoribus
679 2551 910 2632 praefectisque,
933 2570 1023 2630 quem
1074 2550 1078 2557 '

62 2641 216 2715 peterent,
248 2643 445 2715 praeceperat
471 2653 584 2715 neque,
612 2644 646 2697 ut
674 2652 758 2697 more
780 2637 875 2714 ipsius
897 2653 1022 2697 consue·

63 2718 137 2779 tudo
165 2718 374 2798 superioribus
393 2718 585 2798 temporibus
620 2721 733 2789 luerat,
769 2719 895 2781 tabellas
924 2721 1023 2798 signa·

63 2813 110 2865 tas
131 2801 265 2873 dederat,
289 2806 377 2864 utin
399 2811 532 2883 tempore
554 2803 601 2863 bis
622 2803 764 2883 perlectis
785 2803 885 2865 locum
906 2809 1023 2885 certum

63 2893 204 2967 peterent
229 2888 370 2949 universi.
419 2887 504 2959 Quod
530 2889 655 2949 minime
677 2886 834 2948 Caesarem
855 2884 1021 2947 fefellerat:
1040 2893 1057 2943 o

65 2989 193 3050 namque
221 2972 337 3033 nullum
358 2979 479 3051 portum
501 2978 599 3034 terrae
621 2972 749 3040 blricae,
772 2988 830 3053 quo
846 2971 956 3032 classes
971 2969 1023 3032 de·

64 3062 239 3125 currerent,
268 3074 324 3135 pro
348 3063 430 3117 certo
451 3062 550 3117 tutum
572 3054 610 3115 ab
632 3056 763 3117 bostium
786 3055 937 3134 praesidio
958 3055 1025 3116 lore

65 3140 291 3218 suspicabatur,
316 3140 367 3201 sed
389 3142 515 3201 fortuito
531 3138 661 3201 oblatam
679 3142 868 3201 occasionem
884 3155 1026 3218 egressus

64 3223 282 3302 aucupabatur.

128 3307 194 3369 1111.
239 3308 272 3368 L.
294 3308 423 3370 Plancus
446 3311 568 3372 interim
596 3309 711 3388 legatus
739 3312 816 3388 petit
843 3328 859 3371 a
888 3288 1026 3383 Caesare,
1048 3328 1063 3376 1

65 3395 111 3454 uti
144 3391 204 3452 sibi
238 3391 324 3453 daret
355 3401 533 3472 postetatem
568 3412 636 3456 cum
669 3393 810 3455 Considio
842 3395 967 3474 agendi,
1000 3398 1031 3454 si

64 3484 168 3557 posset
199 3476 298 3556 aliqua
331 3480 447 3540 ratione
478 3479 608 3560 perduci
635 3478 675 3542 ad
703 3480 883 3543 sanitatem.
929 3478 1053 3548 tuaque
1067 3489 1095 3533 a.
