2356 3870
142 187 182 251 14
428 185 433 192 ’
460 189 508 246 ΒΕ
529 188 643 245 BELLO
667 187 775 246 01va

141 360 304 427 exercitus,
321 358 494 436 Pompeium
509 375 664 417 remanere
673 356 827 417 Brundisii
843 374 910 416 cum
925 355 1097 417 cohortibus

115 445 265 520 triginti;
280 459 377 522 neque
386 449 502 502 certum
514 443 642 501 inveniri
655 448 782 519 poterat,
794 439 989 501 obtinendine
1001 441 1097 502 Brun·

141 528 211 587 disii
233 544 321 587 causa
340 525 384 586 ibi
405 527 612 596 remansisset,
639 543 697 605 quo
719 525 838 585 facilius
863 542 950 585 omne
972 525 1097 587 Hadria·

141 613 233 671 ticum
248 628 329 671 mare
345 611 487 671 extremis
498 608 600 670 ltaliae
615 608 750 688 partibus
764 608 996 688 regionibusque
1009 609 1096 670 Grae·

141 697 205 755 ciac
220 697 252 754 in
272 701 416 774 potestate
438 693 564 754 baberet
579 700 666 771 atque
682 712 719 754 ex
739 699 864 773 utraque
885 700 969 772 parte
988 693 1097 754 bellum

141 778 349 840 administrare
375 786 488 858 posset,
519 795 557 839 an
584 779 686 856 inopia
711 779 829 838 navium
858 776 901 837 ibi
926 780 1096 848 restitisset,

115 865 330 940 eventusque,
353 881 392 924 ne
415 863 465 923 ille
480 862 595 922 ltaliam
611 861 815 922 dimittendam
830 879 889 922 non
904 863 1096 932 existimaret,

142 949 239 1007 exitus
253 948 583 1026 administrationesque
592 945 767 1006 Brundisini
781 953 885 1024 portus
900 946 1036 1025 inpedire
1051 949 1098 1006 iu·

114 1033 250 1092 nstituit.
291 1029 422 1102 Quorum
448 1049 572 1110 opermn
596 1030 670 1090 hacc
696 1035 761 1090 crat
785 1031 871 1092 ratio.
910 1027 973 1099 Qua
997 1031 1098 1092 lauces

141 1124 227 1176 erant
242 1117 468 1193 angustissimae
482 1121 596 1195 portus,
612 1113 802 1193 molesatque
815 1130 954 1191 aggerem
964 1114 1001 1176 ab
1017 1124 1097 1176 utra·

142 1217 198 1276 que
219 1206 304 1277 parte
323 1198 421 1259 litoris
441 1198 584 1266 iaciebat,
612 1198 689 1278 quod
712 1197 759 1258 his
779 1197 853 1259 locis
874 1205 940 1259 erat
959 1199 1099 1260 vadosum

114 1293 235 1343 omare.
264 1283 396 1361 Longius
409 1299 602 1362 progressus,
624 1300 691 1342 curn
713 1299 803 1360 agger
817 1281 922 1342 altiore
938 1301 1014 1362 aqua
1029 1301 1099 1343 con-

141 1369 233 1427 tineri
254 1385 313 1427 non
333 1373 451 1447 posset,
472 1373 553 1427 rates
573 1366 707 1445 duplices
728 1367 846 1445 quoque
866 1383 970 1428 versus
990 1367 1099 1446 pedum

116 1458 218 1510 ‘lxxx
232 1469 248 1510 c
263 1452 385 1528 regione
405 1450 493 1511 molis
512 1449 693 1511 conlocabat.
728 1449 789 1510 llas
810 1452 963 1530 quaternis
983 1453 1100 1511 ancoris

116 1535 379 1612 8ex1111angulis
396 1532 578 1604 destinabat,
600 1552 637 1595 ne
654 1533 795 1595 ssuctibus
817 1541 1016 1595 moverentur.
1047 1534 1100 1594 llis

142 1619 284 1697 perlectis
303 1619 514 1698 collocatisque
540 1617 612 1679 alias
638 1617 781 1696 deinceps
805 1620 871 1697 pari
897 1618 1099 1696 magnitudine

116 1709 224 1762 erates
243 1702 395 1781 iungebat.
436 1702 496 1763 Has
515 1709 597 1763 terra
623 1711 711 1782 atquc
734 1719 842 1779 aggere
868 1702 1035 1780 integebat,
1061 1721 1100 1763 ne

143 1786 241 1847 aditus
264 1794 352 1866 atque
372 1789 512 1848 incursus
538 1786 574 1846 ad
599 1785 818 1846 defendendum
843 1786 1058 1866 impediretur;
1084 1804 1101 1847 a

143 1870 241 1931 lronte
261 1877 350 1950 atque
370 1870 407 1932 ab
427 1878 554 1951 utroque
575 1869 668 1931 latere
689 1869 822 1932 cratibus
842 1887 877 1930 ac
902 1870 1011 1950 pluteis
1031 1888 1100 1950 pro·

104 1954 277 2032 totegebat;
292 1957 325 2015 in
339 1962 444 2034 quarta
459 1972 576 2034 quaque
591 1948 694 2015 earun‘r
714 1961 814 2014 turres
835 1952 974 2015 binorum
989 1953 1100 2015 tabula·

142 2047 243 2100 torum
258 2038 424 2108 excitabat,
446 2056 505 2120 quo
521 2038 706 2099 commodius
723 2037 759 2098 ab
780 2039 894 2117 impetu
914 2040 1034 2098 navium
1055 2040 1101 2097 in·

145 2122 319 2200 cendiisque
334 2122 519 2183 defenderet.

118 2214 131 2263 t
206 2204 310 2266 XXVI.
345 2204 453 2268 Contra
472 2207 547 2267 baec
566 2207 725 2285 Pompeius
746 2207 830 2267 navis
854 2224 976 2286 magnas
997 2225 1101 2267 onera·

143 2291 215 2359 rias,
231 2306 305 2369 quas
320 2291 351 2351 in
365 2299 454 2370 portu
468 2290 651 2352 brundisino
662 2290 911 2370 deprehenderat,
928 2290 1101 2352 adornabat.

143 2373 190 2435 lbi
215 2381 314 2434 turres
332 2393 400 2435 cum
420 2377 515 2437 ternis
539 2373 681 2436 tabulatis
707 2373 843 2453 erigebat
868 2392 977 2455 easque
1001 2375 1102 2435 multis

143 2460 300 2519 tormentis
319 2465 349 2518 et
374 2460 455 2519 omni
480 2475 592 2537 genere
618 2458 745 2519 telorum
766 2457 927 2537 completas
949 2458 986 2520 ad
1012 2477 1102 2539 opera

144 2540 278 2602 Caesaris
298 2542 481 2622 appellebat,
509 2550 542 2604 ut
566 2549 648 2604 rates
668 2550 878 2622 perrumperet
902 2550 990 2623 atque
1011 2560 1103 2622 opera

144 2625 337 2687 disturbaret.
373 2626 424 2687 Sic
439 2626 545 2687 cotidie
560 2628 714 2705 utrimque
730 2628 846 2689 eminus
860 2627 970 2696 lundis,
986 2628 1103 2704 sagittis

117 2710 330 2789 treliquisque
344 2710 413 2771 telis
426 2709 625 2790 pugnabatur.
657 2712 752 2791 Atque
772 2711 847 2772 haec
862 2711 969 2772 Cacsar
989 2712 1030 2771 ita
1052 2710 1103 2771 ad·

143 2793 345 2863 ministrabat,
366 2801 400 2855 ut
414 2795 603 2856 condiciones
620 2796 704 2874 pacis
718 2795 910 2856 dimittendas
926 2812 987 2854 non
1002 2795 1103 2854 existi·

142 2887 255 2949 maret;
271 2896 305 2939 ac
316 2881 435 2940 tametsi
446 2896 626 2958 magnopere
638 2878 851 2950 admirabatur,
863 2879 1002 2957 Magium,
1015 2897 1104 2959 quem

31 2986 36 2996 ·
130 2962 180 3032 ‚ad
196 2959 371 3041 Pompeium
386 2980 454 3024 curn
469 2963 617 3024 mandatis
631 2965 769 3033 miserat,
792 2962 830 3024 ad
849 2981 881 3024 se
902 2981 962 3024 non
978 2964 1103 3030 remitti,

144 3053 232 3124 atque
253 3064 288 3106 ea
307 3064 357 3107 res
377 3065 465 3127 saepe
486 3053 629 3127 temptata
650 3049 709 3108 etsi
729 3049 860 3126 impetus
880 3047 945 3108 eius
966 3045 1104 3106 consilia·

143 3147 201 3207 que
217 3128 362 3199 tardabat,
379 3137 479 3191 tamen
494 3130 634 3192 omnibus
647 3128 739 3192 rebus
754 3133 786 3192 in
801 3148 836 3190 eo
851 3129 1103 3210 perseverandum

117 3212 277 3291 sputabat.
306 3212 408 3293 ltaque
429 3215 586 3276 Caninium
601 3213 739 3276 Rebilum
759 3211 905 3292 legatum,
926 3213 1104 3274 familiarem

144 3297 405 3377 necessariumque
417 3297 557 3360 Scriboni
572 3298 706 3368 Libonis,
721 3299 815 3359 mittit
829 3299 867 3358 ad
882 3316 950 3358 cnm
965 3296 1104 3376 colloquii

144 3397 247 3450 causa3
268 3382 402 3452 mandat,
424 3389 459 3444 ut
478 3381 624 3443 Libonem
645 3382 682 3444 de
701 3381 886 3443 concilianda
906 3399 979 3461 pace
1005 3381 1105 3441 horte·

136 3464 209 3535 tur:
225 3466 373 3544 inprimis,
389 3472 423 3527 ut
437 3468 502 3548 ipse
518 3485 585 3528 cum
600 3467 741 3547 Pompeio
755 3465 987 3547 colloqueretur,
1003 3473 1105 3546 postu·
