<?xml version="1.0" encoding="UTF-8"?>
<!DOCTYPE html PUBLIC "-//W3C//DTD XHTML 1.0 Transitional//EN"
    "http://www.w3.org/TR/xhtml1/DTD/xhtml1-transitional.dtd">
<html xmlns="http://www.w3.org/1999/xhtml" xml:lang="en" lang="en">
 <head>
  <title>
</title>
<meta http-equiv="Content-Type" content="text/html;charset=utf-8" />
  <meta name='ocr-system' content='tesseract 3.04.00' />
  <meta name='ocr-capabilities' content='ocr_page ocr_carea ocr_par ocr_line ocrx_word'/>
</head>
<body>
  <div class='ocr_page' id='page_1' title='image "./commentariicuma00caesgoog_0155.png"; bbox 0 0 2356 3870; ppageno 0'>
   <div class='ocr_carea' id='block_1_1' title="bbox 143 211 779 281">
    <p class='ocr_par' dir='ltr' id='par_1_1' title="bbox 143 211 779 281">
     <span class='ocr_line' id='line_1_1' title="bbox 143 211 779 281; baseline -0.022 0"><span class='ocrx_word' id='word_1_1' title='bbox 143 219 204 281; x_wconf 82' lang='lat' dir='ltr'><strong>lto</strong></span> <span class='ocrx_word' id='word_1_2' title='bbox 465 214 505 272; x_wconf 81' lang='lat' dir='ltr'><strong>DE</strong></span> <span class='ocrx_word' id='word_1_3' title='bbox 520 212 624 271; x_wconf 77' lang='lat' dir='ltr'><strong>tutto</strong></span> <span class='ocrx_word' id='word_1_4' title='bbox 640 211 779 269; x_wconf 72' lang='lat' dir='ltr'><strong>donnico</strong></span> 
     </span>
    </p>
   </div>
   <div class='ocr_carea' id='block_1_2' title="bbox 108 376 1142 3379">
    <p class='ocr_par' dir='ltr' id='par_1_2' title="bbox 108 376 1142 3379">
     <span class='ocr_line' id='line_1_2' title="bbox 125 376 1104 456; baseline -0.005 -15"><span class='ocrx_word' id='word_1_5' title='bbox 125 377 323 448; x_wconf 71' lang='lat' dir='ltr'><strong>&#39;stimabatun</strong></span> <span class='ocrx_word' id='word_1_6' title='bbox 341 378 420 455; x_wconf 94' lang='lat' dir='ltr'><strong>quod</strong></span> <span class='ocrx_word' id='word_1_7' title='bbox 431 378 591 454; x_wconf 88' lang='lat' dir='ltr'><strong>reintegra</strong></span> <span class='ocrx_word' id='word_1_8' title='bbox 602 378 698 456; x_wconf 91' lang='lat' dir='ltr'><strong>primo</strong></span> <span class='ocrx_word' id='word_1_9' title='bbox 709 376 927 437; x_wconf 88' lang='lat' dir='ltr'><strong>incendendum</strong></span> <span class='ocrx_word' id='word_1_10' title='bbox 938 376 1104 448; x_wconf 80' lang='lat' dir='ltr'><strong>Avaricum,</strong></span> 
     </span>
     <span class='ocr_line' id='line_1_3' title="bbox 108 459 1105 542; baseline 0.001 -22"><span class='ocrx_word' id='word_1_11' title='bbox 108 469 123 520; x_wconf 82' lang='grc'>3</span> <span class='ocrx_word' id='word_1_12' title='bbox 137 470 207 542; x_wconf 93' lang='lat' dir='ltr'><strong>post</strong></span> <span class='ocrx_word' id='word_1_13' title='bbox 221 462 420 524; x_wconf 87' lang='lat' dir='ltr'><strong>deserendum</strong></span> <span class='ocrx_word' id='word_1_14' title='bbox 435 467 601 522; x_wconf 88' lang='lat' dir='ltr'><strong>censuerat.</strong></span> <span class='ocrx_word' id='word_1_15' title='bbox 639 459 792 537; x_wconf 88' lang='lat' dir='ltr'><strong>ltaqueut</strong></span> <span class='ocrx_word' id='word_1_16' title='bbox 809 459 995 537; x_wconf 84' lang='lat' dir='ltr'><strong>reliquorum</strong></span> <span class='ocrx_word' id='word_1_17' title='bbox 1009 461 1105 540; x_wconf 91' lang='lat' dir='ltr'><strong>impe·</strong></span> 
     </span>
     <span class='ocr_line' id='line_1_4' title="bbox 140 543 1105 612; baseline -0.003 -4"><span class='ocrx_word' id='word_1_18' title='bbox 140 554 276 609; x_wconf 90' lang='lat' dir='ltr'><strong>ratorum</strong></span> <span class='ocrx_word' id='word_1_19' title='bbox 290 564 341 607; x_wconf 88' lang='lat' dir='ltr'><strong>res</strong></span> <span class='ocrx_word' id='word_1_20' title='bbox 356 546 497 607; x_wconf 80' lang='lat' dir='ltr'><strong>adversae</strong></span> <span class='ocrx_word' id='word_1_21' title='bbox 512 546 718 605; x_wconf 88' lang='lat' dir='ltr'><strong>auctoritatem</strong></span> <span class='ocrx_word' id='word_1_22' title='bbox 733 545 884 612; x_wconf 91' lang='lat' dir='ltr'><strong>minuunt,</strong></span> <span class='ocrx_word' id='word_1_23' title='bbox 906 546 949 604; x_wconf 91' lang='lat' dir='ltr'><strong>sic</strong></span> <span class='ocrx_word' id='word_1_24' title='bbox 964 543 1052 605; x_wconf 91' lang='lat' dir='ltr'><strong>huius</strong></span> <span class='ocrx_word' id='word_1_25' title='bbox 1069 563 1105 605; x_wconf 83' lang='lat' dir='ltr'><strong>ex</strong></span> 
     </span>
     <span class='ocr_line' id='line_1_5' title="bbox 140 626 1103 706; baseline 0 -16"><span class='ocrx_word' id='word_1_26' title='bbox 140 633 290 691; x_wconf 90' lang='lat' dir='ltr'><strong>contrario</strong></span> <span class='ocrx_word' id='word_1_27' title='bbox 311 629 436 706; x_wconf 75' lang='lat' dir='ltr'>dignitas</span> <span class='ocrx_word' id='word_1_28' title='bbox 456 628 642 689; x_wconf 90' lang='lat' dir='ltr'><strong>incommodo</strong></span> <span class='ocrx_word' id='word_1_29' title='bbox 663 635 785 706; x_wconf 87' lang='lat' dir='ltr'><strong>accepto</strong></span> <span class='ocrx_word' id='word_1_30' title='bbox 799 629 831 688; x_wconf 92' lang='lat' dir='ltr'><strong>in</strong></span> <span class='ocrx_word' id='word_1_31' title='bbox 852 627 915 689; x_wconf 88' lang='lat' dir='ltr'><strong>dies</strong></span> <span class='ocrx_word' id='word_1_32' title='bbox 930 626 1103 706; x_wconf 83' lang='lat' dir='ltr'><strong>ungebatur.</strong></span> 
     </span>
     <span class='ocr_line' id='line_1_6' title="bbox 109 711 1104 792; baseline 0.001 -20"><span class='ocrx_word' id='word_1_33' title='bbox 109 723 125 772; x_wconf 84' lang='grc'><strong>4</strong></span> <span class='ocrx_word' id='word_1_34' title='bbox 140 714 234 775; x_wconf 91' lang='lat' dir='ltr'><strong>Simul</strong></span> <span class='ocrx_word' id='word_1_35' title='bbox 248 717 279 775; x_wconf 93' lang='lat' dir='ltr'><strong>in</strong></span> <span class='ocrx_word' id='word_1_36' title='bbox 294 731 378 792; x_wconf 91' lang='lat' dir='ltr'><strong>spem</strong></span> <span class='ocrx_word' id='word_1_37' title='bbox 394 712 550 773; x_wconf 81' lang='lat' dir='ltr'><strong>veniebant</strong></span> <span class='ocrx_word' id='word_1_38' title='bbox 565 713 628 773; x_wconf 89' lang='lat' dir='ltr'><strong>cius</strong></span> <span class='ocrx_word' id='word_1_39' title='bbox 643 711 846 772; x_wconf 87' lang='lat' dir='ltr'><strong>adfirmatione</strong></span> <span class='ocrx_word' id='word_1_40' title='bbox 861 712 898 772; x_wconf 90' lang='lat' dir='ltr'><strong>de</strong></span> <span class='ocrx_word' id='word_1_41' title='bbox 912 711 1037 789; x_wconf 87' lang='lat' dir='ltr'><strong>reliquis</strong></span> <span class='ocrx_word' id='word_1_42' title='bbox 1052 713 1104 773; x_wconf 92' lang='lat' dir='ltr'><strong>ad·</strong></span> 
     </span>
     <span class='ocr_line' id='line_1_7' title="bbox 139 795 1102 876; baseline -0.002 -18"><span class='ocrx_word' id='word_1_43' title='bbox 139 798 297 876; x_wconf 89' lang='lat' dir='ltr'><strong>iungendis</strong></span> <span class='ocrx_word' id='word_1_44' title='bbox 313 796 494 866; x_wconf 82' lang='lat' dir='ltr'><strong>civitatibus;</strong></span> <span class='ocrx_word' id='word_1_45' title='bbox 510 798 701 875; x_wconf 89' lang='lat' dir='ltr'><strong>primumque</strong></span> <span class='ocrx_word' id='word_1_46' title='bbox 717 813 752 855; x_wconf 91' lang='lat' dir='ltr'><strong>eo</strong></span> <span class='ocrx_word' id='word_1_47' title='bbox 767 802 903 875; x_wconf 90' lang='lat' dir='ltr'><strong>tempore</strong></span> <span class='ocrx_word' id='word_1_48' title='bbox 919 795 994 856; x_wconf 88' lang='lat' dir='ltr'><strong>Galli</strong></span> <span class='ocrx_word' id='word_1_49' title='bbox 1008 804 1102 862; x_wconf 85' lang='lat' dir='ltr'><strong>castra</strong></span> 
     </span>
     <span class='ocr_line' id='line_1_8' title="bbox 139 879 1102 949; baseline -0.002 -7"><span class='ocrx_word' id='word_1_50' title='bbox 139 884 257 942; x_wconf 88' lang='lat' dir='ltr'><strong>munire</strong></span> <span class='ocrx_word' id='word_1_51' title='bbox 271 883 482 949; x_wconf 92' lang='lat' dir='ltr'><strong>instituerunt,</strong></span> <span class='ocrx_word' id='word_1_52' title='bbox 507 887 536 940; x_wconf 93' lang='lat' dir='ltr'><strong>ct</strong></span> <span class='ocrx_word' id='word_1_53' title='bbox 556 881 599 940; x_wconf 90' lang='lat' dir='ltr'><strong>sic</strong></span> <span class='ocrx_word' id='word_1_54' title='bbox 613 887 684 940; x_wconf 92' lang='lat' dir='ltr'><strong>sunt</strong></span> <span class='ocrx_word' id='word_1_55' title='bbox 698 881 797 940; x_wconf 86' lang='lat' dir='ltr'><strong>animo</strong></span> <span class='ocrx_word' id='word_1_56' title='bbox 813 881 995 940; x_wconf 88' lang='lat' dir='ltr'><strong>consternati</strong></span> <span class='ocrx_word' id='word_1_57' title='bbox 1009 879 1102 940; x_wconf 82' lang='lat' dir='ltr'><strong>homi·</strong></span> 
     </span>
     <span class='ocr_line' id='line_1_9' title="bbox 138 963 1103 1042; baseline -0.001 -17"><span class='ocrx_word' id='word_1_58' title='bbox 138 983 194 1025; x_wconf 88' lang='lat' dir='ltr'><strong>nes</strong></span> <span class='ocrx_word' id='word_1_59' title='bbox 207 967 315 1026; x_wconf 92' lang='lat' dir='ltr'><strong>insueti</strong></span> <span class='ocrx_word' id='word_1_60' title='bbox 330 963 450 1034; x_wconf 87' lang='lat' dir='ltr'><strong>laboris,</strong></span> <span class='ocrx_word' id='word_1_61' title='bbox 466 971 500 1024; x_wconf 93' lang='lat' dir='ltr'><strong>nt</strong></span> <span class='ocrx_word' id='word_1_62' title='bbox 514 964 622 1033; x_wconf 91' lang='lat' dir='ltr'><strong>omnia,</strong></span> <span class='ocrx_word' id='word_1_63' title='bbox 640 978 715 1039; x_wconf 91' lang='lat' dir='ltr'><strong>quae</strong></span> <span class='ocrx_word' id='word_1_64' title='bbox 729 965 963 1042; x_wconf 87' lang='lat' dir='ltr'><strong>imperarentur,</strong></span> <span class='ocrx_word' id='word_1_65' title='bbox 980 963 1037 1024; x_wconf 91' lang='lat' dir='ltr'><strong>sibi</strong></span> <span class='ocrx_word' id='word_1_66' title='bbox 1050 981 1103 1042; x_wconf 89' lang='lat' dir='ltr'><strong>pa·</strong></span> 
     </span>
     <span class='ocr_line' id='line_1_10' title="bbox 139 1049 468 1109; baseline 0 -2"><span class='ocrx_word' id='word_1_67' title='bbox 139 1049 239 1109; x_wconf 89' lang='lat' dir='ltr'><strong>tienda</strong></span> <span class='ocrx_word' id='word_1_68' title='bbox 255 1051 468 1109; x_wconf 74' lang='lat' dir='ltr'><strong>existimarent.</strong></span> 
     </span>
     <span class='ocr_line' id='line_1_11' title="bbox 109 1129 1104 1209; baseline 0.004 -22"><span class='ocrx_word' id='word_1_69' title='bbox 109 1137 122 1187; x_wconf 91' lang='lat'>1</span> <span class='ocrx_word' id='word_1_70' title='bbox 202 1132 305 1193; x_wconf 95' lang='lat' dir='ltr'><strong>XXXl.</strong></span> <span class='ocrx_word' id='word_1_71' title='bbox 336 1131 398 1192; x_wconf 90' lang='lat' dir='ltr'><strong>Nec</strong></span> <span class='ocrx_word' id='word_1_72' title='bbox 411 1132 521 1200; x_wconf 89' lang='lat' dir='ltr'><strong>minus,</strong></span> <span class='ocrx_word' id='word_1_73' title='bbox 538 1147 626 1206; x_wconf 90' lang='lat' dir='ltr'><strong>quam</strong></span> <span class='ocrx_word' id='word_1_74' title='bbox 642 1137 686 1190; x_wconf 87' lang='lat' dir='ltr'><strong>est</strong></span> <span class='ocrx_word' id='word_1_75' title='bbox 700 1129 859 1209; x_wconf 90' lang='lat' dir='ltr'><strong>pollicitus,</strong></span> <span class='ocrx_word' id='word_1_76' title='bbox 881 1132 1104 1209; x_wconf 80' lang='lat' dir='ltr'><strong>Vercingetorix</strong></span> 
     </span>
     <span class='ocr_line' id='line_1_12' title="bbox 141 1214 1105 1293; baseline 0.001 -18"><span class='ocrx_word' id='word_1_77' title='bbox 141 1217 238 1275; x_wconf 87' lang='lat' dir='ltr'><strong>animo</strong></span> <span class='ocrx_word' id='word_1_78' title='bbox 258 1214 427 1284; x_wconf 80' lang='lat' dir='ltr'><strong>laborabat,</strong></span> <span class='ocrx_word' id='word_1_79' title='bbox 449 1221 482 1275; x_wconf 94' lang='lat' dir='ltr'><strong>ut</strong></span> <span class='ocrx_word' id='word_1_80' title='bbox 502 1214 630 1291; x_wconf 88' lang='lat' dir='ltr'><strong>reliquas</strong></span> <span class='ocrx_word' id='word_1_81' title='bbox 651 1215 783 1275; x_wconf 83' lang='lat' dir='ltr'><strong>civitates</strong></span> <span class='ocrx_word' id='word_1_82' title='bbox 803 1215 991 1293; x_wconf 83' lang='lat' dir='ltr'><strong>adiungeret,</strong></span> <span class='ocrx_word' id='word_1_83' title='bbox 1015 1223 1105 1291; x_wconf 87' lang='lat' dir='ltr'><strong>atque</strong></span> 
     </span>
     <span class='ocr_line' id='line_1_13' title="bbox 108 1297 1104 1377; baseline 0.004 -23"><span class='ocrx_word' id='word_1_84' title='bbox 108 1305 124 1354; x_wconf 85' lang='lat'>2</span> <span class='ocrx_word' id='word_1_85' title='bbox 140 1317 189 1359; x_wconf 90' lang='lat' dir='ltr'><strong>eas</strong></span> <span class='ocrx_word' id='word_1_86' title='bbox 204 1299 289 1360; x_wconf 91' lang='lat' dir='ltr'><strong>donis</strong></span> <span class='ocrx_word' id='word_1_87' title='bbox 304 1297 625 1377; x_wconf 77' lang='lat' dir='ltr'><strong>pollicitationibusque</strong></span> <span class='ocrx_word' id='word_1_88' title='bbox 640 1297 795 1360; x_wconf 81' lang='lat' dir='ltr'><strong>alliciebat.</strong></span> <span class='ocrx_word' id='word_1_89' title='bbox 825 1298 902 1359; x_wconf 89' lang='lat' dir='ltr'><strong>Huic</strong></span> <span class='ocrx_word' id='word_1_90' title='bbox 921 1300 967 1359; x_wconf 89' lang='lat' dir='ltr'><strong>rei</strong></span> <span class='ocrx_word' id='word_1_91' title='bbox 981 1298 1104 1359; x_wconf 89' lang='lat' dir='ltr'><strong>idoneos</strong></span> 
     </span>
     <span class='ocr_line' id='line_1_14' title="bbox 139 1380 1102 1459; baseline 0.001 -18"><span class='ocrx_word' id='word_1_92' title='bbox 139 1381 275 1443; x_wconf 88' lang='lat' dir='ltr'><strong>homines</strong></span> <span class='ocrx_word' id='word_1_93' title='bbox 289 1380 446 1459; x_wconf 84' lang='lat' dir='ltr'><strong>deligebat,</strong></span> <span class='ocrx_word' id='word_1_94' title='bbox 463 1397 590 1458; x_wconf 89' lang='lat' dir='ltr'><strong>quorum</strong></span> <span class='ocrx_word' id='word_1_95' title='bbox 611 1383 736 1458; x_wconf 87' lang='lat' dir='ltr'><strong>quisque</strong></span> <span class='ocrx_word' id='word_1_96' title='bbox 751 1390 801 1443; x_wconf 89' lang='lat' dir='ltr'><strong>aut</strong></span> <span class='ocrx_word' id='word_1_97' title='bbox 821 1384 956 1442; x_wconf 84' lang='lat' dir='ltr'><strong>oratione</strong></span> <span class='ocrx_word' id='word_1_98' title='bbox 977 1381 1102 1443; x_wconf 87' lang='lat' dir='ltr'><strong>subdola</strong></span> 
     </span>
     <span class='ocr_line' id='line_1_15' title="bbox 108 1464 1101 1545; baseline 0.004 -23"><span class='ocrx_word' id='word_1_99' title='bbox 108 1471 124 1522; x_wconf 82' lang='grc'><strong>3</strong></span> <span class='ocrx_word' id='word_1_100' title='bbox 139 1473 190 1526; x_wconf 89' lang='lat' dir='ltr'><strong>aut</strong></span> <span class='ocrx_word' id='word_1_101' title='bbox 202 1467 327 1526; x_wconf 89' lang='lat' dir='ltr'><strong>amicitia</strong></span> <span class='ocrx_word' id='word_1_102' title='bbox 336 1464 587 1544; x_wconf 80' lang='lat' dir='ltr'><strong>facillimecapere</strong></span> <span class='ocrx_word' id='word_1_103' title='bbox 597 1473 707 1544; x_wconf 88' lang='lat' dir='ltr'><strong>posset.</strong></span> <span class='ocrx_word' id='word_1_104' title='bbox 731 1466 788 1535; x_wconf 81' lang='lat' dir='ltr'><strong>Qui</strong></span> <span class='ocrx_word' id='word_1_105' title='bbox 798 1467 922 1527; x_wconf 83' lang='lat' dir='ltr'><strong>Avarico</strong></span> <span class='ocrx_word' id='word_1_106' title='bbox 933 1474 1101 1545; x_wconf 84' lang='lat' dir='ltr'><strong>expugnato</strong></span> 
     </span>
     <span class='ocr_line' id='line_1_16' title="bbox 108 1546 1100 1627; baseline 0 -17"><span class='ocrx_word' id='word_1_107' title='bbox 108 1559 125 1610; x_wconf 81' lang='grc'><strong>4</strong></span> <span class='ocrx_word' id='word_1_108' title='bbox 139 1551 326 1627; x_wconf 84' lang='lat' dir='ltr'><strong>refugerant,</strong></span> <span class='ocrx_word' id='word_1_109' title='bbox 347 1548 504 1610; x_wconf 86' lang='lat' dir='ltr'><strong>armandos</strong></span> <span class='ocrx_word' id='word_1_110' title='bbox 524 1546 752 1626; x_wconf 81' lang='lat' dir='ltr'><strong>vestiendosque</strong></span> <span class='ocrx_word' id='word_1_111' title='bbox 768 1557 865 1618; x_wconf 87' lang='lat' dir='ltr'><strong>curat;</strong></span> <span class='ocrx_word' id='word_1_112' title='bbox 888 1550 984 1620; x_wconf 88' lang='lat' dir='ltr'><strong>simul,</strong></span> <span class='ocrx_word' id='word_1_113' title='bbox 1001 1557 1034 1610; x_wconf 89' lang='lat' dir='ltr'><strong>ut</strong></span> <span class='ocrx_word' id='word_1_114' title='bbox 1048 1550 1100 1610; x_wconf 88' lang='lat' dir='ltr'><strong>de·</strong></span> 
     </span>
     <span class='ocr_line' id='line_1_17' title="bbox 137 1632 1100 1713; baseline 0 -19"><span class='ocrx_word' id='word_1_115' title='bbox 137 1636 268 1695; x_wconf 81' lang='lat' dir='ltr'><strong>micutae</strong></span> <span class='ocrx_word' id='word_1_116' title='bbox 275 1634 376 1711; x_wconf 88' lang='lat' dir='ltr'><strong>copiae</strong></span> <span class='ocrx_word' id='word_1_117' title='bbox 391 1632 674 1711; x_wconf 78' lang='lat' dir='ltr'><strong>redintegrarentur,</strong></span> <span class='ocrx_word' id='word_1_118' title='bbox 689 1635 1100 1713; x_wconf 88' lang='lat' dir='ltr'><strong>imperatcertumnumerum</strong></span> 
     </span>
     <span class='ocr_line' id='line_1_18' title="bbox 139 1716 1103 1797; baseline 0.002 -21"><span class='ocrx_word' id='word_1_119' title='bbox 139 1716 449 1786; x_wconf 81' lang='lat' dir='ltr'><strong>militumcivitatibns,</strong></span> <span class='ocrx_word' id='word_1_120' title='bbox 463 1733 553 1788; x_wconf 89' lang='lat' dir='ltr'><strong>quem</strong></span> <span class='ocrx_word' id='word_1_121' title='bbox 559 1723 589 1777; x_wconf 93' lang='lat' dir='ltr'><strong>et</strong></span> <span class='ocrx_word' id='word_1_122' title='bbox 596 1733 684 1794; x_wconf 87' lang='lat' dir='ltr'><strong>quam</strong></span> <span class='ocrx_word' id='word_1_123' title='bbox 690 1725 759 1778; x_wconf 90' lang='lat' dir='ltr'><strong>ante</strong></span> <span class='ocrx_word' id='word_1_124' title='bbox 770 1718 849 1797; x_wconf 88' lang='lat' dir='ltr'><strong>diem</strong></span> <span class='ocrx_word' id='word_1_125' title='bbox 854 1720 887 1778; x_wconf 89' lang='lat' dir='ltr'><strong>in</strong></span> <span class='ocrx_word' id='word_1_126' title='bbox 893 1725 988 1779; x_wconf 91' lang='lat' dir='ltr'><strong>castra</strong></span> <span class='ocrx_word' id='word_1_127' title='bbox 995 1717 1103 1778; x_wconf 91' lang='lat' dir='ltr'><strong>adduci</strong></span> 
     </span>
     <span class='ocr_line' id='line_1_19' title="bbox 140 1800 1102 1880; baseline 0.005 -24"><span class='ocrx_word' id='word_1_128' title='bbox 140 1800 217 1870; x_wconf 88' lang='lat' dir='ltr'><strong>velit,</strong></span> <span class='ocrx_word' id='word_1_129' title='bbox 233 1802 460 1879; x_wconf 89' lang='lat' dir='ltr'><strong>sagittariosque</strong></span> <span class='ocrx_word' id='word_1_130' title='bbox 467 1818 579 1870; x_wconf 90' lang='lat' dir='ltr'><strong>ornnes,</strong></span> <span class='ocrx_word' id='word_1_131' title='bbox 596 1817 723 1877; x_wconf 91' lang='lat' dir='ltr'><strong>quorum</strong></span> <span class='ocrx_word' id='word_1_132' title='bbox 732 1807 795 1862; x_wconf 86' lang='lat' dir='ltr'><strong>erat</strong></span> <span class='ocrx_word' id='word_1_133' title='bbox 800 1818 981 1880; x_wconf 87' lang='lat' dir='ltr'><strong>permagnus</strong></span> <span class='ocrx_word' id='word_1_134' title='bbox 997 1818 1102 1862; x_wconf 91' lang='lat' dir='ltr'><strong>nume·</strong></span> 
     </span>
     <span class='ocr_line' id='line_1_20' title="bbox 139 1884 1101 1962; baseline 0.002 -19"><span class='ocrx_word' id='word_1_135' title='bbox 139 1899 191 1945; x_wconf 91' lang='lat' dir='ltr'><strong>rus</strong></span> <span class='ocrx_word' id='word_1_136' title='bbox 205 1887 235 1945; x_wconf 94' lang='lat' dir='ltr'><strong>in</strong></span> <span class='ocrx_word' id='word_1_137' title='bbox 244 1884 344 1954; x_wconf 88' lang='lat' dir='ltr'><strong>Gallia,</strong></span> <span class='ocrx_word' id='word_1_138' title='bbox 360 1886 495 1962; x_wconf 85' lang='lat' dir='ltr'><strong>conquiri</strong></span> <span class='ocrx_word' id='word_1_139' title='bbox 504 1892 534 1944; x_wconf 91' lang='lat' dir='ltr'><strong>et</strong></span> <span class='ocrx_word' id='word_1_140' title='bbox 547 1884 623 1944; x_wconf 90' lang='lat' dir='ltr'><strong>adse</strong></span> <span class='ocrx_word' id='word_1_141' title='bbox 638 1887 715 1945; x_wconf 90' lang='lat' dir='ltr'><strong>mitti</strong></span> <span class='ocrx_word' id='word_1_142' title='bbox 728 1884 819 1945; x_wconf 90' lang='lat' dir='ltr'><strong>iubet.</strong></span> <span class='ocrx_word' id='word_1_143' title='bbox 835 1885 888 1946; x_wconf 91' lang='lat' dir='ltr'><strong>llis</strong></span> <span class='ocrx_word' id='word_1_144' title='bbox 894 1884 985 1946; x_wconf 90' lang='lat' dir='ltr'><strong>rebus</strong></span> <span class='ocrx_word' id='word_1_145' title='bbox 997 1884 1101 1945; x_wconf 90' lang='lat' dir='ltr'><strong>celeri·</strong></span> 
     </span>
     <span class='ocr_line' id='line_1_21' title="bbox 108 1968 1102 2048; baseline 0.001 -21"><span class='ocrx_word' id='word_1_146' title='bbox 108 1972 123 2020; x_wconf 81' lang='lat'><strong>5</strong></span> <span class='ocrx_word' id='word_1_147' title='bbox 138 1974 184 2028; x_wconf 91' lang='lat' dir='ltr'><strong>ter</strong></span> <span class='ocrx_word' id='word_1_148' title='bbox 191 1969 230 2038; x_wconf 85' lang='lat' dir='ltr'><strong>id,</strong></span> <span class='ocrx_word' id='word_1_149' title='bbox 250 1968 633 2046; x_wconf 81' lang='lat' dir='ltr'><strong>quoddvaricideperierat,</strong></span> <span class='ocrx_word' id='word_1_150' title='bbox 647 1968 792 2048; x_wconf 85' lang='lat' dir='ltr'><strong>expletur.</strong></span> <span class='ocrx_word' id='word_1_151' title='bbox 815 1969 1102 2030; x_wconf 85' lang='lat' dir='ltr'><strong>InterimTeutoma·</strong></span> 
     </span>
     <span class='ocr_line' id='line_1_22' title="bbox 139 2051 1134 2131; baseline 0.001 -21"><span class='ocrx_word' id='word_1_152' title='bbox 139 2059 197 2121; x_wconf 86' lang='lat' dir='ltr'><strong>tus,</strong></span> <span class='ocrx_word' id='word_1_153' title='bbox 206 2051 476 2119; x_wconf 82' lang='lat' dir='ltr'><strong>Olloviconissrlius,</strong></span> <span class='ocrx_word' id='word_1_154' title='bbox 488 2052 763 2130; x_wconf 84' lang='lat' dir='ltr'><strong>reletiobrogum,</strong></span> <span class='ocrx_word' id='word_1_155' title='bbox 771 2052 989 2131; x_wconf 85' lang='lat' dir='ltr'><strong>cuiuspatcrab</strong></span> <span class='ocrx_word' id='word_1_156' title='bbox 997 2060 1103 2112; x_wconf 87' lang='lat' dir='ltr'><strong>senatu</strong></span> <span class='ocrx_word' id='word_1_157' title='bbox 1128 2121 1134 2125; x_wconf 39' lang='grc'><strong>,</strong></span> 
     </span>
     <span class='ocr_line' id='line_1_23' title="bbox 139 2133 1102 2213; baseline 0.002 -19"><span class='ocrx_word' id='word_1_158' title='bbox 139 2144 242 2195; x_wconf 90' lang='lat' dir='ltr'><strong>nostro</strong></span> <span class='ocrx_word' id='word_1_159' title='bbox 255 2136 366 2194; x_wconf 87' lang='lat' dir='ltr'><strong>amicus</strong></span> <span class='ocrx_word' id='word_1_160' title='bbox 378 2133 624 2213; x_wconf 89' lang='lat' dir='ltr'><strong>eratappellatus,</strong></span> <span class='ocrx_word' id='word_1_161' title='bbox 638 2153 818 2213; x_wconf 80' lang='lat' dir='ltr'><strong>cummagno</strong></span> <span class='ocrx_word' id='word_1_162' title='bbox 831 2138 964 2212; x_wconf 88' lang='lat' dir='ltr'><strong>equitum</strong></span> <span class='ocrx_word' id='word_1_163' title='bbox 979 2155 1102 2197; x_wconf 91' lang='lat' dir='ltr'><strong>suorum</strong></span> 
     </span>
     <span class='ocr_line' id='line_1_24' title="bbox 141 2219 1101 2298; baseline 0.001 -20"><span class='ocrx_word' id='word_1_164' title='bbox 141 2237 266 2279; x_wconf 87' lang='lat' dir='ltr'><strong>numero</strong></span> <span class='ocrx_word' id='word_1_165' title='bbox 278 2225 307 2277; x_wconf 92' lang='lat' dir='ltr'><strong>et</strong></span> <span class='ocrx_word' id='word_1_166' title='bbox 320 2234 394 2293; x_wconf 91' lang='lat' dir='ltr'><strong>quos</strong></span> <span class='ocrx_word' id='word_1_167' title='bbox 412 2236 448 2277; x_wconf 85' lang='lat' dir='ltr'><strong>er</strong></span> <span class='ocrx_word' id='word_1_168' title='bbox 457 2219 612 2294; x_wconf 80' lang='lat' dir='ltr'><strong>Aquitania</strong></span> <span class='ocrx_word' id='word_1_169' title='bbox 625 2220 808 2282; x_wconf 86' lang='lat' dir='ltr'><strong>conduxerat</strong></span> <span class='ocrx_word' id='word_1_170' title='bbox 819 2219 857 2280; x_wconf 90' lang='lat' dir='ltr'><strong>ad</strong></span> <span class='ocrx_word' id='word_1_171' title='bbox 869 2238 937 2280; x_wconf 91' lang='lat' dir='ltr'><strong>eum</strong></span> <span class='ocrx_word' id='word_1_172' title='bbox 956 2223 1101 2298; x_wconf 81' lang='lat' dir='ltr'><strong>pervenit.</strong></span> 
     </span>
     <span class='ocr_line' id='line_1_25' title="bbox 112 2301 1142 2382; baseline 0.001 -20"><span class='ocrx_word' id='word_1_173' title='bbox 112 2305 122 2354; x_wconf 87' lang='lat' dir='ltr'><strong>l</strong></span> <span class='ocrx_word' id='word_1_174' title='bbox 203 2301 319 2362; x_wconf 90' lang='lat' dir='ltr'><strong>XXXll.</strong></span> <span class='ocrx_word' id='word_1_175' title='bbox 357 2301 464 2362; x_wconf 82' lang='lat' dir='ltr'><strong>Caesar</strong></span> <span class='ocrx_word' id='word_1_176' title='bbox 483 2304 597 2362; x_wconf 80' lang='lat' dir='ltr'><strong>Avarici</strong></span> <span class='ocrx_word' id='word_1_177' title='bbox 617 2303 786 2382; x_wconf 88' lang='lat' dir='ltr'><strong>complures</strong></span> <span class='ocrx_word' id='word_1_178' title='bbox 813 2304 879 2363; x_wconf 87' lang='lat' dir='ltr'><strong>dies</strong></span> <span class='ocrx_word' id='word_1_179' title='bbox 903 2311 1103 2364; x_wconf 88' lang='lat' dir='ltr'><strong>commoratus</strong></span> <span class='ocrx_word' id='word_1_180' title='bbox 1140 2375 1142 2380; x_wconf 36' lang='grc'><strong>,</strong></span> 
     </span>
     <span class='ocr_line' id='line_1_26' title="bbox 140 2384 1103 2463; baseline 0.001 -16"><span class='ocrx_word' id='word_1_181' title='bbox 140 2401 345 2462; x_wconf 88' lang='lat' dir='ltr'><strong>summamque</strong></span> <span class='ocrx_word' id='word_1_182' title='bbox 371 2384 413 2444; x_wconf 92' lang='lat' dir='ltr'><strong>ibi</strong></span> <span class='ocrx_word' id='word_1_183' title='bbox 433 2387 547 2463; x_wconf 90' lang='lat' dir='ltr'><strong>copiam</strong></span> <span class='ocrx_word' id='word_1_184' title='bbox 573 2388 714 2447; x_wconf 84' lang='lat' dir='ltr'><strong>frumenti</strong></span> <span class='ocrx_word' id='word_1_185' title='bbox 735 2395 764 2447; x_wconf 91' lang='lat' dir='ltr'><strong>et</strong></span> <span class='ocrx_word' id='word_1_186' title='bbox 790 2387 898 2463; x_wconf 90' lang='lat' dir='ltr'><strong>reliqui</strong></span> <span class='ocrx_word' id='word_1_187' title='bbox 918 2396 1103 2448; x_wconf 87' lang='lat' dir='ltr'><strong>commeatus</strong></span> 
     </span>
     <span class='ocr_line' id='line_1_27' title="bbox 109 2467 1103 2549; baseline 0 -19"><span class='ocrx_word' id='word_1_188' title='bbox 109 2472 264 2530; x_wconf 79' lang='lat' dir='ltr'><strong>2nanctus</strong></span> <span class='ocrx_word' id='word_1_189' title='bbox 286 2470 448 2528; x_wconf 84' lang='lat' dir='ltr'><strong>exercitum</strong></span> <span class='ocrx_word' id='word_1_190' title='bbox 470 2487 506 2529; x_wconf 82' lang='lat' dir='ltr'><strong>er</strong></span> <span class='ocrx_word' id='word_1_191' title='bbox 527 2467 628 2531; x_wconf 91' lang='lat' dir='ltr'><strong>labore</strong></span> <span class='ocrx_word' id='word_1_192' title='bbox 648 2479 737 2547; x_wconf 92' lang='lat' dir='ltr'><strong>atque</strong></span> <span class='ocrx_word' id='word_1_193' title='bbox 763 2472 862 2549; x_wconf 90' lang='lat' dir='ltr'><strong>inopia</strong></span> <span class='ocrx_word' id='word_1_194' title='bbox 888 2473 1003 2531; x_wconf 82' lang='lat' dir='ltr'><strong>reiecit.</strong></span> <span class='ocrx_word' id='word_1_195' title='bbox 1041 2471 1103 2531; x_wconf 90' lang='lat' dir='ltr'><strong>lam</strong></span> 
     </span>
     <span class='ocr_line' id='line_1_28' title="bbox 138 2553 1102 2633; baseline -0.001 -19"><span class='ocrx_word' id='word_1_196' title='bbox 138 2571 232 2632; x_wconf 90' lang='lat' dir='ltr'><strong>prope</strong></span> <span class='ocrx_word' id='word_1_197' title='bbox 247 2553 346 2612; x_wconf 90' lang='lat' dir='ltr'><strong>hieme</strong></span> <span class='ocrx_word' id='word_1_198' title='bbox 361 2553 509 2622; x_wconf 87' lang='lat' dir='ltr'><strong>conlecta,</strong></span> <span class='ocrx_word' id='word_1_199' title='bbox 532 2571 599 2614; x_wconf 91' lang='lat' dir='ltr'><strong>cum</strong></span> <span class='ocrx_word' id='word_1_200' title='bbox 618 2556 684 2633; x_wconf 90' lang='lat' dir='ltr'><strong>ipso</strong></span> <span class='ocrx_word' id='word_1_201' title='bbox 706 2556 775 2614; x_wconf 90' lang='lat' dir='ltr'><strong>anni</strong></span> <span class='ocrx_word' id='word_1_202' title='bbox 794 2563 930 2632; x_wconf 89' lang='lat' dir='ltr'><strong>tempore</strong></span> <span class='ocrx_word' id='word_1_203' title='bbox 945 2554 981 2614; x_wconf 91' lang='lat' dir='ltr'><strong>ad</strong></span> <span class='ocrx_word' id='word_1_204' title='bbox 995 2571 1102 2632; x_wconf 91' lang='lat' dir='ltr'><strong>geren·</strong></span> 
     </span>
     <span class='ocr_line' id='line_1_29' title="bbox 140 2635 1102 2716; baseline 0.001 -19"><span class='ocrx_word' id='word_1_205' title='bbox 140 2637 210 2697; x_wconf 90' lang='lat' dir='ltr'><strong>dum</strong></span> <span class='ocrx_word' id='word_1_206' title='bbox 225 2635 337 2697; x_wconf 91' lang='lat' dir='ltr'><strong>bellum</strong></span> <span class='ocrx_word' id='word_1_207' title='bbox 359 2643 512 2696; x_wconf 87' lang='lat' dir='ltr'><strong>vocaretur</strong></span> <span class='ocrx_word' id='word_1_208' title='bbox 533 2644 562 2697; x_wconf 88' lang='lat' dir='ltr'><strong>et</strong></span> <span class='ocrx_word' id='word_1_209' title='bbox 581 2638 618 2697; x_wconf 92' lang='lat' dir='ltr'><strong>ad</strong></span> <span class='ocrx_word' id='word_1_210' title='bbox 631 2637 749 2698; x_wconf 90' lang='lat' dir='ltr'><strong>bostem</strong></span> <span class='ocrx_word' id='word_1_211' title='bbox 763 2639 911 2716; x_wconf 87' lang='lat' dir='ltr'><strong>prollcisci</strong></span> <span class='ocrx_word' id='word_1_212' title='bbox 931 2640 1102 2699; x_wconf 89' lang='lat' dir='ltr'><strong>constituis-</strong></span> 
     </span>
     <span class='ocr_line' id='line_1_30' title="bbox 139 2719 1104 2798; baseline 0 -16"><span class='ocrx_word' id='word_1_213' title='bbox 139 2729 193 2790; x_wconf 89' lang='lat' dir='ltr'><strong>set,</strong></span> <span class='ocrx_word' id='word_1_214' title='bbox 210 2723 272 2781; x_wconf 84' lang='lat' dir='ltr'><strong>sive</strong></span> <span class='ocrx_word' id='word_1_215' title='bbox 288 2736 355 2779; x_wconf 89' lang='lat' dir='ltr'><strong>eum</strong></span> <span class='ocrx_word' id='word_1_216' title='bbox 371 2737 409 2779; x_wconf 79' lang='lat' dir='ltr'><strong>ex</strong></span> <span class='ocrx_word' id='word_1_217' title='bbox 421 2719 577 2797; x_wconf 88' lang='lat' dir='ltr'><strong>paludibus</strong></span> <span class='ocrx_word' id='word_1_218' title='bbox 594 2719 734 2798; x_wconf 79' lang='lat' dir='ltr'><strong>silvisque</strong></span> <span class='ocrx_word' id='word_1_219' title='bbox 750 2722 859 2782; x_wconf 84' lang='lat' dir='ltr'><strong>elicere</strong></span> <span class='ocrx_word' id='word_1_220' title='bbox 873 2723 934 2783; x_wconf 84' lang='lat' dir='ltr'><strong>sire</strong></span> <span class='ocrx_word' id='word_1_221' title='bbox 950 2721 1104 2783; x_wconf 87' lang='lat' dir='ltr'><strong>obsidione</strong></span> 
     </span>
     <span class='ocr_line' id='line_1_31' title="bbox 138 2802 1104 2884; baseline -0.002 -17"><span class='ocrx_word' id='word_1_222' title='bbox 138 2822 277 2884; x_wconf 87' lang='lat' dir='ltr'><strong>premere</strong></span> <span class='ocrx_word' id='word_1_223' title='bbox 291 2811 402 2882; x_wconf 89' lang='lat' dir='ltr'><strong>posset,</strong></span> <span class='ocrx_word' id='word_1_224' title='bbox 418 2802 507 2881; x_wconf 91' lang='lat' dir='ltr'><strong>legati</strong></span> <span class='ocrx_word' id='word_1_225' title='bbox 519 2805 555 2864; x_wconf 91' lang='lat' dir='ltr'><strong>ad</strong></span> <span class='ocrx_word' id='word_1_226' title='bbox 568 2805 970 2884; x_wconf 79' lang='lat' dir='ltr'><strong>comprincipcsbeduorum</strong></span> <span class='ocrx_word' id='word_1_227' title='bbox 982 2808 1104 2865; x_wconf 91' lang='lat' dir='ltr'><strong>veniunt</strong></span> 
     </span>
     <span class='ocr_line' id='line_1_32' title="bbox 140 2889 1101 2969; baseline 0.001 -21"><span class='ocrx_word' id='word_1_228' title='bbox 140 2897 265 2959; x_wconf 88' lang='lat' dir='ltr'><strong>oratum,</strong></span> <span class='ocrx_word' id='word_1_229' title='bbox 283 2895 316 2948; x_wconf 93' lang='lat' dir='ltr'><strong>ut</strong></span> <span class='ocrx_word' id='word_1_230' title='bbox 329 2889 457 2948; x_wconf 86' lang='lat' dir='ltr'><strong>maxime</strong></span> <span class='ocrx_word' id='word_1_231' title='bbox 471 2891 639 2950; x_wconf 84' lang='lat' dir='ltr'><strong>necessario</strong></span> <span class='ocrx_word' id='word_1_232' title='bbox 655 2896 790 2969; x_wconf 91' lang='lat' dir='ltr'><strong>tempore</strong></span> <span class='ocrx_word' id='word_1_233' title='bbox 810 2891 918 2951; x_wconf 78' lang='lat' dir='ltr'><strong>civitati</strong></span> <span class='ocrx_word' id='word_1_234' title='bbox 932 2889 1101 2950; x_wconf 87' lang='lat' dir='ltr'><strong>subveniat:</strong></span> 
     </span>
     <span class='ocr_line' id='line_1_33' title="bbox 108 2971 1102 3051; baseline 0 -19"><span class='ocrx_word' id='word_1_235' title='bbox 108 2973 124 3039; x_wconf 71' lang='grc'><strong>3,</strong></span> <span class='ocrx_word' id='word_1_236' title='bbox 140 2991 255 3033; x_wconf 91' lang='lat' dir='ltr'><strong>summo</strong></span> <span class='ocrx_word' id='word_1_237' title='bbox 272 2989 336 3031; x_wconf 90' lang='lat' dir='ltr'><strong>csse</strong></span> <span class='ocrx_word' id='word_1_238' title='bbox 350 2972 381 3030; x_wconf 91' lang='lat' dir='ltr'><strong>in</strong></span> <span class='ocrx_word' id='word_1_239' title='bbox 396 2971 529 3050; x_wconf 88' lang='lat' dir='ltr'><strong>periculo</strong></span> <span class='ocrx_word' id='word_1_240' title='bbox 545 2991 619 3042; x_wconf 89' lang='lat' dir='ltr'><strong>rem,</strong></span> <span class='ocrx_word' id='word_1_241' title='bbox 636 2974 724 3049; x_wconf 94' lang='lat' dir='ltr'><strong>quod,</strong></span> <span class='ocrx_word' id='word_1_242' title='bbox 741 2992 809 3034; x_wconf 91' lang='lat' dir='ltr'><strong>cum</strong></span> <span class='ocrx_word' id='word_1_243' title='bbox 824 2973 934 3051; x_wconf 84' lang='lat' dir='ltr'><strong>singuli</strong></span> <span class='ocrx_word' id='word_1_244' title='bbox 947 2975 1102 3050; x_wconf 85' lang='lat' dir='ltr'><strong>magistra-</strong></span> 
     </span>
     <span class='ocr_line' id='line_1_34' title="bbox 138 3057 1103 3136; baseline 0.001 -21"><span class='ocrx_word' id='word_1_245' title='bbox 138 3063 186 3116; x_wconf 89' lang='lat' dir='ltr'><strong>tus</strong></span> <span class='ocrx_word' id='word_1_246' title='bbox 202 3057 363 3131; x_wconf 90' lang='lat' dir='ltr'><strong>antiqnitus</strong></span> <span class='ocrx_word' id='word_1_247' title='bbox 379 3057 475 3117; x_wconf 89' lang='lat' dir='ltr'><strong>creari</strong></span> <span class='ocrx_word' id='word_1_248' title='bbox 489 3064 577 3133; x_wconf 89' lang='lat' dir='ltr'><strong>atque</strong></span> <span class='ocrx_word' id='word_1_249' title='bbox 592 3060 704 3135; x_wconf 87' lang='lat' dir='ltr'><strong>regiam</strong></span> <span class='ocrx_word' id='word_1_250' title='bbox 725 3064 903 3136; x_wconf 90' lang='lat' dir='ltr'><strong>potestatem</strong></span> <span class='ocrx_word' id='word_1_251' title='bbox 924 3076 1035 3118; x_wconf 92' lang='lat' dir='ltr'><strong>annum</strong></span> <span class='ocrx_word' id='word_1_252' title='bbox 1049 3057 1103 3116; x_wconf 94' lang='lat' dir='ltr'><strong>ob-</strong></span> 
     </span>
     <span class='ocr_line' id='line_1_35' title="bbox 139 3139 1103 3220; baseline 0.002 -21"><span class='ocrx_word' id='word_1_253' title='bbox 139 3141 235 3200; x_wconf 86' lang='lat' dir='ltr'><strong>tinere</strong></span> <span class='ocrx_word' id='word_1_254' title='bbox 250 3146 453 3210; x_wconf 89' lang='lat' dir='ltr'><strong>consuessent,</strong></span> <span class='ocrx_word' id='word_1_255' title='bbox 471 3139 529 3201; x_wconf 90' lang='lat' dir='ltr'><strong>duo</strong></span> <span class='ocrx_word' id='word_1_256' title='bbox 544 3142 748 3219; x_wconf 86' lang='lat' dir='ltr'><strong>magistratum</strong></span> <span class='ocrx_word' id='word_1_257' title='bbox 763 3149 868 3220; x_wconf 87' lang='lat' dir='ltr'><strong>gerant</strong></span> <span class='ocrx_word' id='word_1_258' title='bbox 884 3149 913 3202; x_wconf 89' lang='lat' dir='ltr'><strong>et</strong></span> <span class='ocrx_word' id='word_1_259' title='bbox 928 3160 960 3202; x_wconf 89' lang='lat' dir='ltr'><strong>se</strong></span> <span class='ocrx_word' id='word_1_260' title='bbox 975 3149 1103 3218; x_wconf 87' lang='lat' dir='ltr'><strong>uterque</strong></span> 
     </span>
     <span class='ocr_line' id='line_1_36' title="bbox 109 3221 1101 3298; baseline 0.007 -20"><span class='ocrx_word' id='word_1_261' title='bbox 109 3229 125 3278; x_wconf 80' lang='lat'>4</span> <span class='ocrx_word' id='word_1_262' title='bbox 141 3241 243 3283; x_wconf 91' lang='lat' dir='ltr'><strong>eorum</strong></span> <span class='ocrx_word' id='word_1_263' title='bbox 255 3221 371 3298; x_wconf 85' lang='lat' dir='ltr'><strong>legibus</strong></span> <span class='ocrx_word' id='word_1_264' title='bbox 379 3230 510 3285; x_wconf 86' lang='lat' dir='ltr'><strong>creatum</strong></span> <span class='ocrx_word' id='word_1_265' title='bbox 519 3243 583 3286; x_wconf 90' lang='lat' dir='ltr'><strong>esse</strong></span> <span class='ocrx_word' id='word_1_266' title='bbox 590 3226 675 3288; x_wconf 87' lang='lat' dir='ltr'><strong>dicat.</strong></span> <span class='ocrx_word' id='word_1_267' title='bbox 697 3227 811 3288; x_wconf 90' lang='lat' dir='ltr'><strong>Horum</strong></span> <span class='ocrx_word' id='word_1_268' title='bbox 819 3244 884 3287; x_wconf 88' lang='lat' dir='ltr'><strong>esso</strong></span> <span class='ocrx_word' id='word_1_269' title='bbox 891 3225 1018 3287; x_wconf 88' lang='lat' dir='ltr'><strong>alterum</strong></span> <span class='ocrx_word' id='word_1_270' title='bbox 1025 3226 1101 3287; x_wconf 82' lang='lat' dir='ltr'><strong>Gon·</strong></span> 
     </span>
     <span class='ocr_line' id='line_1_37' title="bbox 138 3305 1104 3379; baseline 0.002 -13"><span class='ocrx_word' id='word_1_271' title='bbox 138 3306 343 3374; x_wconf 84' lang='lat' dir='ltr'><strong>victolitavem,</strong></span> <span class='ocrx_word' id='word_1_272' title='bbox 359 3305 514 3369; x_wconf 83' lang='lat' dir='ltr'><strong>florentem</strong></span> <span class='ocrx_word' id='word_1_273' title='bbox 528 3317 556 3370; x_wconf 93' lang='lat' dir='ltr'><strong>et</strong></span> <span class='ocrx_word' id='word_1_274' title='bbox 565 3311 721 3372; x_wconf 88' lang='lat' dir='ltr'><strong>inlustrem</strong></span> <span class='ocrx_word' id='word_1_275' title='bbox 732 3311 960 3379; x_wconf 85' lang='lat' dir='ltr'><strong>adulescentem,</strong></span> <span class='ocrx_word' id='word_1_276' title='bbox 977 3309 1104 3370; x_wconf 86' lang='lat' dir='ltr'><strong>alterum</strong></span> 
     </span>
    </p>
   </div>
   <div class='ocr_carea' id='block_1_3' title="bbox 16 3389 1104 3556">
    <p class='ocr_par' dir='ltr' id='par_1_3' title="bbox 16 3389 1104 3556">
     <span class='ocr_line' id='line_1_38' title="bbox 140 3389 1104 3474; baseline 0 -22"><span class='ocrx_word' id='word_1_277' title='bbox 140 3390 254 3460; x_wconf 84' lang='lat' dir='ltr'><strong>Cotum,</strong></span> <span class='ocrx_word' id='word_1_278' title='bbox 271 3389 474 3466; x_wconf 88' lang='lat' dir='ltr'><strong>antiquissima</strong></span> <span class='ocrx_word' id='word_1_279' title='bbox 489 3393 598 3455; x_wconf 85' lang='lat' dir='ltr'><strong>familia</strong></span> <span class='ocrx_word' id='word_1_280' title='bbox 613 3402 714 3456; x_wconf 88' lang='lat' dir='ltr'><strong>natum</strong></span> <span class='ocrx_word' id='word_1_281' title='bbox 735 3404 824 3471; x_wconf 90' lang='lat' dir='ltr'><strong>atque</strong></span> <span class='ocrx_word' id='word_1_282' title='bbox 838 3397 937 3474; x_wconf 92' lang='lat' dir='ltr'><strong>ipsum</strong></span> <span class='ocrx_word' id='word_1_283' title='bbox 951 3393 1104 3453; x_wconf 90' lang='lat' dir='ltr'><strong>bominem</strong></span> 
     </span>
     <span class='ocr_line' id='line_1_39' title="bbox 16 3477 1103 3556; baseline 0.002 -22"><span class='ocrx_word' id='word_1_284' title='bbox 16 3486 20 3493; x_wconf 85' lang='lat'><strong><em>‘</em></strong></span> <span class='ocrx_word' id='word_1_285' title='bbox 132 3494 271 3536; x_wconf 79' lang='lat' dir='ltr'><strong>summac</strong></span> <span class='ocrx_word' id='word_1_286' title='bbox 280 3477 435 3553; x_wconf 85' lang='lat' dir='ltr'><strong>potentiae</strong></span> <span class='ocrx_word' id='word_1_287' title='bbox 451 3485 480 3536; x_wconf 87' lang='lat' dir='ltr'><strong>et</strong></span> <span class='ocrx_word' id='word_1_288' title='bbox 494 3494 617 3555; x_wconf 87' lang='lat' dir='ltr'><strong>magnac</strong></span> <span class='ocrx_word' id='word_1_289' title='bbox 632 3481 823 3556; x_wconf 88' lang='lat' dir='ltr'><strong>cognationis,</strong></span> <span class='ocrx_word' id='word_1_290' title='bbox 841 3480 924 3539; x_wconf 90' lang='lat' dir='ltr'><strong>cuius</strong></span> <span class='ocrx_word' id='word_1_291' title='bbox 939 3478 1033 3539; x_wconf 82' lang='lat' dir='ltr'><strong>irater</strong></span> <span class='ocrx_word' id='word_1_292' title='bbox 1048 3477 1103 3537; x_wconf 85' lang='lat' dir='ltr'><strong>Va·</strong></span> 
     </span>
    </p>
   </div>
   <div class='ocr_carea' id='block_1_4' title="bbox 0 0 1185 3870">
    <p class='ocr_par' dir='ltr' id='par_1_4' title="bbox 0 0 1185 3870">
     <span class='ocr_line' id='line_1_40' title="bbox 0 0 1185 3870; baseline 0 0"><span class='ocrx_word' id='word_1_293' title='bbox 0 0 1185 3870; x_wconf 95' lang='lat' dir='ltr'><strong> </strong></span> 
     </span>
    </p>
   </div>
  </div>
 </body>
</html>
