2356 3870
321 194 421 254 corbi.
437 197 467 252 V.
483 195 552 253 CAP.
568 197 737 254 llll-LVII.
956 201 1016 262 103

61 360 187 430 didisse,
209 367 244 420 ut
257 377 275 420 a
288 358 398 438 populo
413 358 546 421 Romano
568 361 693 439 imperia
705 361 889 440 perferrent,
905 363 1015 439 gravis·

61 446 133 505 sime
148 442 298 504 dolebant.

120 527 179 588 LV.
216 527 339 587 Treveri
358 544 428 588 vero
451 533 539 603 atque
559 526 776 588 Indutiomarus
796 530 888 589 totius
911 521 1045 590 hiemini

59 609 174 672 nullum
189 618 307 689 tempus
321 611 554 678 intermiserunt,
571 611 642 687 quin
657 617 738 671 trans
752 610 890 672 Rhenum
903 611 1016 689 legatos

59 697 224 762 mitterent,
248 694 379 754 civitates
397 692 606 762 sollicitarent,
632 696 772 772 pecunias
792 694 1013 774 pollicerentur,

59 795 164 856 magna
178 784 263 855 parte
270 778 518 838 exercitusnostrl
531 778 687 838 interiecta
698 777 790 838 multo
805 780 951 839 minorem
966 797 1015 839 su·

58 878 180 940 peresse
203 860 337 921 dicerent
355 867 479 938 partem.
509 859 612 938 Neque
633 867 732 921 tamen
751 861 806 922 ulli
820 863 928 922 civitati
943 859 1048 923 Cer-2

57 963 216 1005 manorum
229 943 403 1023 persuaderi
417 945 522 1023 potuit,
539 951 572 1004 ut
585 943 721 1005 Rhenum
736 947 884 1014 transiret,
902 963 969 1008 oum
984 963 1016 1006 se

57 1026 102 1088 bis
115 1035 254 1107 expertos
268 1026 408 1097 dicerent,
419 1029 556 1088 Ariovisti
567 1027 644 1088 bello
656 1028 906 1090 et'lencterorum
918 1035 1014 1090 trans·

56 1112 113 1172 itu:
130 1128 191 1171 non
207 1129 273 1172 esse
288 1110 413 1189 amplius
427 1112 576 1171 fortunam
591 1118 795 1190 temptaturos.
832 1112 894 1172 llae
909 1130 961 1191 spe
975 1111 1017 1174 la·
1032 1120 1049 1173 3

56 1212 129 1273 psus
140 1193 359 1255 Indutiomarus
374 1193 465 1254 nibilo
475 1197 574 1256 minus
589 1197 688 1274 copias
699 1213 815 1273 cogere,
834 1214 983 1266 exercere,
999 1215 1016 1257 a

56 1279 201 1338 finitumis
213 1295 306 1355 equos
315 1296 430 1356 parare,
444 1278 546 1339 exules
557 1279 768 1356 daumatosque
780 1286 841 1339 tota
850 1278 942 1339 Gallia
952 1298 1014 1339 ma·

57 1363 124 1439 gnis
139 1362 279 1440 praemiis
294 1361 330 1421 ad
345 1379 377 1421 se
389 1360 508 1422 allicere
523 1364 629 1441 coepit
650 1364 691 1425 Ac
705 1369 817 1423 tantam
832 1363 887 1423 sibi
897 1364 954 1422 iam
971 1361 1048 1423 bisi

56 1444 171 1505 rebus
162 1463 194 1504 m
210 1443 302 1505 Gallia
317 1446 520 1506 auctoritatem
536 1453 769 1524 comparaverat,
786 1454 819 1506 ut
833 1446 964 1524 undique
978 1445 1015 1508 ad

57 1546 126 1588 eum
137 1528 300 1605 legationes
312 1535 533 1598 concurrerent,
549 1531 672 1607 gratiam
688 1537 777 1608 atque
788 1530 945 1590 amicitiam
959 1549 1014 1610 pu·

55 1610 133 1672 blice
147 1612 344 1691 privatimque
358 1619 503 1689 peterent.

118 1694 190 1756 LVl.
221 1694 278 1755 Ubi
291 1693 445 1764 intellexit,
462 1694 539 1756 ultro
555 1696 591 1756 ad
606 1715 639 1756 se
653 1697 756 1767 veniri,
772 1695 865 1757 altera
880 1715 916 1756 ox
931 1703 1015 1774 parte
1030 1704 1044 1754 1

56 1779 190 1839 Senones
202 1777 405 1856 Carnutesque
417 1780 598 1839 conscientia
612 1781 751 1839 facinoris
765 1781 907 1856 instigari,
923 1779 1016 1840 altera

55 1861 181 1923 Nervios
194 1860 420 1938 Aduatucosque
435 1860 546 1922 bobum
561 1863 700 1923 Romanis
714 1881 830 1941 parare,
846 1879 944 1939 neque
959 1862 1015 1924 sibi

56 1945 291 2006 voluntariorum
312 1947 411 2023 copias
434 1944 552 2014 delore,
573 1947 599 2006 si
620 1963 655 2005 ex
677 1944 784 2007 linibus
799 1947 860 2006 suis
874 1945 1015 2024 progredi

56 2029 214 2106 coepisset,
222 2036 368 2089 armatum
383 2027 540 2089 concilium
555 2029 665 2090 indicit
686 2029 750 2090 Hoc
765 2047 848 2090 more
863 2028 1015 2090 Gallorum
1029 2037 1046 2087 a

55 2118 102 2172 est
115 2112 234 2171 initium
242 2110 327 2171 belli:
344 2127 403 2188 quo
415 2111 481 2189 lege
493 2114 643 2173 communi
654 2130 757 2174 omnes
767 2111 897 2192 puberes
910 2114 1015 2174 armati

10 2257 13 2261 ,
55 2195 215 2255 convenire
235 2201 431 2262 consuerunt;
454 2198 555 2272 quiex
574 2197 611 2256 iis
624 2197 801 2258 novissimus
817 2199 967 2266 convenit,
983 2197 1014 2257 in

55 2285 219 2356 conspectu
232 2277 430 2339 multitudinis
444 2278 582 2339 omnibus
597 2279 775 2341 cruciatibus
791 2279 912 2341 affectus
927 2297 1013 2341 neca·

54 2369 113 2422 tur.
137 2360 172 2421 ln
184 2379 219 2421 eo
229 2361 353 2422 concilio
360 2362 586 2439 Cingetorigem,
603 2362 725 2423 alterius
736 2364 900 2441 principem
911 2364 1013 2424 lactio-
1029 2369 1046 2422 3

54 2447 106 2508 nis
127 2461 271 2522 generum
282 2463 380 2515 suum,
397 2462 486 2522 quern
501 2463 592 2524 supra
603 2445 866 2507 demonstravimus
882 2446 1013 2507 Caesaris

54 2534 193 2588 secutum
203 2527 291 2588 iidem
303 2527 339 2588 ab
351 2546 387 2588 eo
401 2546 462 2589 non
477 2527 658 2599 discessisse,
673 2528 788 2590 hostem
799 2529 909 2590 iudicat
920 2528 1010 2590 hona·

54 2627 113 2689 que
129 2612 194 2671 eius
207 2610 346 2690 publicat.
373 2611 425 2672 llis
439 2611 531 2673 rebus
547 2614 687 2673 confectis
701 2614 731 2673 in
744 2612 866 2674 coneilio
881 2631 1013 2692 pronun·
1027 2620 1044 2670 4

54 2697 121 2763 tiat,
148 2696 325 2755 accersitum
351 2713 383 2754 se
403 2713 420 2755 a
441 2694 608 2756 Senonibus
634 2703 664 2756 et
685 2694 862 2758 Carnutibus
890 2696 1013 2773 aliisque

54 2775 250 2856 conpluribus
265 2777 376 2839 Calliae
396 2777 577 2848 civitatibus;
599 2777 658 2840 huc
672 2780 784 2840 iturum
798 2798 854 2859 per
868 2781 941 2840 flues
955 2779 1013 2840 Re·
1027 2787 1044 2838 o

53 2879 173 2922 morum
195 2878 358 2937 eorumque
383 2879 468 2939 agros
494 2861 705 2940 populaturum
726 2880 768 2932 ac,
789 2864 962 2940 priusquam
981 2861 1012 2924 id

52 2945 150 3013 iaciat,
163 2943 385 3006 castraLabieni
398 2944 645 3023 obpugnaturum.
668 2944 749 3015 Quae
761 2944 910 3015 derivelit,
925 2964 1011 3025 prae·

123 3116 209 3178 LVll.
237 3115 396 3186 Labienus,
414 3133 482 3177 cum
497 3123 528 3176 et
542 3112 599 3176 loci
614 3122 720 3174 natura
736 3121 765 3173 et
779 3130 867 3173 manu
880 3113 1012 3174 munitis·
1028 3123 1042 3170 1

58 3203 152 3263 sumis
163 3201 269 3264 castris
283 3217 348 3260 sese
359 3206 483 3266 teneret,
497 3199 534 3258 de
546 3216 600 3258 suo
612 3217 646 3258 ae
656 3197 784 3275 legionis
792 3195 927 3276 periculo
940 3191 1015 3257 nihil

59 3284 194 3355 limebat,
205 3303 244 3346 ne
252 3302 340 3362 quam
351 3285 537 3343 occasionem
546 3283 591 3342 rei
602 3280 834 3358 benegerendae
843 3280 1014 3350 dimitteret,

57 3367 221 3448 cogitabat.
247 3368 350 3446 ltaque
360 3366 574 3443 aCingetorige
587 3374 675 3444 atque
686 3365 749 3426 eius
760 3365 937 3444 propinquis
950 3372 1043 3425 ora-2

58 3455 137 3517 tione
149 3452 344 3515 indutiomari
358 3453 483 3530 cognita,
496 3467 584 3529 quam
596 3449 627 3510 in
639 3449 766 3510 concilio
777 3448 930 3518 babuerat,
940 3464 1015 3508 nun·
