2356 3870
311 216 424 274 COMM.
439 218 488 274 111.
516 217 594 276 OAP.
608 217 763 275 v-vfflt
978 213 1018 278 71

59 381 228 460 legionibus
243 382 409 445 adhiberet.
445 383 503 445 Sed
518 385 618 445 serius
632 403 648 446 a
664 392 745 445 terra
759 392 915 464 provectae
929 403 1020 445 naves

57 484 154 546 neque
170 485 241 527 usae
257 474 401 528 nocturna
417 487 489 529 aura
500 470 531 528 in
543 469 695 529 redeundo
706 469 901 530 offenderunt.
923 468 1043 529 Biha-¹3

57 550 116 610 lus
129 553 211 611 enim
237 550 381 631 Corcyrae
407 554 518 612 certior
547 554 643 613 lactus
672 554 708 613 de
732 553 859 614 adventu
882 552 1018 614 Caesaris

57 652 190 713 sperans
203 634 292 696 alicui
304 653 335 695 se
347 638 425 714 parti
436 644 609 697 onustarum
620 639 739 697 navium
750 655 908 697 occurrere
919 654 1016 715 posse,

56 719 199 779 inanibus
214 720 345 780 occurrit
360 727 390 780 et
404 727 509 781 nactus
523 723 645 780 circiter
658 733 733 781 xxx
746 723 779 780 in
794 739 844 782 eas
858 719 1018 798 indiligen-

58 805 116 863 tiae
133 820 203 863 suae
219 821 253 863 ac
269 803 381 863 doloris
397 804 582 865 iracundiam
597 807 698 883 erupit
707 806 874 884 'omnesque
884 805 1019 864 incendit

55 886 222 965 eodemque
237 889 306 964 igne
322 894 427 948 nautas
442 888 635 967 dominosque
649 888 940 956 naviuminterlecit,
956 906 1017 948 ma·
1070 936 1073 941 .

55 969 213 1048 gnitudine
228 988 341 1050 poenae
356 972 487 1051 reliquos
503 975 611 1033 terreri
627 990 760 1051 sperans.
804 972 866 1032 lloc
881 973 1044 1032 coniectat

55 1056 177 1131 negotio
198 1072 214 1113 a
235 1054 356 1116 Sasonis
383 1056 420 1116 ad
440 1053 540 1116 Curici
564 1064 683 1135 portum
706 1057 849 1117 stationes
869 1055 1017 1135 litoraque

54 1140 156 1199 omnia
182 1137 268 1216 longe
295 1138 413 1218 lateque
441 1139 587 1201 classibus
614 1142 783 1219 occuparit,
814 1140 1017 1219 custodiisque

56 1223 234 1299 dibgentius
256 1223 411 1302 dispositis
431 1225 495 1303 ipse
516 1225 688 1301 gravissima
713 1225 811 1284 hieme
836 1226 867 1285 in
892 1223 1018 1284 navibus

54 1304 208 1393 excubans
227 1324 324 1385 neque
340 1307 433 1368 ullum
448 1306 579 1368 laborem
593 1316 645 1368 aut
658 1327 766 1370 munus
781 1309 951 1388 despiciens
965 1326 1016 1368 ne·

54 1384 298 1470 que‘subsidium
319 1399 492 1470 expectans,
517 1393 542 1452 si
562 1394 595 1453 in
609 1391 743 1454 Caesaris
763 1392 948 1472 complexum
968 1410 1017 1452 ve·

54 1477 123 1536 nire
138 1482 239 1554 posset
239 1516 1017 1546 ...............

123 1642 212 1720 ¹Vllll.
245 1644 384 1704 Discessu
404 1642 604 1704 Liburnarum
624 1663 661 1705 ex
681 1644 798 1724 lllyrico
818 1644 856 1704 bl.
878 1643 1043 1704 Octaviusl

52 1745 126 1789 cum
141 1729 188 1797 iis,
205 1746 278 1807 quas
293 1727 432 1797 habebat,
448 1727 575 1788 navibus
587 1728 708 1790 Salonas
719 1729 864 1806 pervenit.
891 1726 934 1787 lbi
948 1744 1017 1787 con·
1032 1733 1034 1738 ’

55 1814 157 1873 citatis
182 1811 325 1873 Dalmatis
349 1811 532 1891 reliquisque
558 1810 696 1872 barbaris
719 1810 812 1873 Issam
838 1830 855 1872 a
880 1810 1017 1872 Caesaris

53 1898 190 1957 amicitia
205 1899 328 1966 avertit;
355 1904 531 1957 conventum
547 1896 663 1957 Salonis
677 1913 745 1956 cum
760 1913 856 1974 neque
871 1895 1044 1975 pollicita-2

55 1979 192 2041 tionibus
211 1999 309 2060 neque
331 1980 555 2041 denuntiatione
575 1979 703 2060 periculi
718 1997 892 2059 permovere
906 1987 1016 2058 posset,

53 2063 201 2144 oppidum
217 2082 388 2144 oppugnare
403 2065 544 2125 instituit.
578 2065 630 2124 Est
645 2072 743 2125 autem
759 2063 900 2143 oppidum
916 2070 946 2123 et
960 2065 1018 2124 loci

54 2156 165 2210 natura
180 2158 209 2209 et
224 2149 298 2210 colle
314 2150 471 2208 munitum.
502 2148 561 2209 Sed
576 2149 716 2214 celeriter
731 2151 811 2209 cives
824 2148 964 2219 Romani,
980 2147 1043 2209 li·3

54 2235 145 2310 gneis
161 2233 275 2293 effectis
288 2231 433 2302 turribus,
449 2232 496 2293 his
511 2251 577 2294 sese
592 2235 766 2294 munierunt
781 2239 820 2302 et,
836 2251 905 2293 cum
919 2240 1019 2293 essent

55 2318 171 2378 infirmi
187 2316 223 2377 ad
239 2317 439 2378 resistendum
453 2325 576 2396 propter
590 2319 770 2396 paucitatem
785 2317 938 2377 hominum
954 2335 1018 2377 cre·
1071 2360 1076 2367 .

56 2400 126 2462 bris
141 2402 268 2462 coniecti
284 2399 472 2469 vulneribus,
494 2402 531 2461 ad
552 2409 718 2461 extremum
738 2401 880 2461 auxilium
894 2401 1018 2462 descen·

53 2485 169 2545 derunt
194 2502 354 2564 servosque
380 2502 483 2544 omues
503 2484 634 2563 puberes
658 2483 862 2545 liberaverunt
883 2497 913 2544 et
932 2503 1018 2563 prae·

54 2571 151 2631 sectis
176 2571 308 2630 omnium
334 2568 491 2628 mulierum
517 2567 653 2629 crinibus
676 2575 823 2629 tormenta
845 2568 1017 2629 effecerunt.

53 2651 191 2724 Quorum
207 2656 324 2730 cognita
340 2655 486 2714 sententia
497 2652 636 2714 Octavius
645 2654 745 2731 quinis
756 2653 862 2713 castris
876 2652 1046 2732 oppidumt

54 2737 260 2798 circumdedit
274 2744 362 2816 atque
377 2755 436 2797 uno
449 2743 583 2816 tempore
603 2736 758 2797 obsidione
774 2743 804 2796 et
822 2739 1018 2815 oppugnatio·

56 2821 150 2882 nibus
164 2827 216 2882 eos
230 2839 367 2901 premere
383 2823 491 2900 coepit.
527 2821 572 2880 llli
592 2822 690 2893 omnia
711 2822 829 2899 perpeti
844 2821 942 2898 parati
957 2830 1044 2880 mat

57 2908 140 2966 xime
162 2924 179 2966 a
199 2923 233 2965 re
259 2906 454 2966 frumentaria
481 2903 665 2965 laborabant.
708 2904 764 2965 Cui
785 2905 831 2964 rei
858 2904 958 2964 missis
983 2903 1020 2964 ad

54 2989 217 3051 Caesarem
237 2989 344 3067 legatis
365 2989 507 3050 auxilium
529 2987 565 3049 ab
588 3006 623 3048 eo
643 2986 801 3066 petebant;
830 2986 961 3066 reliqua,
988 2995 1021 3048 ut

59 3081 209 3154 poterant,
226 3075 411 3134 incommoda
425 3090 526 3152 perse
541 3071 738 3133 sustinebant.
771 3071 809 3132 Et
822 3071 910 3148 longo
925 3074 1045 3132 inter-o

55 3159 156 3238 posito
172 3149 350 3236 spatio‘cum
366 3159 547 3218 diuturnitas
568 3157 797 3237 oppugnationis
817 3157 1020 3233 neglegentio-

55 3260 108 3303 res
134 3242 311 3304 Octavianos
338 3243 499 3311 effecisset,
532 3243 612 3302 nacti
644 3242 830 3302 occasionem
861 3241 1025 3303 meridiani

56 3328 203 3406 temporis
219 3325 351 3387 discessu
366 3344 483 3396 eorum,
505 3327 609 3405 pueris
628 3324 862 3405 mulieribusque
882 3327 915 3385 in
935 3344 1021 3386 muro

55 3411 223 3489 dispositis,
238 3429 275 3471 nc
292 3411 363 3490 quid
375 3409 541 3472 cotidianae
553 3409 778 3471 consuetudinis
788 3409 1023 3479 desideraretur,

55 3497 119 3576 ipsi
138 3513 229 3556 manu
248 3495 325 3556 lacta
347 3512 413 3556 cum
427 3496 487 3575 iis.
505 3512 581 3578 quos
596 3513 696 3580 nuper
710 3492 1043 3580 [maximiliinerase-
