2356 3870
64 167 67 175 ’
130 206 176 272 ,cc
454 202 494 258 on
510 201 613 258 nscio
629 202 766 258 ornum

136 365 231 434 hatur,
244 367 291 426 sui
301 364 447 444 purgandi
459 382 556 432 causa,
573 364 651 441 quod
663 375 774 432 contra,
787 371 875 442 atque
887 371 965 425 esset
976 364 1086 425 dietum

138 457 167 509 et
181 450 239 528 ipsi
252 450 410 527 petissent,
422 447 569 527 proelium
583 447 678 525 pridie
693 450 923 516 commisissent,
941 447 1029 508 simul
1044 454 1086 515 ut,

105 534 161 594 osi
182 531 250 609 quid
270 538 406 610 possent,
428 531 465 591 de
484 529 605 590 indutiis
625 529 752 591 fallendo
772 533 975 610 impetrarent.
1007 531 1087 601 Quos

136 615 193 676 sthi
218 614 324 675 Caesar
352 613 465 675 ohlatos
494 614 625 690 gavisus,
655 612 721 674 illos
746 615 869 675 retineri
892 615 993 681 iussit;
1024 616 1088 692 ipse

136 715 239 758 omnes
260 698 359 777 copias
380 697 484 757 castris
506 696 607 757 eduxit
621 699 856 774 equitatumque,
880 697 959 774 quod
974 697 1089 757 recenti

135 780 249 860 proelio
273 781 467 859 perterritum
493 797 558 840 esse
584 779 784 850 existimabat,
814 798 920 857 agmen
946 778 1088 856 subsequi

136 866 231 925 iussit.
1134 908 1136 912 .

107 955 118 1005 t
199 946 287 1007 llllll.
311 947 381 1008 hoie
401 944 509 1024 triplici
528 946 661 1006 instituta
681 953 711 1006 et
731 945 868 1007 celeriter
889 955 955 1007 octo
975 947 1088 1008 milium

136 1033 243 1090 itinere
264 1030 398 1090 conlecto
413 1030 497 1108 prius
512 1027 548 1088 ad
562 1027 690 1093 hostium
707 1037 801 1090 castra
816 1032 967 1108 pervenit,
990 1047 1088 1107 quam,

105 1113 207 1190 aquid
232 1120 385 1189 ageretur,
413 1112 550 1172 Germani
569 1113 680 1172 sentire
699 1120 829 1190 possent.
874 1113 932 1184 Qut
952 1112 1089 1173 omnibus

136 1194 227 1257 rebus
250 1195 347 1256 subito
372 1195 522 1274 perterriti
548 1201 577 1254 et
604 1194 754 1256 celeritate
778 1195 920 1256 adventus
944 1198 1040 1257 nostri
1061 1203 1091 1255 et

138 1280 270 1341 discessu
297 1296 434 1346 suorum,
465 1293 562 1354 neque
592 1277 707 1353 consilii
733 1277 861 1339 hahendi
886 1297 983 1357 neque
1008 1297 1091 1340 arma

137 1361 272 1440 capiendi
296 1363 391 1440 spatio
417 1360 500 1430 dato,
530 1358 759 1438 perturbantur,
785 1363 923 1440 copiasne
948 1362 1091 1423 adversus

137 1445 251 1505 hostem
279 1444 404 1514 ducere,
431 1462 468 1503 an
495 1453 590 1503 castra
617 1443 793 1514 defendere,
821 1463 857 1506 an
877 1444 1089 1522 sugasalutem

106 1534 239 1607 apetere
258 1533 432 1605 praestaret.
478 1525 611 1595 Quorum
631 1529 720 1587 timor
741 1545 808 1591 cum
829 1529 949 1588 fremitu
970 1535 999 1587 et
1019 1545 1089 1589 con·

138 1629 228 1672 cursu
252 1611 481 1689 significaretur,
508 1608 616 1670 milites
638 1611 734 1671 nostrl
754 1612 871 1689 pristini
891 1610 949 1671 diei
968 1610 1090 1690 perfidia

107 1695 250 1755 oincitati
275 1695 306 1754 in
331 1700 427 1754 castra
453 1694 639 1771 inruperunt.
682 1693 746 1763 Quo
771 1693 852 1759 loco.
878 1695 929 1770 qui
954 1693 1090 1754 celeriter

139 1795 220 1838 arma
255 1794 362 1855 capere
390 1783 567 1855 potuerunt,
601 1775 751 1854 paulisper
779 1778 888 1837 nostris
917 1778 1093 1838 restiterunt

139 1868 227 1936 atque
253 1860 335 1921 inter
367 1877 468 1920 carros
495 1858 763 1937 impedimentaque
795 1859 942 1938 proelium
970 1860 1091 1921 commi·

107 1949 255 2010 oserunt;
272 1950 302 2003 at
315 1942 430 2019 reliqua
458 1940 614 2002 multitudo
636 1959 798 2020 puerorum
818 1943 1035 2018 mulierumque
1053 1974 1088 1985 -

139 2045 208 2087 narn
233 2043 300 2087 cum
326 2024 463 2085 omnihus
487 2026 548 2085 suis
574 2024 661 2084 domo
688 2032 876 2086 excesserant
894 2023 1091 2101 Rhenumque

139 2110 318 2169 transierant
335 2141 369 2151 —
387 2109 496 2186 passim
516 2109 620 2185 lugere
640 2109 752 2186 coepit:
775 2108 811 2169 ad
832 2125 906 2185 quos
919 2115 1091 2168 consectan-

140 2193 194 2252 dos
209 2190 316 2252 Caesar
331 2193 493 2267 equitatum
508 2192 597 2251 misit.

110 2281 123 2332 1
202 2274 262 2335 XV.
286 2274 438 2342 Germani,
454 2282 522 2352 post
536 2280 653 2352 tergum
667 2274 794 2334 clamore
810 2274 924 2343 audito,
942 2292 1009 2335 cum
1024 2293 1092 2336 suos

140 2358 267 2420 interfici
281 2356 429 2424 viderent,
450 2357 539 2417 armis
554 2357 675 2418 abiectis
690 2359 841 2434 signisque
855 2355 1030 2418 militaribus
1045 2375 1092 2418 re-

110 2449 125 2498 2
140 2442 216 2503 lictis
231 2459 264 2501 se
279 2458 315 2501 ex
331 2440 434 2500 castris
449 2441 615 2506 eiecerunt,
639 2447 749 2501 etcum
766 2441 802 2501 ad
818 2440 1015 2501 confluentem
1031 2440 1092 2500 Mo·

141 2543 191 2586 sae
207 2531 236 2584 ot
249 2522 345 2584 Rheni
359 2524 576 2602 pervenissent,
593 2522 707 2599 rehqua
721 2523 791 2601 luga
805 2523 970 2602 desperata,
987 2541 1093 2600 magno

141 2624 266 2668 numero
280 2607 452 2675 interfecto,
474 2604 582 2682 reliqui
600 2625 633 2666 se
651 2607 682 2666 in
703 2605 812 2666 tlumen
828 2607 1095 2685 praecipitaverunt

143 2697 231 2767 atque
252 2689 293 2749 lbi
308 2691 428 2758 timore,
450 2687 638 2758 lassitudine,
659 2690 688 2748 vi
701 2689 830 2749 fluminis
847 2691 982 2768 oppressi
997 2691 1093 2768 perie-

111 2780 127 2831 t
141 2781 220 2834 runt.
244 2772 344 2834 Nostri
358 2771 394 2833 ad
409 2789 501 2831 unum
516 2789 618 2832 omnes
632 2771 806 2840 incolumes,
821 2789 978 2850 perpaucis
992 2771 1094 2832 vulne·

143 2859 223 2926 ratis,
241 2875 276 2916 ex
292 2857 367 2916 tanti
378 2853 448 2916 helll
460 2856 575 2924 timore,
592 2872 659 2915 cum
670 2852 798 2915 hostium
812 2872 956 2915 numerus
967 2857 1095 2934 capitum

113 2948 128 2996 t
144 2958 283 3000 ooocxxx
299 2937 413 3002 minum
427 2939 547 3007 luisset,
569 2956 601 2998 se
616 2940 646 2998 in
661 2947 755 2999 castra
770 2945 958 3016 receperunt.
990 2938 1095 3000 Caesar

142 3024 188 3090 iis,
206 3038 279 3098 quos
293 3023 325 3081 ln
340 3023 443 3082 castris
458 3022 629 3089 retinuerat,
646 3020 815 3081 discedendi
825 3028 1001 3100 potestatem
1014 3021 1093 3080 lecit.

112 3112 128 3163 o
143 3104 188 3167 llll
203 3103 345 3184 supplicia
360 3106 566 3181 cruciatusque
582 3103 732 3165 Gallorum
746 3106 845 3173 veriti,
868 3120 994 3181 quoram
1009 3121 1096 3181 agros

143 3194 334 3255 vexaverant,
356 3205 511 3248 remanere
531 3206 563 3248 se
582 3187 659 3266 apud
675 3206 743 3248 eum
764 3186 838 3247 velle
859 3188 1006 3248 dixerunt.
1045 3186 1096 3247 llis

145 3273 251 3334 Gaesar
265 3270 431 3331 libertatem
448 3273 601 3332 concessit.

116 3363 127 3413 1
207 3353 279 3416 llVl.
304 3354 477 3418 Germanico
498 3353 577 3415 hello
599 3355 732 3415 conlecto
748 3352 847 3415 multis
862 3353 899 3416 de
914 3355 1009 3415 causis
1026 3357 1096 3416 Cae·

145 3457 193 3500 sar
214 3438 315 3499 statuit
335 3436 391 3499 sihi
410 3435 545 3498 Rhenum
568 3456 632 3499 esse
653 3437 881 3506 transeundum
904 3454 1028 3514 quarum
1049 3437 1097 3497 illa
