2356 3870
133 214 191 272 146
455 212 494 267 llll
509 214 613 271 uitio
629 213 767 270 dtbblco

129 375 280 435 Cabillono
294 377 439 444 educunt;
455 377 533 438 idem
545 379 644 438 lacere
658 385 768 454 cogunt
778 395 838 444 cos,
855 377 906 451 qui
915 375 1084 452 negotiandi

91 468 112 514 1
128 477 216 518 11111
230 461 272 520 ibi
279 464 481 521 constiterant
498 463 558 522 Hos
574 463 713 522 continuo
728 464 759 521 in
774 459 1084 520 itincreadortiomni·

128 542 184 603 bus
203 545 421 622 impedimentis
442 554 568 611 exuunt;
597 552 798 624 repugnantes
815 543 892 603 diem
907 549 1086 619 noctemque

129 627 280 695 obsident;
297 630 445 689 multist
413 649 432 688 u
433 633 561 705 irimque
575 630 739 689 interiectis
758 628 899 687 maiorem
922 626 1084 687 multitudi-

128 727 195 769 nem
211 720 393 774 armatorum
409 716 565 772 concitant

97 800 110 850 1
189 769 961 864 11111111.11111111111111111111111111
976 794 1086 854 milites

128 880 157 936 in
173 886 319 957 potestate
334 880 467 940 Caesaris
483 883 590 948 teneri,
607 888 790 939 concurrunt
811 878 846 938 ad
860 880 1016 946 Aristium,
1041 880 1085 937 ni·

97 961 168 1020 nhil
182 962 301 1040 publico
316 964 426 1023 iactum
441 963 563 1023 consilio
585 962 802 1030 demonstrant;
825 964 1026 1038 quaestionem
1048 961 1086 1020 de

127 1043 213 1104 bonis
227 1045 350 1126 direptis
364 1046 537 1116 decernunt,
553 1047 690 1107 Litavicci
704 1048 890 1122 fratrumque
904 1045 981 1106 bona
988 1045 1086 1124 publi·

129 1136 210 1197 cant,
233 1129 345 1204 legatos
366 1130 401 1188 ad
423 1130 578 1190 Caesarem
597 1133 643 1191 sui
663 1130 810 1209 purgandi
836 1131 928 1206 gratia
954 1131 1084 1189 mittunt.

98 1211 208 1270 311111
225 1212 337 1271 faciunt
355 1216 618 1292 reciperandorum
638 1233 761 1274 suorum
782 1231 886 1280 causa;
909 1213 962 1272 sed
983 1218 1084 1272 conta·

129 1297 230 1354 minati
244 1297 376 1360 facinore
391 1306 421 1356 et
436 1301 513 1375 capti
525 1299 688 1377 conpendio
704 1317 740 1358 ex
755 1298 878 1376 direptis
893 1296 988 1364 bonis,
1005 1294 1085 1372 quod

129 1396 161 1437 ea
183 1396 232 1438 res
252 1380 288 1438 ad
309 1380 417 1441 multos
437 1382 618 1460 pertinebat,
641 1392 671 1441 et
693 1385 799 1442 timore
820 1399 935 1459 poenae
950 1380 1085 1440 exterriti

128 1461 250 1521 consilia
265 1463 339 1523 clam
354 1464 392 1523 de
406 1464 484 1524 bello
499 1467 576 1526 inire
590 1467 735 1544 incipiunt
749 1467 940 1540 civitatesque
954 1462 1085 1540 reliquas

61 1571 64 1578 »
97 1553 112 1600 1
127 1544 322 1622 legationibus
338 1547 503 1608 sollicitant.
535 1550 616 1619 Quae
632 1551 748 1609 tametsi
763 1550 870 1610 Caesar
884 1546 1083 1624 intellegebat,

127 1637 240 1698 tamem
263 1648 350 1707 quam
371 1634 524 1693 mitissime
543 1642 657 1711 potest,
672 1632 784 1709 legatos
799 1630 941 1712 appellat:
964 1631 1036 1690 nihil
1052 1648 1085 1688 se

127 1722 251 1792 propter
265 1716 450 1776 inscientiam
470 1716 677 1793 levitatemque
691 1716 770 1792 vulgi
784 1717 901 1792 gravius
917 1715 954 1774 de
969 1716 1084 1774 civitate

126 1796 257 1858 iudicare
272 1815 369 1875 nequo
384 1801 421 1859 de
436 1819 489 1860 sua
502 1804 534 1861 in
547 1801 666 1862 Aeduos
680 1799 885 1860 benevolentia
900 1798 1082 1858 deminuere.

96 1880 193 1958 tilpse
213 1883 355 1943 maiorem
377 1884 486 1944 Galliae
506 1893 619 1945 motum
640 1891 811 1963 expectans,
835 1901 872 1941 ne
895 1881 931 1940 ab
947 1880 1084 1941 omnibus

127 1964 292 2025 civitatibus
298 1969 576 2035 circumsisteretur,
594 1968 713 2028 consilia
719 1967 820 2034 unibat,
837 1965 1084 2042 quemadmodum

127 2066 143 2107 a
165 2049 307 2124 Gergovia
329 2050 495 2111 discederet
515 2071 548 2110 11
569 2070 673 2112 rursus
694 2069 812 2110 omnem
835 2051 996 2109 exercitum
1013 2065 1083 2108 con·

128 2130 272 2200 traheret,
295 2151 332 2191 ne
352 2135 497 2210 profectio
517 2142 583 2195 nata
605 2135 641 2195 ab
662 2137 770 2195 timore
791 2134 965 2193 defectionis
980 2132 1083 2191 similis

126 2215 212 2290 fugae
227 2215 385 2278 videretur.

99 2303 109 2351 t
189 2298 359 2361 lLlXXllll.
395 2302 474 2364 llaec
495 2303 634 2379 cogitanti
654 2302 788 2363 accidere
808 2304 870 2362 visa
896 2308 940 2360 est
960 2299 1084 2360 facultas

126 2381 261 2442 benerei
276 2386 433 2460 gerendae.
455 2387 526 2447 Nam
539 2404 606 2446 curn
619 2389 651 2446 in
666 2389 780 2447 minora
796 2393 891 2446 castra
900 2385 999 2462 operis
1013 2401 1082 2461 per·

126 2467 269 2544 spiciendi
284 2487 370 2529 causa
377 2472 513 2538 venisset,
530 2470 734 2531 animadvertit
746 2469 860 2536 collem,
877 2471 928 2545 qui
939 2467 975 2528 ab
990 2467 1083 2526 bosti-

126 2549 183 2609 bus
198 2551 363 2622 tenebatur,
380 2556 521 2614 nudatum
537 2554 719 2623 bominibus,
737 2556 787 2630 qui
801 2551 1005 2632 superioribus
1020 2552 1082 2610 die·
1107 2621 1115 2638 t

95 2641 111 2687 2
126 2633 182 2694 bus
197 2637 245 2694 vix
260 2655 332 2714 prae
346 2639 536 2699 multitudine
558 2641 640 2698 cerni
654 2647 779 2717 poterat.
811 2638 979 2698 Admiratus
993 2651 1082 2710 quae·

127 2719 166 2777 rit
180 2735 216 2777 ex
236 2722 368 2798 perfugis
388 2740 521 2790 causam,
544 2739 671 2798 quorum
691 2739 815 2798 magnus
835 2721 870 2780 ad
893 2738 961 2779 eum
976 2719 1084 2778 cotidie

91 2806 268 2863 3111111111
290 2804 465 2866 confluebat.
503 2805 661 2866 Constabat
680 2807 758 2866 inter
779 2823 897 2872 omnes,
920 2801 999 2878 quod
1024 2806 1083 2862 iam

61 2895 64 2898 ’
126 2886 189 2984 ipse
205 2886 311 2949 Caesar
325 2906 379 2966 per
393 2890 595 2969 exploratores
603 2898 788 2965 cognoverat
804 2889 926 2948 dorsum
938 2903 1004 2945 esse
1020 2887 1083 2944 eius

125 2970 188 3042 iugi
202 2989 296 3050 prope
311 2990 447 3049 aequum,
464 2974 516 3033 sed
529 2974 608 3034 buno
620 2974 782 3033 silvestrem
798 2981 828 3032 et
842 2979 1008 3048 angustum,
1026 2985 1084 3044 qua

97 3061 205 3112 tesset
225 3056 319 3115 aditus
341 3057 513 3121 adulteram
536 3065 651 3136 partem
672 3057 786 3136 oppidi:
808 3054 999 3115 vehementer
1015 3051 1082 3112 hiric

125 3137 191 3196 illos
206 3137 271 3199 loco
286 3141 400 3209 timere,
417 3160 472 3201 nee
485 3144 544 3201 iam
558 3141 643 3201 aliter
658 3143 783 3208 sentire,
806 3158 865 3199 uno
880 3138 955 3199 colle
971 3136 1007 3197 ab
1022 3135 1067 3196 Ro

126 3222 219 3281 manis
231 3232 384 3301 occupato
400 3243 426 3283 sr
417 3225 563 3285 'alterum
574 3226 748 3292 amisissent,
766 3227 836 3300 quin
847 3241 942 3302 paene
954 3223 1078 3281 circum·

126 3303 221 3364 vallati
236 3313 323 3383 atque
339 3311 419 3368 omni
434 3313 514 3369 exitu
530 3319 560 3368 et
573 3309 762 3387 pabulatione
777 3307 930 3367 interclusi
945 3304 1081 3364 videren-

93 3391 110 3441 t
124 3395 187 3448 tur:
201 3389 237 3449 ad
250 3391 328 3451 bunc
339 3393 529 3453 muniendum
544 3411 647 3452 omnes
658 3392 923 3468 aver-cingetorige
934 3395 1080 3449 evocatos.

89 3476 105 3524 1
181 3473 322 3537 XXXXV.
356 3477 418 3537 llac
432 3494 466 3537 re
479 3480 592 3554 cognita
605 3476 712 3538 Caesar
724 3478 813 3536 mittit
825 3474 985 3553 conplures
997 3471 1078 3548 equi·
