2356 3870
347 208 447 267 calm
463 207 502 266 Vl.
519 207 588 266 GAP.
604 207 753 266 Vl-Vllll.
972 212 1034 277 109

74 374 180 439 bilant
217 373 299 448 Quas
319 374 385 434 lore
405 374 572 453 suspicatus
591 371 754 443 Labienus,
783 383 816 434 ut
836 389 939 436 omnes
960 376 1064 436 citraa

74 461 187 521 flumen
203 457 339 527 eliceret,
361 456 465 518 eadem
485 474 557 518 usus
577 458 764 520 slmulatione
782 460 898 519 itineris
917 459 1032 538 placide

74 541 332 624 progrediebatur.
377 542 454 602 'lum
473 543 644 621 praemissis
664 541 787 622 paulum
814 542 1065 620 impedimentist

75 635 166 704 atque
178 628 211 686 in
227 625 340 686 tumulo
356 624 484 702 quodam
499 624 663 696 collocatis,
679 627 818 701 Habetis,
834 629 940 704 inquit,
956 629 1032 688 mili-

75 721 132 786 tes,
160 727 252 786 qaam
267 712 399 786 petistis,
423 708 623 782 facultatem:
646 712 758 772 bostem
778 713 921 787 impedito
943 717 1033 788 acque

74 798 179 871 iniquo
192 797 260 856 loco
274 795 397 854 tenetes:
410 798 568 869 maestam
587 796 714 855 eandem
732 795 817 856 nobis
835 796 962 857 dacibus
975 799 1066 857 cir-4

74 885 180 953 taem,
197 893 514 954 quamsaepeoamero
528 879 708 954 imperatori
714 880 925 954 praesentetis,
943 888 1033 955 atque

73 965 160 1023 illam
181 963 286 1022 adase
304 968 333 1021 aa
353 963 429 1022 baec
452 977 558 1022 coram
576 978 702 1023 cernere
723 964 900 1024 eabtamcte.
939 962 1064 1023 Simulo

73 1048 160 1124 signa
175 1044 211 1106 ad
225 1044 342 1105 hostem
356 1046 489 1105 converti
509 1046 662 1122 aciemque
682 1045 770 1124 dirigi
782 1046 867 1107 iubet
882 1053 911 1106 et
930 1047 1033 1126 paucis

74 1131 182 1191 turmis
195 1129 344 1208 praeside
359 1128 395 1189 ad
409 1128 620 1206 impedImenta
634 1129 762 1191 dimissis
773 1129 905 1208 reliquos
918 1132 1033 1209 equites

74 1212 111 1275 ad
132 1213 227 1274 latera
245 1213 383 1292 disponit.
415 1212 559 1273 Celeriter
578 1215 674 1274 nostri
693 1214 823 1275 clamore
843 1213 960 1276 sublato
974 1213 1065 1294 pilae

72 1299 105 1358 ln
120 1296 222 1358 hostes
236 1299 407 1358 immittunt.
439 1295 498 1365 llll,
516 1295 568 1357 ubi
582 1304 702 1376 praeter
716 1316 816 1377 spem,
837 1314 913 1375 quos
927 1299 1032 1376 lugere

73 1379 250 1450 credebant,
275 1382 391 1441 infestis
414 1382 506 1458 signis
525 1381 561 1450 ad
582 1399 614 1441 sc
639 1383 684 1443 irc
709 1382 860 1452 viderunt,
887 1384 1032 1462 impetum

73 1464 164 1526 modo
184 1466 265 1525 ferre
284 1482 345 1525 non
364 1471 527 1543 potuerunt
547 1482 581 1524 ac
599 1467 697 1544 primo
718 1484 867 1528 concursu
881 1468 912 1526 in
932 1467 1032 1544 lugam

73 1549 202 1610 coniecti
214 1566 375 1626 proxumas
388 1547 475 1608 silvas
489 1549 668 1627 petiverunt.
691 1550 771 1621 Quos
786 1549 934 1611 Labienus
950 1552 1033 1627 equi·
1048 1555 1065 1605 7

73 1640 138 1694 tatu
158 1640 345 1693 consectatus
364 1648 471 1709 magno
492 1650 618 1693 numero
637 1634 811 1702 interfecto,
837 1632 1031 1711 conpluribus

73 1719 169 1795 captis
192 1718 294 1796 paucis
318 1724 387 1794 post
411 1714 515 1776 diebus
535 1717 681 1777 civitatem
705 1718 828 1796 recepit,
864 1717 939 1778 Nam
957 1717 1031 1778 Ger·

73 1802 169 1868 mani,
191 1802 242 1876 qui
263 1799 371 1860 auxilio
392 1797 564 1869 veniebant,
585 1807 726 1879 percepta
742 1801 943 1861 Treverorum
962 1801 1032 1877 luga

73 1901 142 1944 sese
156 1883 276 1944 domum
290 1890 483 1962 receperunt.
506 1882 579 1944 Cum
595 1884 642 1944 bis
656 1885 818 1963 propinqui
826 1883 1030 1954 Indutiomari,
1046 1889 1063 1939 8

73 1968 127 2044 qui
146 1965 320 2028 deiectionis
340 1974 477 2028 auctores
496 1967 630 2036 fucrant,
651 1969 783 2028 comitati
798 1986 849 2028 eos
865 1985 900 2028 er
916 1969 1032 2028 civitate

73 2060 276 2112 excesserunt.
307 2051 500 2128 Cingetorigi,
523 2067 610 2127 quem
626 2050 662 2112 ab
682 2053 766 2112 initio
786 2053 987 2131 permansisse
1000 2053 1063 2113 int

72 2135 171 2196 officio
191 2135 470 2203 demonstravimus,
493 2136 677 2213 principatus
698 2143 785 2213 atque
805 2137 965 2215 imperium
987 2143 1032 2196 est

70 2218 224 2280 traditum.
978 2215 980 2220 ’

137 2301 223 2397 ῊΨ.
258 2300 378 2370 Cacsar,
394 2308 551 2379 postquam
567 2319 602 2362 ex
616 2302 760 2381 Menapiis
773 2303 805 2362 in
819 2302 967 2364 Treveros
981 2321 1030 2364 ve·
1047 2312 1060 2361 1

71 2388 131 2453 nit,
155 2383 269 2446 duabus
291 2385 328 2445 de
350 2385 446 2446 causis
460 2384 598 2447 Rhenum
617 2388 746 2451 tramine
767 2389 936 2458 constituit;
960 2397 1062 2466 qua-2

72 2487 141 2530 rum
156 2486 215 2529 una
229 2477 306 2539 erat,
330 2469 409 2546 quod
430 2469 539 2530 auxilia
553 2476 657 2531 contra
670 2487 704 2531 se
718 2470 856 2533 Treveris
876 2474 1028 2542 miserant,

71 2552 184 2621 altera,
207 2570 245 2613 ne
259 2551 295 2613 ad
312 2568 363 2613 eos
376 2552 528 2614 Ambiorix
548 2561 701 2635 receptum
722 2553 854 2617 haberet
886 2555 938 2617 His
959 2564 1061 2618 con-3

71 2637 183 2698 stitutis
197 2636 289 2697 rebus
302 2635 424 2715 paulum
438 2655 529 2716 supra
549 2655 617 2698 cnm
637 2637 750 2709 locum,
774 2656 833 2716 quo
854 2647 922 2701 ante
943 2659 1028 2702 exer·

71 2721 165 2781 citum
179 2720 360 2790 deduxerat,
375 2721 474 2782 facere
488 2730 610 2800 pontem
624 2723 760 2784 instituit.
791 2724 866 2785 Nota
881 2730 969 2801 atque
983 2727 1027 2785 in·
1044 2735 1062 2784 a

71 2807 174 2866 stituta
188 2805 303 2865 ratione
317 2822 424 2883 magno
444 2804 572 2866 militum
591 2807 689 2868 studio
709 2809 812 2887 paucis
832 2807 938 2868 diebus
954 2826 1030 2887 opus

71 2889 210 2949 eflicitur.
240 2888 339 2948 Firmo
353 2889 385 2948 in
399 2888 539 2950 Treveris
553 2889 589 2950 ad
603 2898 725 2970 pontem
745 2891 895 2971 praesidio
913 2892 1028 2963 relicto,
1044 2899 1061 2950 o

70 2989 110 3033 ne
131 2972 199 3049 quis
220 2970 257 3031 ab
277 2970 331 3032 bis
348 2971 447 3034 subito
474 2981 572 3034 motus
599 2983 750 3045 oreretur,
779 2974 908 3052 reliquas
930 2979 1029 3057 copias

70 3055 297 3132 sqrritatumque
311 3056 447 3118 uaduclt.
484 3057 565 3127 Ubii,
589 3060 639 3135 qui
659 3065 728 3120 ante
748 3059 866 3122 obsides
886 3059 1061 3123 dederanta

69 3146 161 3216 atque
174 3139 206 3200 ln
221 3138 401 3202 deditionem
414 3150 571 3212 venerant,
586 3144 733 3221 purgandi
747 3146 794 3206 sul
808 3162 896 3206 causa
907 3145 943 3208 ad
961 3164 1029 3207 sum

69 3221 184 3300 legatos
197 3224 327 3293 mittunt,
345 3225 396 3302 qul
409 3224 542 3295 doceant,
559 3243 657 3304 neque
671 3228 777 3290 auxilla
792 3247 828 3290 ex
844 3247 897 3291 sua
911 3231 1028 3291 civitate

69 3306 256 3368 inTreveros
270 3310 360 3370 missa
375 3326 472 3387 neqm
483 3310 520 3371 ab
532 3328 563 3372 se
574 3311 662 3382 tidem
677 3311 801 3382 laesam;
818 3321 925 3392 petunt
939 3321 1028 3392 atquo
1043 3321 1058 3369 t

70 3401 167 3467 orant,
194 3403 228 3452 ut
242 3392 297 3452 sibi
312 3401 428 3472 parcat,
450 3412 488 3454 ne
503 3398 652 3456 communi
667 3397 735 3457 odio
751 3397 966 3459 Germanorum
981 3400 1026 3458 in·

67 3485 214 3536 nocentes
229 3494 284 3555 pro
299 3477 475 3540 nocentibus
494 3497 605 3557 poenas
625 3481 770 3559 pendant;
792 3484 818 3542 si
833 3481 958 3560 amplius
973 3481 1026 3541 ob·
