2356 3870
410 228 488 287 CAR
502 229 748 289 xxv-xitum.
766 264 769 269 ·
1014 220 1056 290 5⁷

91 380 249 458 principes
278 379 432 440 civitatum
460 386 510 440 aut
531 379 661 441 interfici
684 385 734 440 aut
757 380 788 439 in
812 382 925 441 catenis
947 382 1056 450 teneri,

92 462 209 524 liberos
238 479 343 523 eorum
371 462 510 524 obsidum
538 467 659 525 nomine
688 467 720 524 in
743 465 917 525 servitutem
939 462 1055 543 abripi;

92 549 132 607 iis
155 565 186 606 se
209 549 241 606 in
262 549 395 607 miseriis
417 565 560 626 suamque
582 548 670 608 iidem
692 547 923 626 implorantibus
945 547 1074 607 auxillo·

94 637 218 708 propter
241 633 396 710 copiarum
417 634 599 710 paucitatem
622 649 768 692 essenon
797 649 896 710 posse.
945 631 1056 692 Milites
1075 635 1096 687 o

93 716 219 775 interim
242 717 275 775 iu
298 733 389 794 opere
413 733 554 776 exercere
577 722 664 794 atque
680 723 778 777 castra
792 717 921 786 munire,
944 723 1054 785 turres,

94 798 219 860 castella
248 801 347 860 lacere
374 798 527 879 molesque
555 801 656 860 iacere
683 801 716 858 in
749 817 833 861 mare
866 817 927 860 non
960 799 1055 860 Inter·

93 885 225 943 mittere.

157 966 272 1027 XXVII.
317 967 420 1046 Scipio
449 969 572 1029 interim
600 968 773 1046 elephantos
795 968 853 1029 hoc
873 966 962 1028 modo
984 984 1055 1028 con·
1077 973 1092 1022 ι

94 1050 271 1112 docelacere
294 1053 434 1113 instituit.
480 1052 559 1112 Duas
580 1053 723 1112 instruxit
744 1054 839 1121 acies,
868 1069 958 1112 unam
986 1053 1055 1112 lun·

94 1133 227 1196 ditorum
251 1143 354 1197 contra
377 1137 565 1215 elephantos,
594 1153 670 1214 quae
700 1138 785 1215 quasi
818 1135 1056 1196 adversariorum

96 1219 197 1279 locum
225 1218 377 1280 obtineret
408 1229 438 1280 et
468 1226 572 1280 contra
600 1238 704 1280 eorum
739 1222 870 1280 frontem
903 1219 1058 1280 adversam

93 1302 214 1381 lapillos
236 1307 370 1364 minutos
391 1305 541 1372 mitteret;
570 1303 679 1364 deinde
702 1306 734 1363 in
756 1303 893 1365 ordinem
915 1303 1056 1382 elephan-

92 1393 142 1446 tos
165 1390 336 1457 constituit,
364 1395 431 1466 post
458 1387 525 1448 illos
554 1395 653 1449 autem
675 1405 759 1448 suam
782 1389 878 1448 aciem
900 1388 1055 1456 iustruxit,

93 1476 138 1539 ut,
161 1487 230 1531 com
253 1470 290 1531 ab
312 1471 491 1532 adversariis
513 1471 628 1549 lapides
648 1473 729 1532 mitti
752 1474 922 1550 coepissent
943 1478 974 1532 et
995 1470 1056 1532 ele·

93 1553 199 1632 phanti
220 1555 375 1633 perterriti
402 1573 433 1615 se
463 1555 498 1615 ad
527 1573 596 1616 suos
623 1557 857 1624 convertissent,
885 1573 991 1617 musus
1018 1553 1056 1616 ab

95 1656 149 1698 sua
179 1640 243 1699 acie
271 1638 423 1717 lapidibus
450 1639 549 1699 missis
583 1656 635 1699 eos
669 1646 879 1699 converterent
912 1638 1055 1699 adversus

94 1721 224 1784 hostem.
244 1723 329 1794 Quod
352 1740 440 1801 aegre
462 1721 606 1801 tardeque
629 1720 733 1782 fiebat:
767 1722 859 1783 rudes
887 1724 967 1782 enirn
994 1722 1095 1782 ele-2

93 1805 198 1884 phanti
218 1807 382 1867 multorum
405 1823 551 1867 annorum
573 1805 710 1866 doctriua
732 1823 847 1884 usuque
868 1812 985 1867 vetusto
1006 1806 1056 1865 vix

95 1888 195 1950 edocti
216 1899 317 1953 tamen
339 1890 491 1951 communi
512 1888 649 1969 periculo
671 1891 704 1950 in
726 1891 822 1951 aciem
837 1888 1054 1969 producuntur.

157 1973 287 2034 XXVIII.
331 1975 408 2035 Dum
426 1973 499 2035 haec
516 1974 552 2034 ad
566 1975 730 2054 lluspInam
751 1973 789 2035 ab
811 1976 948 2053 utrisque
972 1974 1055 2034 duci·
1076 1983 1093 2030 ι

95 2056 153 2117 bus
175 2058 430 2129 admluistrantur,
454 2058 485 2118 C.
501 2057 652 2136 VergiIIus
666 2061 847 2137 praetorius,
871 2060 923 2137 qui
935 2059 1055 2136 Thapsi,

94 2141 206 2220 oppido
227 2145 396 2212 maritumo,
420 2149 567 2221 praeerat,
591 2160 659 2203 cum
682 2143 941 2212 animadverteret,
965 2160 1056 2204 naves

94 2225 229 2302 singulas
252 2246 321 2288 cum
343 2227 475 2288 exercitu
498 2226 632 2289 Caesaris
654 2228 786 2288 incertas
808 2228 944 2288 locorum
966 2234 1056 2306 atque

96 2318 263 2371 castrorum
291 2329 413 2371 suorum
440 2313 560 2387 vagari,
589 2312 778 2372 occasionem
805 2319 910 2372 nactus
938 2328 1055 2381 navem,

94 2411 184 2472 quam
206 2394 250 2455 Ibi
272 2393 391 2463 habuit,
415 2397 582 2454 actuariam
604 2394 734 2472 complet
755 2394 903 2455 militibus
919 2402 949 2455 et
963 2396 1055 2471 sagit·

94 2479 182 2537 tariis
198 2487 227 2538 et
250 2479 363 2539 eisdem
384 2478 509 2556 scaphas
531 2476 568 2538 de
589 2476 715 2537 navibus
738 2476 872 2554 adiungit
894 2496 929 2538 ac
951 2480 1054 2554 singu·

93 2561 138 2621 las
154 2579 244 2623 naves
259 2563 451 2623 Caesarianas
466 2563 634 2623 consectari
650 2562 759 2640 coepit.
802 2560 839 2622 Et
862 2578 931 2622 cum
952 2563 1055 2641 plures
1075 2574 1095 2622 2

95 2644 219 2706 adortus
242 2654 335 2716 esset,
359 2646 464 2726 pulsus
487 2648 664 2725 fugatusque
686 2645 756 2706 inde
779 2645 974 2715 discessisset,
998 2663 1055 2708 nco

93 2737 196 2788 tamen
219 2728 376 2791 desisteret
398 2730 581 2808 periclitari,
604 2731 683 2790 forte
705 2729 811 2789 incidit
832 2733 863 2789 in
885 2747 999 2797 navem,
1023 2731 1056 2790 in

94 2829 153 2889 qua
175 2821 261 2871 erant
283 2813 342 2872 duo
364 2814 451 2882 Titii,
474 2813 600 2890 IIispani
622 2812 843 2880 adulescentes,
872 2811 990 2871 tribuni
1012 2812 1055 2871 le·
1139 2876 1142 2882 ,

94 2896 193 2972 gionis
234 2908 281 2959 va
309 2915 437 2974 quorum
472 2905 588 2974 patrem
625 2896 732 2956 Caesar
767 2898 801 2955 in
837 2903 973 2955 senatum
1011 2895 1055 2956 le·

94 2987 194 3054 gerat,
219 2987 249 3039 et
272 2997 340 3041 curn
362 2981 409 3039 his
431 2980 464 3039 Τ.
489 2979 641 3049 Salienus,
665 2983 802 3041 centurio
825 2979 953 3057 legionis
975 2981 1055 3040 eius·

95 3062 178 3130 dein,
217 3066 268 3142 qui
297 3064 334 3124 Ill.
363 3063 519 3124 Messalam
553 3064 683 3141 legatum
715 3063 874 3125 obsederat
901 3063 1057 3125 Messanae

97 3146 326 3209 seditiosIssima
349 3149 485 3208 oratione
508 3147 586 3226 apud
609 3167 676 3208 eum
698 3166 779 3218 usus,
803 3148 941 3226 idemque
963 3167 1055 3227 pecu·

94 3232 176 3290 niam
196 3240 225 3291 et
248 3239 421 3293 ornamenta
444 3232 591 3311 triumphi
614 3232 749 3294 Caesaris
770 3231 927 3293 retinenda
949 3242 979 3293 et
1002 3253 1054 3295 cu·

95 3314 248 3375 stodieuda
271 3325 392 3377 curarat
415 3325 444 3376 et
467 3316 506 3378 ob
529 3317 582 3377 has
605 3335 708 3378 causas
731 3317 790 3377 sibi
812 3316 949 3377 timebat.
998 3318 1094 3378 llic&

91 3405 219 3476 propter
241 3400 454 3462 conscientiam
470 3408 664 3480 peccatorum
679 3420 800 3463 suorum
815 3403 966 3480 persuasit
981 3401 1054 3460 adu-

90 3480 286 3555 lescendbus,
309 3503 348 3546 ne
370 3493 573 3564 repugnarent
596 3503 725 3569 seseque
743 3483 1084 3566 hergliiotraderent,
