<?xml version="1.0" encoding="UTF-8"?>
<!DOCTYPE html PUBLIC "-//W3C//DTD XHTML 1.0 Transitional//EN"
    "http://www.w3.org/TR/xhtml1/DTD/xhtml1-transitional.dtd">
<html xmlns="http://www.w3.org/1999/xhtml" xml:lang="en" lang="en">
 <head>
  <title>
</title>
<meta http-equiv="Content-Type" content="text/html;charset=utf-8" />
  <meta name='ocr-system' content='tesseract 3.04.00' />
  <meta name='ocr-capabilities' content='ocr_page ocr_carea ocr_par ocr_line ocrx_word'/>
</head>
<body>
  <div class='ocr_page' id='page_1' title='image "./commentariicuma00caesgoog_0216.png"; bbox 0 0 2356 3870; ppageno 0'>
   <div class='ocr_carea' id='block_1_1' title="bbox 358 243 1047 308">
    <p class='ocr_par' dir='ltr' id='par_1_1' title="bbox 358 243 1047 308">
     <span class='ocr_line' id='line_1_1' title="bbox 358 243 1047 308; baseline 0.009 -6"><span class='ocrx_word' id='word_1_1' title='bbox 358 247 470 303; x_wconf 80' lang='lat' dir='ltr'><strong>COMM.</strong></span> <span class='ocrx_word' id='word_1_2' title='bbox 485 248 507 304; x_wconf 89' lang='lat' dir='ltr'>l.</span> <span class='ocrx_word' id='word_1_3' title='bbox 530 247 605 303; x_wconf 81' lang='lat' dir='ltr'><strong>CAP.</strong></span> <span class='ocrx_word' id='word_1_4' title='bbox 621 249 777 304; x_wconf 84' lang='lat' dir='ltr'>IIII—Vll.</span> <span class='ocrx_word' id='word_1_5' title='bbox 1026 243 1047 308; x_wconf 90' lang='lat'>5</span> 
     </span>
    </p>
   </div>
   <div class='ocr_carea' id='block_1_2' title="bbox 20 413 1130 3618">
    <p class='ocr_par' dir='ltr' id='par_1_2' title="bbox 88 413 1070 579">
     <span class='ocr_line' id='line_1_2' title="bbox 88 413 1046 495; baseline -0.002 -17"><span class='ocrx_word' id='word_1_6' title='bbox 88 419 127 478; x_wconf 88' lang='lat' dir='ltr'>sit</span> <span class='ocrx_word' id='word_1_7' title='bbox 143 421 231 495; x_wconf 89' lang='lat' dir='ltr'>atque</span> <span class='ocrx_word' id='word_1_8' title='bbox 247 414 373 484; x_wconf 82' lang='lat' dir='ltr'>amicus3</span> <span class='ocrx_word' id='word_1_9' title='bbox 395 413 552 475; x_wconf 79' lang='lat' dir='ltr'><strong>Marcellus</strong></span> <span class='ocrx_word' id='word_1_10' title='bbox 569 434 638 475; x_wconf 88' lang='lat' dir='ltr'>vero</span> <span class='ocrx_word' id='word_1_11' title='bbox 659 434 814 494; x_wconf 86' lang='lat' dir='ltr'>passurum</span> <span class='ocrx_word' id='word_1_12' title='bbox 830 419 861 476; x_wconf 91' lang='lat' dir='ltr'>iu</span> <span class='ocrx_word' id='word_1_13' title='bbox 877 419 1046 495; x_wconf 88' lang='lat' dir='ltr'>praesentia</span> 
     </span>
     <span class='ocr_line' id='line_1_3' title="bbox 91 499 1070 579; baseline -0.003 -18"><span class='ocrx_word' id='word_1_14' title='bbox 91 508 190 578; x_wconf 82' lang='lat' dir='ltr'>negat.</span> <span class='ocrx_word' id='word_1_15' title='bbox 221 500 263 559; x_wconf 88' lang='lat' dir='ltr'>De</span> <span class='ocrx_word' id='word_1_16' title='bbox 280 499 389 559; x_wconf 87' lang='lat' dir='ltr'>Fausto</span> <span class='ocrx_word' id='word_1_17' title='bbox 404 499 530 578; x_wconf 88' lang='lat' dir='ltr'>impedit</span> <span class='ocrx_word' id='word_1_18' title='bbox 545 500 700 579; x_wconf 84' lang='lat' dir='ltr'>Philippus</span> <span class='ocrx_word' id='word_1_19' title='bbox 715 499 855 561; x_wconf 91' lang='lat' dir='ltr'>tribunus</span> <span class='ocrx_word' id='word_1_20' title='bbox 869 500 975 579; x_wconf 90' lang='lat' dir='ltr'>plebis.</span> <span class='ocrx_word' id='word_1_21' title='bbox 1002 499 1070 560; x_wconf 71' lang='lat' dir='ltr'>Ded</span> 
     </span>
    </p>

    <p class='ocr_par' dir='ltr' id='par_1_3' title="bbox 51 582 1072 1674">
     <span class='ocr_line' id='line_1_4' title="bbox 51 582 1044 663; baseline 0 -19"><span class='ocrx_word' id='word_1_22' title='bbox 51 642 66 655; x_wconf 59' lang='lat'><em>„</em></span> <span class='ocrx_word' id='word_1_23' title='bbox 90 585 216 662; x_wconf 88' lang='lat' dir='ltr'>reliquis</span> <span class='ocrx_word' id='word_1_24' title='bbox 231 582 323 643; x_wconf 86' lang='lat' dir='ltr'>rebus</span> <span class='ocrx_word' id='word_1_25' title='bbox 339 584 592 644; x_wconf 89' lang='lat' dir='ltr'>senatusconsulta</span> <span class='ocrx_word' id='word_1_26' title='bbox 607 583 844 663; x_wconf 89' lang='lat' dir='ltr'>perscribuntur.</span> <span class='ocrx_word' id='word_1_27' title='bbox 874 585 1044 645; x_wconf 82' lang='lat' dir='ltr'>Provinciae</span> 
     </span>
     <span class='ocr_line' id='line_1_5' title="bbox 88 667 1043 749; baseline 0.002 -21"><span class='ocrx_word' id='word_1_28' title='bbox 88 671 213 749; x_wconf 92' lang='lat' dir='ltr'>privatis</span> <span class='ocrx_word' id='word_1_29' title='bbox 225 668 436 737; x_wconf 86' lang='lat' dir='ltr'>decernuntur,</span> <span class='ocrx_word' id='word_1_30' title='bbox 448 667 522 727; x_wconf 91' lang='lat' dir='ltr'>duae</span> <span class='ocrx_word' id='word_1_31' title='bbox 536 669 714 736; x_wconf 86' lang='lat' dir='ltr'>consulares,</span> <span class='ocrx_word' id='word_1_32' title='bbox 726 670 857 748; x_wconf 89' lang='lat' dir='ltr'>reliquae</span> <span class='ocrx_word' id='word_1_33' title='bbox 868 671 1043 749; x_wconf 80' lang='lat' dir='ltr'><strong>praetoriae.</strong></span> 
     </span>
     <span class='ocr_line' id='line_1_6' title="bbox 89 751 1044 832; baseline -0.001 -19"><span class='ocrx_word' id='word_1_34' title='bbox 89 754 221 832; x_wconf 84' lang='lat' dir='ltr'>Scipioni</span> <span class='ocrx_word' id='word_1_35' title='bbox 234 751 742 831; x_wconf 80' lang='lat' dir='ltr'>obvenitSyria,L.DomitioGa.llia.</span> <span class='ocrx_word' id='word_1_36' title='bbox 766 753 1044 832; x_wconf 89' lang='lat' dir='ltr'>PhilippusetGotta</span> 
     </span>
     <span class='ocr_line' id='line_1_7' title="bbox 88 836 1044 917; baseline -0.002 -20"><span class='ocrx_word' id='word_1_37' title='bbox 88 840 204 917; x_wconf 90' lang='lat' dir='ltr'>privato</span> <span class='ocrx_word' id='word_1_38' title='bbox 225 836 349 896; x_wconf 89' lang='lat' dir='ltr'>consilio</span> <span class='ocrx_word' id='word_1_39' title='bbox 369 845 610 914; x_wconf 87' lang='lat' dir='ltr'>praetereuntur,</span> <span class='ocrx_word' id='word_1_40' title='bbox 632 855 728 916; x_wconf 83' lang='lat' dir='ltr'>neque</span> <span class='ocrx_word' id='word_1_41' title='bbox 749 855 850 897; x_wconf 85' lang='lat' dir='ltr'>eorum</span> <span class='ocrx_word' id='word_1_42' title='bbox 872 841 967 901; x_wconf 87' lang='lat' dir='ltr'>sortes</span> <span class='ocrx_word' id='word_1_43' title='bbox 983 837 1044 897; x_wconf 88' lang='lat' dir='ltr'>dei-</span> 
     </span>
     <span class='ocr_line' id='line_1_8' title="bbox 88 921 1070 1001; baseline -0.003 -20"><span class='ocrx_word' id='word_1_44' title='bbox 88 925 217 982; x_wconf 81' lang='lat' dir='ltr'>ciuntur.</span> <span class='ocrx_word' id='word_1_45' title='bbox 248 921 282 981; x_wconf 93' lang='lat' dir='ltr'>ln</span> <span class='ocrx_word' id='word_1_46' title='bbox 297 921 428 998; x_wconf 92' lang='lat' dir='ltr'>reliquas</span> <span class='ocrx_word' id='word_1_47' title='bbox 442 923 610 999; x_wconf 86' lang='lat' dir='ltr'>provincias</span> <span class='ocrx_word' id='word_1_48' title='bbox 624 928 777 1001; x_wconf 88' lang='lat' dir='ltr'>praetores</span> <span class='ocrx_word' id='word_1_49' title='bbox 791 923 959 982; x_wconf 89' lang='lat' dir='ltr'>mittuntur.</span> <span class='ocrx_word' id='word_1_50' title='bbox 985 921 1070 981; x_wconf 76' lang='lat' dir='ltr'>Nea</span> 
     </span>
     <span class='ocr_line' id='line_1_9' title="bbox 87 1004 1044 1086; baseline -0.001 -21"><span class='ocrx_word' id='word_1_51' title='bbox 87 1024 145 1086; x_wconf 91' lang='lat' dir='ltr'>que</span> <span class='ocrx_word' id='word_1_52' title='bbox 161 1012 332 1084; x_wconf 79' lang='lat' dir='ltr'>expectant,</span> <span class='ocrx_word' id='word_1_53' title='bbox 355 1004 432 1083; x_wconf 93' lang='lat' dir='ltr'>quod</span> <span class='ocrx_word' id='word_1_54' title='bbox 448 1005 653 1083; x_wconf 89' lang='lat' dir='ltr'>superioribus</span> <span class='ocrx_word' id='word_1_55' title='bbox 668 1008 754 1066; x_wconf 91' lang='lat' dir='ltr'>annis</span> <span class='ocrx_word' id='word_1_56' title='bbox 769 1007 932 1075; x_wconf 86' lang='lat' dir='ltr'>acciderat,</span> <span class='ocrx_word' id='word_1_57' title='bbox 954 1013 987 1065; x_wconf 90' lang='lat' dir='ltr'>ut</span> <span class='ocrx_word' id='word_1_58' title='bbox 1007 1006 1044 1064; x_wconf 91' lang='lat' dir='ltr'>de</span> 
     </span>
     <span class='ocr_line' id='line_1_10' title="bbox 89 1088 1045 1169; baseline -0.001 -19"><span class='ocrx_word' id='word_1_59' title='bbox 89 1109 193 1150; x_wconf 92' lang='lat' dir='ltr'>eorum</span> <span class='ocrx_word' id='word_1_60' title='bbox 217 1088 344 1168; x_wconf 92' lang='lat' dir='ltr'>imperio</span> <span class='ocrx_word' id='word_1_61' title='bbox 359 1089 406 1149; x_wconf 53' lang='lat' dir='ltr'>&gt;ad</span> <span class='ocrx_word' id='word_1_62' title='bbox 433 1088 576 1168; x_wconf 90' lang='lat' dir='ltr'>populum</span> <span class='ocrx_word' id='word_1_63' title='bbox 598 1091 724 1160; x_wconf 84' lang='lat' dir='ltr'>seratur,</span> <span class='ocrx_word' id='word_1_64' title='bbox 754 1091 944 1169; x_wconf 74' lang='lat' dir='ltr'>paludatique</span> <span class='ocrx_word' id='word_1_65' title='bbox 969 1091 1045 1149; x_wconf 86' lang='lat' dir='ltr'>votis</span> 
     </span>
     <span class='ocr_line' id='line_1_11' title="bbox 88 1173 1071 1253; baseline -0.002 -19"><span class='ocrx_word' id='word_1_66' title='bbox 88 1176 266 1253; x_wconf 91' lang='lat' dir='ltr'>nuncupatis</span> <span class='ocrx_word' id='word_1_67' title='bbox 280 1183 398 1234; x_wconf 84' lang='lat' dir='ltr'>exeunt.</span> <span class='ocrx_word' id='word_1_68' title='bbox 426 1173 576 1242; x_wconf 76' lang='lat' dir='ltr'>Consules</span> <span class='ocrx_word' id='word_1_69' title='bbox 592 1175 670 1252; x_wconf 92' lang='lat' dir='ltr'>quod</span> <span class='ocrx_word' id='word_1_70' title='bbox 682 1179 748 1233; x_wconf 90' lang='lat' dir='ltr'>ante</span> <span class='ocrx_word' id='word_1_71' title='bbox 759 1175 789 1235; x_wconf 93' lang='lat' dir='ltr'>id</span> <span class='ocrx_word' id='word_1_72' title='bbox 805 1182 921 1253; x_wconf 89' lang='lat' dir='ltr'>tempus</span> <span class='ocrx_word' id='word_1_73' title='bbox 936 1175 1071 1234; x_wconf 67' lang='lat' dir='ltr'>accidit?</span> 
     </span>
     <span class='ocr_line' id='line_1_12' title="bbox 87 1255 1044 1338; baseline -0.002 -19"><span class='ocrx_word' id='word_1_74' title='bbox 87 1277 253 1338; x_wconf 89' lang='lat' dir='ltr'>nunquam,</span> <span class='ocrx_word' id='word_1_75' title='bbox 276 1255 358 1318; x_wconf 84' lang='lat' dir='ltr'>elom</span> <span class='ocrx_word' id='word_1_76' title='bbox 378 1275 413 1317; x_wconf 85' lang='lat' dir='ltr'>er</span> <span class='ocrx_word' id='word_1_77' title='bbox 431 1255 506 1317; x_wconf 90' lang='lat' dir='ltr'>urbe</span> <span class='ocrx_word' id='word_1_78' title='bbox 527 1258 766 1336; x_wconf 81' lang='lat' dir='ltr'>proficiscuntur,</span> <span class='ocrx_word' id='word_1_79' title='bbox 792 1259 971 1337; x_wconf 82' lang='lat' dir='ltr'>lictoresque</span> <span class='ocrx_word' id='word_1_80' title='bbox 992 1259 1044 1317; x_wconf 93' lang='lat' dir='ltr'>ha·</span> 
     </span>
     <span class='ocr_line' id='line_1_13' title="bbox 88 1341 1044 1421; baseline -0.001 -19"><span class='ocrx_word' id='word_1_81' title='bbox 88 1343 161 1403; x_wconf 90' lang='lat' dir='ltr'>bent</span> <span class='ocrx_word' id='word_1_82' title='bbox 182 1345 213 1403; x_wconf 91' lang='lat' dir='ltr'>iu</span> <span class='ocrx_word' id='word_1_83' title='bbox 233 1342 309 1403; x_wconf 89' lang='lat' dir='ltr'>urbe</span> <span class='ocrx_word' id='word_1_84' title='bbox 325 1349 355 1402; x_wconf 89' lang='lat' dir='ltr'>et</span> <span class='ocrx_word' id='word_1_85' title='bbox 370 1341 513 1421; x_wconf 87' lang='lat' dir='ltr'>Capitolio</span> <span class='ocrx_word' id='word_1_86' title='bbox 531 1344 640 1420; x_wconf 85' lang='lat' dir='ltr'>privati</span> <span class='ocrx_word' id='word_1_87' title='bbox 661 1350 763 1403; x_wconf 91' lang='lat' dir='ltr'>contra</span> <span class='ocrx_word' id='word_1_88' title='bbox 779 1345 876 1404; x_wconf 91' lang='lat' dir='ltr'>omnia</span> <span class='ocrx_word' id='word_1_89' title='bbox 891 1344 1044 1403; x_wconf 88' lang='lat' dir='ltr'>vetustatis</span> 
     </span>
     <span class='ocr_line' id='line_1_14' title="bbox 87 1426 1072 1505; baseline -0.004 -17"><span class='ocrx_word' id='word_1_90' title='bbox 87 1428 230 1505; x_wconf 81' lang='lat' dir='ltr'>exempla.</span> <span class='ocrx_word' id='word_1_91' title='bbox 257 1426 330 1486; x_wconf 84' lang='lat' dir='ltr'>Tota</span> <span class='ocrx_word' id='word_1_92' title='bbox 342 1426 426 1486; x_wconf 93' lang='lat' dir='ltr'>ltalia</span> <span class='ocrx_word' id='word_1_93' title='bbox 439 1426 570 1486; x_wconf 87' lang='lat' dir='ltr'>delectus</span> <span class='ocrx_word' id='word_1_94' title='bbox 583 1427 739 1496; x_wconf 88' lang='lat' dir='ltr'>habentur,</span> <span class='ocrx_word' id='word_1_95' title='bbox 752 1445 832 1488; x_wconf 94' lang='lat' dir='ltr'>arma</span> <span class='ocrx_word' id='word_1_96' title='bbox 847 1429 1041 1505; x_wconf 88' lang='lat' dir='ltr'>imperantur,</span> <span class='ocrx_word' id='word_1_97' title='bbox 1055 1435 1072 1484; x_wconf 84' lang='lat'>8</span> 
     </span>
     <span class='ocr_line' id='line_1_15' title="bbox 87 1511 1045 1590; baseline -0.001 -18"><span class='ocrx_word' id='word_1_98' title='bbox 87 1511 229 1590; x_wconf 92' lang='lat' dir='ltr'>pecuniae</span> <span class='ocrx_word' id='word_1_99' title='bbox 244 1529 261 1571; x_wconf 94' lang='lat' dir='ltr'>a</span> <span class='ocrx_word' id='word_1_100' title='bbox 275 1512 447 1588; x_wconf 89' lang='lat' dir='ltr'>municipiis</span> <span class='ocrx_word' id='word_1_101' title='bbox 462 1513 627 1587; x_wconf 82' lang='lat' dir='ltr'>exiguntur,</span> <span class='ocrx_word' id='word_1_102' title='bbox 643 1529 659 1570; x_wconf 83' lang='lat' dir='ltr'>e</span> <span class='ocrx_word' id='word_1_103' title='bbox 675 1513 751 1571; x_wconf 85' lang='lat' dir='ltr'>lanis</span> <span class='ocrx_word' id='word_1_104' title='bbox 765 1511 926 1581; x_wconf 87' lang='lat' dir='ltr'>tolluntur,</span> <span class='ocrx_word' id='word_1_105' title='bbox 947 1514 1045 1571; x_wconf 92' lang='lat' dir='ltr'>omnia</span> 
     </span>
     <span class='ocr_line' id='line_1_16' title="bbox 87 1596 710 1674; baseline -0.005 -17"><span class='ocrx_word' id='word_1_106' title='bbox 87 1597 186 1657; x_wconf 80' lang='lat' dir='ltr'>divina</span> <span class='ocrx_word' id='word_1_107' title='bbox 201 1596 386 1673; x_wconf 92' lang='lat' dir='ltr'>humanaque</span> <span class='ocrx_word' id='word_1_108' title='bbox 402 1597 468 1655; x_wconf 94' lang='lat' dir='ltr'>iura</span> <span class='ocrx_word' id='word_1_109' title='bbox 483 1597 710 1674; x_wconf 84' lang='lat' dir='ltr'>permiscentur.</span> 
     </span>
    </p>

    <p class='ocr_par' dir='ltr' id='par_1_4' title="bbox 86 1678 1070 1926">
     <span class='ocr_line' id='line_1_17' title="bbox 149 1678 1070 1758; baseline -0.004 -18"><span class='ocrx_word' id='word_1_110' title='bbox 149 1679 211 1740; x_wconf 89' lang='lat' dir='ltr'>Vll.</span> <span class='ocrx_word' id='word_1_111' title='bbox 240 1678 353 1748; x_wconf 85' lang='lat' dir='ltr'>Quibus</span> <span class='ocrx_word' id='word_1_112' title='bbox 367 1678 458 1740; x_wconf 89' lang='lat' dir='ltr'>rebus</span> <span class='ocrx_word' id='word_1_113' title='bbox 479 1680 605 1756; x_wconf 87' lang='lat' dir='ltr'>cognitis</span> <span class='ocrx_word' id='word_1_114' title='bbox 620 1679 728 1740; x_wconf 87' lang='lat' dir='ltr'>Caesar</span> <span class='ocrx_word' id='word_1_115' title='bbox 749 1679 827 1758; x_wconf 91' lang='lat' dir='ltr'>apud</span> <span class='ocrx_word' id='word_1_116' title='bbox 847 1678 958 1739; x_wconf 88' lang='lat' dir='ltr'>milites</span> <span class='ocrx_word' id='word_1_117' title='bbox 975 1687 1070 1739; x_wconf 89' lang='lat' dir='ltr'>eon-t</span> 
     </span>
     <span class='ocr_line' id='line_1_18' title="bbox 86 1763 1044 1842; baseline -0.002 -17"><span class='ocrx_word' id='word_1_118' title='bbox 86 1767 226 1826; x_wconf 89' lang='lat' dir='ltr'>tionatur.</span> <span class='ocrx_word' id='word_1_119' title='bbox 264 1763 402 1823; x_wconf 87' lang='lat' dir='ltr'>Omnium</span> <span class='ocrx_word' id='word_1_120' title='bbox 418 1770 583 1842; x_wconf 90' lang='lat' dir='ltr'>temporum</span> <span class='ocrx_word' id='word_1_121' title='bbox 604 1765 728 1823; x_wconf 89' lang='lat' dir='ltr'>iniurias</span> <span class='ocrx_word' id='word_1_122' title='bbox 748 1763 937 1824; x_wconf 92' lang='lat' dir='ltr'>inimicorum</span> <span class='ocrx_word' id='word_1_123' title='bbox 959 1765 991 1823; x_wconf 91' lang='lat' dir='ltr'>iu</span> <span class='ocrx_word' id='word_1_124' title='bbox 1012 1781 1044 1823; x_wconf 86' lang='lat' dir='ltr'>se</span> 
     </span>
     <span class='ocr_line' id='line_1_19' title="bbox 86 1845 1045 1926; baseline -0.001 -18"><span class='ocrx_word' id='word_1_125' title='bbox 86 1852 312 1917; x_wconf 89' lang='lat' dir='ltr'>commemorat;</span> <span class='ocrx_word' id='word_1_126' title='bbox 340 1867 356 1907; x_wconf 90' lang='lat' dir='ltr'>a</span> <span class='ocrx_word' id='word_1_127' title='bbox 383 1847 491 1926; x_wconf 91' lang='lat' dir='ltr'>quibus</span> <span class='ocrx_word' id='word_1_128' title='bbox 513 1847 672 1908; x_wconf 87' lang='lat' dir='ltr'>deductum</span> <span class='ocrx_word' id='word_1_129' title='bbox 692 1865 726 1907; x_wconf 90' lang='lat' dir='ltr'>ac</span> <span class='ocrx_word' id='word_1_130' title='bbox 748 1846 938 1925; x_wconf 88' lang='lat' dir='ltr'>depravatum</span> <span class='ocrx_word' id='word_1_131' title='bbox 959 1845 1045 1907; x_wconf 91' lang='lat' dir='ltr'>Pom-</span> 
     </span>
    </p>

    <p class='ocr_par' dir='ltr' id='par_1_5' title="bbox 23 1930 1130 3531">
     <span class='ocr_line' id='line_1_20' title="bbox 23 1930 1043 2017; baseline -0.002 -25"><span class='ocrx_word' id='word_1_132' title='bbox 23 1994 26 2002; x_wconf 66' lang='lat'>,</span> <span class='ocrx_word' id='word_1_133' title='bbox 85 1935 186 2017; x_wconf 91' lang='lat' dir='ltr'>peium</span> <span class='ocrx_word' id='word_1_134' title='bbox 211 1930 346 2012; x_wconf 91' lang='lat' dir='ltr'>queritur</span> <span class='ocrx_word' id='word_1_135' title='bbox 372 1931 480 1991; x_wconf 87' lang='lat' dir='ltr'>invidia</span> <span class='ocrx_word' id='word_1_136' title='bbox 504 1939 591 2010; x_wconf 91' lang='lat' dir='ltr'>atque</span> <span class='ocrx_word' id='word_1_137' title='bbox 611 1930 826 1992; x_wconf 85' lang='lat' dir='ltr'>obtrectatione</span> <span class='ocrx_word' id='word_1_138' title='bbox 848 1931 944 1992; x_wconf 90' lang='lat' dir='ltr'>laudis</span> <span class='ocrx_word' id='word_1_139' title='bbox 964 1949 1043 2001; x_wconf 89' lang='lat' dir='ltr'>suae,</span> 
     </span>
     <span class='ocr_line' id='line_1_21' title="bbox 87 2015 1130 2096; baseline 0 -20"><span class='ocrx_word' id='word_1_140' title='bbox 87 2020 172 2076; x_wconf 87' lang='lat' dir='ltr'>cuius</span> <span class='ocrx_word' id='word_1_141' title='bbox 191 2018 255 2095; x_wconf 91' lang='lat' dir='ltr'>ipse</span> <span class='ocrx_word' id='word_1_142' title='bbox 278 2015 385 2075; x_wconf 90' lang='lat' dir='ltr'>honori</span> <span class='ocrx_word' id='word_1_143' title='bbox 406 2023 436 2076; x_wconf 87' lang='lat' dir='ltr'>et</span> <span class='ocrx_word' id='word_1_144' title='bbox 456 2016 594 2093; x_wconf 85' lang='lat' dir='ltr'>dignitati</span> <span class='ocrx_word' id='word_1_145' title='bbox 616 2034 733 2095; x_wconf 89' lang='lat' dir='ltr'>semper</span> <span class='ocrx_word' id='word_1_146' title='bbox 747 2017 855 2077; x_wconf 86' lang='lat' dir='ltr'>laverit</span> <span class='ocrx_word' id='word_1_147' title='bbox 871 2017 1045 2096; x_wconf 90' lang='lat' dir='ltr'>adiutorque</span> <span class='ocrx_word' id='word_1_148' title='bbox 1129 2086 1130 2089; x_wconf 7' lang='grc' dir='ltr'><strong>Ἴ</strong></span> 
     </span>
     <span class='ocr_line' id='line_1_22' title="bbox 86 2097 1072 2180; baseline -0.001 -21"><span class='ocrx_word' id='word_1_149' title='bbox 86 2100 184 2160; x_wconf 85' lang='lat' dir='ltr'>luerit.</span> <span class='ocrx_word' id='word_1_150' title='bbox 220 2097 335 2160; x_wconf 83' lang='lat' dir='ltr'>Novum</span> <span class='ocrx_word' id='word_1_151' title='bbox 356 2101 388 2159; x_wconf 95' lang='lat' dir='ltr'>in</span> <span class='ocrx_word' id='word_1_152' title='bbox 402 2098 556 2179; x_wconf 89' lang='lat' dir='ltr'>republica</span> <span class='ocrx_word' id='word_1_153' title='bbox 575 2101 776 2161; x_wconf 87' lang='lat' dir='ltr'>introductum</span> <span class='ocrx_word' id='word_1_154' title='bbox 792 2101 1072 2180; x_wconf 76' lang='lat' dir='ltr'>exemplumque-a</span> 
     </span>
     <span class='ocr_line' id='line_1_23' title="bbox 84 2183 1046 2264; baseline -0.002 -19"><span class='ocrx_word' id='word_1_155' title='bbox 84 2186 179 2253; x_wconf 80' lang='lat' dir='ltr'>nitur,</span> <span class='ocrx_word' id='word_1_156' title='bbox 201 2190 235 2243; x_wconf 89' lang='lat' dir='ltr'>ut</span> <span class='ocrx_word' id='word_1_157' title='bbox 250 2183 411 2244; x_wconf 90' lang='lat' dir='ltr'>tribunicia</span> <span class='ocrx_word' id='word_1_158' title='bbox 427 2187 601 2245; x_wconf 88' lang='lat' dir='ltr'>intercessio</span> <span class='ocrx_word' id='word_1_159' title='bbox 617 2187 708 2246; x_wconf 93' lang='lat' dir='ltr'>armis</span> <span class='ocrx_word' id='word_1_160' title='bbox 722 2192 875 2246; x_wconf 88' lang='lat' dir='ltr'>notaretur</span> <span class='ocrx_word' id='word_1_161' title='bbox 889 2192 978 2264; x_wconf 90' lang='lat' dir='ltr'>atque</span> <span class='ocrx_word' id='word_1_162' title='bbox 994 2183 1046 2244; x_wconf 91' lang='lat' dir='ltr'>ob·</span> 
     </span>
     <span class='ocr_line' id='line_1_24' title="bbox 84 2267 1045 2350; baseline 0.001 -23"><span class='ocrx_word' id='word_1_163' title='bbox 84 2269 282 2347; x_wconf 89' lang='lat' dir='ltr'>primeretur,</span> <span class='ocrx_word' id='word_1_164' title='bbox 304 2286 379 2347; x_wconf 89' lang='lat' dir='ltr'>quae</span> <span class='ocrx_word' id='word_1_165' title='bbox 395 2267 600 2346; x_wconf 88' lang='lat' dir='ltr'>superioribus</span> <span class='ocrx_word' id='word_1_166' title='bbox 615 2271 700 2329; x_wconf 88' lang='lat' dir='ltr'>anuis</span> <span class='ocrx_word' id='word_1_167' title='bbox 717 2267 838 2350; x_wconf 91' lang='lat' dir='ltr'>[armis]</span> <span class='ocrx_word' id='word_1_168' title='bbox 857 2277 936 2331; x_wconf 89' lang='lat' dir='ltr'>esset</span> <span class='ocrx_word' id='word_1_169' title='bbox 958 2271 1045 2329; x_wconf 89' lang='lat' dir='ltr'>resti·</span> 
     </span>
     <span class='ocr_line' id='line_1_25' title="bbox 85 2352 1072 2432; baseline -0.001 -20"><span class='ocrx_word' id='word_1_170' title='bbox 85 2359 159 2412; x_wconf 90' lang='lat' dir='ltr'>tuta.</span> <span class='ocrx_word' id='word_1_171' title='bbox 196 2352 307 2412; x_wconf 93' lang='lat' dir='ltr'>Sullam</span> <span class='ocrx_word' id='word_1_172' title='bbox 327 2352 436 2412; x_wconf 89' lang='lat' dir='ltr'>nudata</span> <span class='ocrx_word' id='word_1_173' title='bbox 452 2352 590 2413; x_wconf 88' lang='lat' dir='ltr'>omnibus</span> <span class='ocrx_word' id='word_1_174' title='bbox 608 2353 698 2413; x_wconf 91' lang='lat' dir='ltr'>rebus</span> <span class='ocrx_word' id='word_1_175' title='bbox 719 2353 879 2415; x_wconf 89' lang='lat' dir='ltr'>tribunicia</span> <span class='ocrx_word' id='word_1_176' title='bbox 900 2360 1072 2432; x_wconf 70' lang='lat' dir='ltr'>potestates</span> 
     </span>
     <span class='ocr_line' id='line_1_26' title="bbox 85 2435 1073 2517; baseline -0.002 -20"><span class='ocrx_word' id='word_1_177' title='bbox 85 2444 184 2497; x_wconf 89' lang='lat' dir='ltr'>tamen</span> <span class='ocrx_word' id='word_1_178' title='bbox 201 2438 445 2496; x_wconf 89' lang='lat' dir='ltr'>intercessionem</span> <span class='ocrx_word' id='word_1_179' title='bbox 461 2435 586 2497; x_wconf 87' lang='lat' dir='ltr'>liberam</span> <span class='ocrx_word' id='word_1_180' title='bbox 601 2437 774 2517; x_wconf 88' lang='lat' dir='ltr'>reliquisse;</span> <span class='ocrx_word' id='word_1_181' title='bbox 794 2438 976 2516; x_wconf 91' lang='lat' dir='ltr'>Pompeium,</span> <span class='ocrx_word' id='word_1_182' title='bbox 993 2439 1073 2516; x_wconf 78' lang='lat' dir='ltr'>quit</span> 
     </span>
     <span class='ocr_line' id='line_1_27' title="bbox 84 2520 1045 2598; baseline -0.001 -17"><span class='ocrx_word' id='word_1_183' title='bbox 84 2521 193 2581; x_wconf 91' lang='lat' dir='ltr'>amissa</span> <span class='ocrx_word' id='word_1_184' title='bbox 208 2521 377 2580; x_wconf 86' lang='lat' dir='ltr'>restituisse</span> <span class='ocrx_word' id='word_1_185' title='bbox 391 2520 527 2581; x_wconf 82' lang='lat' dir='ltr'>rideatur</span> <span class='ocrx_word' id='word_1_186' title='bbox 543 2520 629 2590; x_wconf 92' lang='lat' dir='ltr'>bona,</span> <span class='ocrx_word' id='word_1_187' title='bbox 646 2524 744 2591; x_wconf 90' lang='lat' dir='ltr'>etiam,</span> <span class='ocrx_word' id='word_1_188' title='bbox 761 2539 837 2598; x_wconf 88' lang='lat' dir='ltr'>quae</span> <span class='ocrx_word' id='word_1_189' title='bbox 852 2529 919 2581; x_wconf 90' lang='lat' dir='ltr'>aute</span> <span class='ocrx_word' id='word_1_190' title='bbox 934 2520 1045 2580; x_wconf 90' lang='lat' dir='ltr'>habue-</span> 
     </span>
     <span class='ocr_line' id='line_1_28' title="bbox 83 2602 1070 2683; baseline -0.002 -19"><span class='ocrx_word' id='word_1_191' title='bbox 83 2604 159 2674; x_wconf 87' lang='lat' dir='ltr'>rint,</span> <span class='ocrx_word' id='word_1_192' title='bbox 186 2603 342 2666; x_wconf 86' lang='lat' dir='ltr'>ademisse.</span> <span class='ocrx_word' id='word_1_193' title='bbox 383 2602 654 2683; x_wconf 85' lang='lat' dir='ltr'>Quotienscumque</span> <span class='ocrx_word' id='word_1_194' title='bbox 681 2608 719 2665; x_wconf 90' lang='lat' dir='ltr'>sit</span> <span class='ocrx_word' id='word_1_195' title='bbox 744 2607 911 2675; x_wconf 87' lang='lat' dir='ltr'>decretum,</span> <span class='ocrx_word' id='word_1_196' title='bbox 939 2606 1070 2665; x_wconf 74' lang='lat' dir='ltr'>darento</span> 
     </span>
     <span class='ocr_line' id='line_1_29' title="bbox 84 2689 1045 2768; baseline 0 -20"><span class='ocrx_word' id='word_1_197' title='bbox 84 2706 206 2767; x_wconf 86' lang='lat' dir='ltr'>operam</span> <span class='ocrx_word' id='word_1_198' title='bbox 221 2691 424 2766; x_wconf 69' lang='lat' dir='ltr'>magistratus</span> <span class='ocrx_word' id='word_1_199' title='bbox 445 2689 569 2768; x_wconf 89' lang='lat' dir='ltr'>nequid</span> <span class='ocrx_word' id='word_1_200' title='bbox 585 2689 754 2768; x_wconf 86' lang='lat' dir='ltr'>respublica</span> <span class='ocrx_word' id='word_1_201' title='bbox 770 2690 941 2751; x_wconf 90' lang='lat' dir='ltr'>detrimenti</span> <span class='ocrx_word' id='word_1_202' title='bbox 958 2707 1045 2768; x_wconf 88' lang='lat' dir='ltr'>cape-</span> 
     </span>
     <span class='ocr_line' id='line_1_30' title="bbox 84 2773 1046 2852; baseline 0 -20"><span class='ocrx_word' id='word_1_203' title='bbox 84 2782 145 2845; x_wconf 86' lang='lat' dir='ltr'>ret,</span> <span class='ocrx_word' id='word_1_204' title='bbox 161 2791 218 2852; x_wconf 92' lang='lat' dir='ltr'>qua</span> <span class='ocrx_word' id='word_1_205' title='bbox 233 2791 305 2832; x_wconf 88' lang='lat' dir='ltr'>voce</span> <span class='ocrx_word' id='word_1_206' title='bbox 321 2780 350 2833; x_wconf 84' lang='lat' dir='ltr'>et</span> <span class='ocrx_word' id='word_1_207' title='bbox 365 2792 423 2852; x_wconf 93' lang='lat' dir='ltr'>quo</span> <span class='ocrx_word' id='word_1_208' title='bbox 437 2775 691 2834; x_wconf 87' lang='lat' dir='ltr'>senatusconsulto</span> <span class='ocrx_word' id='word_1_209' title='bbox 707 2775 833 2852; x_wconf 90' lang='lat' dir='ltr'>populus</span> <span class='ocrx_word' id='word_1_210' title='bbox 844 2774 994 2834; x_wconf 88' lang='lat' dir='ltr'>Romanus</span> <span class='ocrx_word' id='word_1_211' title='bbox 1009 2773 1046 2832; x_wconf 89' lang='lat' dir='ltr'>ad</span> 
     </span>
     <span class='ocr_line' id='line_1_31' title="bbox 84 2855 1045 2936; baseline -0.003 -18"><span class='ocrx_word' id='word_1_212' title='bbox 84 2875 166 2918; x_wconf 89' lang='lat' dir='ltr'>arma</span> <span class='ocrx_word' id='word_1_213' title='bbox 183 2860 221 2919; x_wconf 90' lang='lat' dir='ltr'>sit</span> <span class='ocrx_word' id='word_1_214' title='bbox 236 2864 371 2926; x_wconf 89' lang='lat' dir='ltr'>vocatus,</span> <span class='ocrx_word' id='word_1_215' title='bbox 388 2856 498 2918; x_wconf 90' lang='lat' dir='ltr'>lactum</span> <span class='ocrx_word' id='word_1_216' title='bbox 514 2861 544 2917; x_wconf 93' lang='lat' dir='ltr'>in</span> <span class='ocrx_word' id='word_1_217' title='bbox 560 2859 739 2936; x_wconf 90' lang='lat' dir='ltr'>perniciosis</span> <span class='ocrx_word' id='word_1_218' title='bbox 753 2857 886 2936; x_wconf 82' lang='lat' dir='ltr'>legibus,</span> <span class='ocrx_word' id='word_1_219' title='bbox 903 2859 933 2916; x_wconf 92' lang='lat' dir='ltr'>in</span> <span class='ocrx_word' id='word_1_220' title='bbox 950 2855 977 2915; x_wconf 82' lang='lat' dir='ltr'>vi</span> <span class='ocrx_word' id='word_1_221' title='bbox 992 2859 1045 2916; x_wconf 92' lang='lat' dir='ltr'>tri·</span> 
     </span>
     <span class='ocr_line' id='line_1_32' title="bbox 82 2939 1045 3021; baseline 0 -20"><span class='ocrx_word' id='word_1_222' title='bbox 82 2939 212 3012; x_wconf 91' lang='lat' dir='ltr'>bunicia,</span> <span class='ocrx_word' id='word_1_223' title='bbox 229 2943 260 3001; x_wconf 92' lang='lat' dir='ltr'>iu</span> <span class='ocrx_word' id='word_1_224' title='bbox 276 2942 442 3003; x_wconf 87' lang='lat' dir='ltr'>secessione</span> <span class='ocrx_word' id='word_1_225' title='bbox 458 2943 569 3020; x_wconf 92' lang='lat' dir='ltr'>populi,</span> <span class='ocrx_word' id='word_1_226' title='bbox 586 2941 705 3020; x_wconf 88' lang='lat' dir='ltr'>templis</span> <span class='ocrx_word' id='word_1_227' title='bbox 720 2942 853 3021; x_wconf 91' lang='lat' dir='ltr'>locisque</span> <span class='ocrx_word' id='word_1_228' title='bbox 868 2939 1045 3001; x_wconf 89' lang='lat' dir='ltr'>editioribus</span> 
     </span>
     <span class='ocr_line' id='line_1_33' title="bbox 83 3025 1046 3106; baseline -0.001 -21"><span class='ocrx_word' id='word_1_229' title='bbox 83 3028 251 3105; x_wconf 87' lang='lat' dir='ltr'>occupatis;</span> <span class='ocrx_word' id='word_1_230' title='bbox 273 3032 360 3106; x_wconf 90' lang='lat' dir='ltr'>atque</span> <span class='ocrx_word' id='word_1_231' title='bbox 382 3025 456 3086; x_wconf 88' lang='lat' dir='ltr'>baec</span> <span class='ocrx_word' id='word_1_232' title='bbox 470 3028 634 3105; x_wconf 85' lang='lat' dir='ltr'>superioris</span> <span class='ocrx_word' id='word_1_233' title='bbox 650 3027 755 3086; x_wconf 89' lang='lat' dir='ltr'>aetatis</span> <span class='ocrx_word' id='word_1_234' title='bbox 776 3026 909 3104; x_wconf 87' lang='lat' dir='ltr'>exempla</span> <span class='ocrx_word' id='word_1_235' title='bbox 928 3027 1046 3104; x_wconf 85' lang='lat' dir='ltr'>expiata</span> 
     </span>
     <span class='ocr_line' id='line_1_34' title="bbox 83 3108 1045 3190; baseline -0.001 -20"><span class='ocrx_word' id='word_1_236' title='bbox 83 3108 237 3171; x_wconf 89' lang='lat' dir='ltr'>Saturnini</span> <span class='ocrx_word' id='word_1_237' title='bbox 250 3116 338 3190; x_wconf 90' lang='lat' dir='ltr'>atque</span> <span class='ocrx_word' id='word_1_238' title='bbox 346 3110 548 3181; x_wconf 87' lang='lat' dir='ltr'>Gracchorum</span> <span class='ocrx_word' id='word_1_239' title='bbox 558 3109 677 3172; x_wconf 88' lang='lat' dir='ltr'>casibus</span> <span class='ocrx_word' id='word_1_240' title='bbox 689 3110 790 3182; x_wconf 88' lang='lat' dir='ltr'>doeet;</span> <span class='ocrx_word' id='word_1_241' title='bbox 806 3129 932 3189; x_wconf 90' lang='lat' dir='ltr'>quarum</span> <span class='ocrx_word' id='word_1_242' title='bbox 944 3128 1045 3169; x_wconf 88' lang='lat' dir='ltr'>rerum</span> 
     </span>
     <span class='ocr_line' id='line_1_35' title="bbox 81 3193 1044 3274; baseline -0.001 -22"><span class='ocrx_word' id='word_1_243' title='bbox 81 3193 130 3254; x_wconf 90' lang='lat' dir='ltr'>illo</span> <span class='ocrx_word' id='word_1_244' title='bbox 147 3202 280 3274; x_wconf 90' lang='lat' dir='ltr'>tempore</span> <span class='ocrx_word' id='word_1_245' title='bbox 291 3194 367 3254; x_wconf 94' lang='lat' dir='ltr'>nibil</span> <span class='ocrx_word' id='word_1_246' title='bbox 382 3195 502 3265; x_wconf 89' lang='lat' dir='ltr'>lactum,</span> <span class='ocrx_word' id='word_1_247' title='bbox 514 3213 552 3255; x_wconf 92' lang='lat' dir='ltr'>ne</span> <span class='ocrx_word' id='word_1_248' title='bbox 565 3196 724 3272; x_wconf 82' lang='lat' dir='ltr'>cogitatum</span> <span class='ocrx_word' id='word_1_249' title='bbox 735 3195 855 3274; x_wconf 91' lang='lat' dir='ltr'>quidem</span> <span class='ocrx_word' id='word_1_250' title='bbox 870 3193 981 3274; x_wconf 79' lang='lat' dir='ltr'>[mulla</span> <span class='ocrx_word' id='word_1_251' title='bbox 997 3193 1044 3253; x_wconf 84' lang='lat' dir='ltr'>lex</span> 
     </span>
     <span class='ocr_line' id='line_1_36' title="bbox 81 3278 1045 3358; baseline -0.002 -20"><span class='ocrx_word' id='word_1_252' title='bbox 81 3279 282 3356; x_wconf 86' lang='lat' dir='ltr'>promulgata,</span> <span class='ocrx_word' id='word_1_253' title='bbox 299 3297 358 3339; x_wconf 92' lang='lat' dir='ltr'>non</span> <span class='ocrx_word' id='word_1_254' title='bbox 374 3298 441 3339; x_wconf 90' lang='lat' dir='ltr'>cum</span> <span class='ocrx_word' id='word_1_255' title='bbox 455 3280 564 3358; x_wconf 90' lang='lat' dir='ltr'>populo</span> <span class='ocrx_word' id='word_1_256' title='bbox 580 3281 628 3357; x_wconf 86' lang='lat' dir='ltr'>agi</span> <span class='ocrx_word' id='word_1_257' title='bbox 644 3286 797 3356; x_wconf 84' lang='lat' dir='ltr'>coeptum,</span> <span class='ocrx_word' id='word_1_258' title='bbox 820 3278 900 3340; x_wconf 91' lang='lat' dir='ltr'>nulla</span> <span class='ocrx_word' id='word_1_259' title='bbox 916 3280 1045 3338; x_wconf 90' lang='lat' dir='ltr'>secessio</span> 
     </span>
     <span class='ocr_line' id='line_1_37' title="bbox 81 3349 1117 3443; baseline -0.002 -23"><span class='ocrx_word' id='word_1_260' title='bbox 81 3349 185 3443; x_wconf 66' lang='lat' dir='ltr'>lacta}</span> <span class='ocrx_word' id='word_1_261' title='bbox 209 3362 360 3432; x_wconf 88' lang='lat' dir='ltr'>Hortatur,</span> <span class='ocrx_word' id='word_1_262' title='bbox 373 3365 457 3423; x_wconf 92' lang='lat' dir='ltr'>cuius</span> <span class='ocrx_word' id='word_1_263' title='bbox 472 3364 662 3440; x_wconf 90' lang='lat' dir='ltr'>imperatoris</span> <span class='ocrx_word' id='word_1_264' title='bbox 673 3364 849 3424; x_wconf 86' lang='lat' dir='ltr'>duetuv1111</span> <span class='ocrx_word' id='word_1_265' title='bbox 865 3364 951 3422; x_wconf 87' lang='lat' dir='ltr'>annis</span> <span class='ocrx_word' id='word_1_266' title='bbox 967 3369 1072 3421; x_wconf 74' lang='lat' dir='ltr'>rem-6</span> <span class='ocrx_word' id='word_1_267' title='bbox 1113 3408 1117 3412; x_wconf 87' lang='lat'>.</span> 
     </span>
     <span class='ocr_line' id='line_1_38' title="bbox 80 3445 1066 3531; baseline -0.006 -25"><span class='ocrx_word' id='word_1_268' title='bbox 80 3445 230 3524; x_wconf 89' lang='lat' dir='ltr'>publicam</span> <span class='ocrx_word' id='word_1_269' title='bbox 244 3445 416 3507; x_wconf 86' lang='lat' dir='ltr'>felicissime</span> <span class='ocrx_word' id='word_1_270' title='bbox 428 3449 577 3524; x_wconf 85' lang='lat' dir='ltr'>gesserint</span> <span class='ocrx_word' id='word_1_271' title='bbox 588 3447 779 3531; x_wconf 89' lang='lat' dir='ltr'>plurimaque</span> <span class='ocrx_word' id='word_1_272' title='bbox 793 3445 1066 3530; x_wconf 70' lang='lat' dir='ltr'>proebasccunba</span> 
     </span>
    </p>

    <p class='ocr_par' dir='ltr' id='par_1_6' title="bbox 20 3528 1088 3618">
     <span class='ocr_line' id='line_1_39' title="bbox 20 3528 1088 3618; baseline -0.005 -28"><span class='ocrx_word' id='word_1_273' title='bbox 20 3568 30 3593; x_wconf 51' lang='lat' dir='ltr'>t</span> <span class='ocrx_word' id='word_1_274' title='bbox 77 3530 214 3597; x_wconf 80' lang='lat' dir='ltr'>iecerint,</span> <span class='ocrx_word' id='word_1_275' title='bbox 237 3547 356 3590; x_wconf 84' lang='lat' dir='ltr'>omrrem</span> <span class='ocrx_word' id='word_1_276' title='bbox 378 3532 503 3595; x_wconf 86' lang='lat' dir='ltr'>Galliam</span> <span class='ocrx_word' id='word_1_277' title='bbox 529 3533 794 3618; x_wconf 84' lang='lat' dir='ltr'>Germaniamque</span> <span class='ocrx_word' id='word_1_278' title='bbox 816 3531 1024 3617; x_wconf 52' lang='lat' dir='ltr'>pacaverint,</span> <span class='ocrx_word' id='word_1_279' title='bbox 1045 3528 1088 3578; x_wconf 69' lang='lat' dir='ltr'>ux</span> 
     </span>
    </p>
   </div>
   <div class='ocr_carea' id='block_1_3' title="bbox 0 0 1182 3870">
    <p class='ocr_par' dir='ltr' id='par_1_7' title="bbox 0 0 1182 3870">
     <span class='ocr_line' id='line_1_40' title="bbox 0 0 1182 3870; baseline 0 3"><span class='ocrx_word' id='word_1_280' title='bbox 0 0 1182 3870; x_wconf 95' lang='lat' dir='ltr'> </span> 
     </span>
    </p>
   </div>
  </div>
 </body>
</html>
