<?xml version="1.0" encoding="UTF-8"?>
<!DOCTYPE html PUBLIC "-//W3C//DTD XHTML 1.0 Transitional//EN"
    "http://www.w3.org/TR/xhtml1/DTD/xhtml1-transitional.dtd">
<html xmlns="http://www.w3.org/1999/xhtml" xml:lang="en" lang="en">
 <head>
  <title>
</title>
<meta http-equiv="Content-Type" content="text/html;charset=utf-8" />
  <meta name='ocr-system' content='tesseract 3.04.00' />
  <meta name='ocr-capabilities' content='ocr_page ocr_carea ocr_par ocr_line ocrx_word'/>
</head>
<body>
  <div class='ocr_page' id='page_1' title='image "./commentariicuma00caesgoog_0357.png"; bbox 0 0 2356 3870; ppageno 0'>
   <div class='ocr_carea' id='block_1_1' title="bbox 174 229 887 297">
    <p class='ocr_par' dir='ltr' id='par_1_1' title="bbox 174 229 887 297">
     <span class='ocr_line' id='line_1_1' title="bbox 174 229 887 297; baseline 0.001 -11"><span class='ocrx_word' id='word_1_1' title='bbox 174 229 218 293; x_wconf 80' lang='lat'><strong>20</strong></span> <span class='ocrx_word' id='word_1_2' title='bbox 424 230 571 297; x_wconf 79' lang='lat' dir='ltr'>BELLUM</span> <span class='ocrx_word' id='word_1_3' title='bbox 585 230 887 287; x_wconf 68' lang='lat' dir='ltr'><strong>ALEXANDRINUM</strong></span> 
     </span>
    </p>
   </div>
   <div class='ocr_carea' id='block_1_2' title="bbox 74 379 1171 3571">
    <p class='ocr_par' dir='ltr' id='par_1_2' title="bbox 176 379 1133 460">
     <span class='ocr_line' id='line_1_2' title="bbox 176 379 1133 460; baseline -0.002 -17"><span class='ocrx_word' id='word_1_4' title='bbox 176 384 428 444; x_wconf 84' lang='lat' dir='ltr'><strong>confirmarentur</strong></span> <span class='ocrx_word' id='word_1_5' title='bbox 450 399 557 460; x_wconf 84' lang='lat' dir='ltr'><strong>regum</strong></span> <span class='ocrx_word' id='word_1_6' title='bbox 579 383 715 460; x_wconf 88' lang='lat' dir='ltr'><strong>imperia,</strong></span> <span class='ocrx_word' id='word_1_7' title='bbox 741 399 794 459; x_wconf 91' lang='lat' dir='ltr'><strong>per</strong></span> <span class='ocrx_word' id='word_1_8' title='bbox 817 380 955 441; x_wconf 90' lang='lat' dir='ltr'><strong>homines</strong></span> <span class='ocrx_word' id='word_1_9' title='bbox 978 379 1133 441; x_wconf 88' lang='lat' dir='ltr'><strong>seditiosos</strong></span> 
     </span>
    </p>

    <p class='ocr_par' dir='ltr' id='par_1_3' title="bbox 139 464 1134 881">
     <span class='ocr_line' id='line_1_3' title="bbox 139 464 1134 543; baseline 0.002 -20"><span class='ocrx_word' id='word_1_10' title='bbox 139 475 155 523; x_wconf 85' lang='lat'><strong>3</strong></span> <span class='ocrx_word' id='word_1_11' title='bbox 176 475 362 527; x_wconf 88' lang='lat' dir='ltr'><strong>nasceretur.</strong></span> <span class='ocrx_word' id='word_1_12' title='bbox 407 466 554 543; x_wconf 82' lang='lat' dir='ltr'><strong>Legiones</strong></span> <span class='ocrx_word' id='word_1_13' title='bbox 577 466 621 526; x_wconf 92' lang='lat' dir='ltr'><strong>ibi</strong></span> <span class='ocrx_word' id='word_1_14' title='bbox 642 473 782 525; x_wconf 89' lang='lat' dir='ltr'><strong>veterana</strong></span> <span class='ocrx_word' id='word_1_15' title='bbox 799 472 882 526; x_wconf 84' lang='lat' dir='ltr'><strong>sexta</strong></span> <span class='ocrx_word' id='word_1_16' title='bbox 897 482 1000 525; x_wconf 88' lang='lat' dir='ltr'><strong>secum</strong></span> <span class='ocrx_word' id='word_1_17' title='bbox 1016 464 1134 525; x_wconf 88' lang='lat' dir='ltr'><strong>reducta</strong></span> 
     </span>
     <span class='ocr_line' id='line_1_4' title="bbox 176 551 1133 630; baseline -0.003 -18"><span class='ocrx_word' id='word_1_18' title='bbox 176 559 291 612; x_wconf 89' lang='lat' dir='ltr'><strong>ceteras</strong></span> <span class='ocrx_word' id='word_1_19' title='bbox 313 551 454 630; x_wconf 91' lang='lat' dir='ltr'><strong>reliquit,</strong></span> <span class='ocrx_word' id='word_1_20' title='bbox 478 568 537 627; x_wconf 93' lang='lat' dir='ltr'><strong>quo</strong></span> <span class='ocrx_word' id='word_1_21' title='bbox 560 551 676 610; x_wconf 86' lang='lat' dir='ltr'><strong>firmius</strong></span> <span class='ocrx_word' id='word_1_22' title='bbox 699 556 779 609; x_wconf 90' lang='lat' dir='ltr'><strong>esset</strong></span> <span class='ocrx_word' id='word_1_23' title='bbox 800 567 904 609; x_wconf 91' lang='lat' dir='ltr'><strong>eorum</strong></span> <span class='ocrx_word' id='word_1_24' title='bbox 918 565 1029 625; x_wconf 89' lang='lat' dir='ltr'><strong>regum</strong></span> <span class='ocrx_word' id='word_1_25' title='bbox 1044 551 1133 627; x_wconf 89' lang='lat' dir='ltr'><strong>impe·</strong></span> 
     </span>
     <span class='ocr_line' id='line_1_5' title="bbox 176 632 1134 714; baseline -0.001 -19"><span class='ocrx_word' id='word_1_26' title='bbox 176 637 266 703; x_wconf 93' lang='lat' dir='ltr'><strong>rium,</strong></span> <span class='ocrx_word' id='word_1_27' title='bbox 289 636 341 713; x_wconf 94' lang='lat' dir='ltr'><strong>qui</strong></span> <span class='ocrx_word' id='word_1_28' title='bbox 363 653 459 714; x_wconf 89' lang='lat' dir='ltr'><strong>neque</strong></span> <span class='ocrx_word' id='word_1_29' title='bbox 475 650 608 694; x_wconf 90' lang='lat' dir='ltr'><strong>amorem</strong></span> <span class='ocrx_word' id='word_1_30' title='bbox 623 651 747 694; x_wconf 92' lang='lat' dir='ltr'><strong>suorum</strong></span> <span class='ocrx_word' id='word_1_31' title='bbox 761 632 873 693; x_wconf 90' lang='lat' dir='ltr'><strong>habere</strong></span> <span class='ocrx_word' id='word_1_32' title='bbox 888 638 1039 710; x_wconf 88' lang='lat' dir='ltr'><strong>poterant,</strong></span> <span class='ocrx_word' id='word_1_33' title='bbox 1061 632 1134 712; x_wconf 88' lang='lat' dir='ltr'><strong>quod</strong></span> 
     </span>
     <span class='ocr_line' id='line_1_6' title="bbox 175 717 1133 797; baseline -0.004 -17"><span class='ocrx_word' id='word_1_34' title='bbox 175 719 305 780; x_wconf 84' lang='lat' dir='ltr'><strong>fideliter</strong></span> <span class='ocrx_word' id='word_1_35' title='bbox 326 727 552 797; x_wconf 81' lang='lat' dir='ltr'><strong>permanserant</strong></span> <span class='ocrx_word' id='word_1_36' title='bbox 574 721 606 778; x_wconf 88' lang='lat' dir='ltr'><strong>in</strong></span> <span class='ocrx_word' id='word_1_37' title='bbox 629 717 765 779; x_wconf 79' lang='lat' dir='ltr'><strong>Caesaris</strong></span> <span class='ocrx_word' id='word_1_38' title='bbox 788 719 938 786; x_wconf 90' lang='lat' dir='ltr'><strong>amicitia,</strong></span> <span class='ocrx_word' id='word_1_39' title='bbox 953 734 1069 796; x_wconf 73' lang='lat' dir='ltr'><strong>meque</strong></span> <span class='ocrx_word' id='word_1_40' title='bbox 1090 734 1133 777; x_wconf 82' lang='lat' dir='ltr'><strong>ve·</strong></span> 
     </span>
     <span class='ocr_line' id='line_1_7' title="bbox 175 797 1133 881; baseline -0.002 -18"><span class='ocrx_word' id='word_1_41' title='bbox 175 797 296 863; x_wconf 85' lang='lat' dir='ltr'><strong>tustatis</strong></span> <span class='ocrx_word' id='word_1_42' title='bbox 323 805 548 871; x_wconf 88' lang='lat' dir='ltr'><strong>auctoritatem,</strong></span> <span class='ocrx_word' id='word_1_43' title='bbox 584 803 690 881; x_wconf 84' lang='lat' dir='ltr'><strong>paucis</strong></span> <span class='ocrx_word' id='word_1_44' title='bbox 723 799 831 862; x_wconf 90' lang='lat' dir='ltr'><strong>diebus</strong></span> <span class='ocrx_word' id='word_1_45' title='bbox 858 818 945 878; x_wconf 89' lang='lat' dir='ltr'><strong>reges</strong></span> <span class='ocrx_word' id='word_1_46' title='bbox 974 802 1133 863; x_wconf 86' lang='lat' dir='ltr'><strong>constituti</strong></span> 
     </span>
    </p>

    <p class='ocr_par' dir='ltr' id='par_1_4' title="bbox 138 885 1132 1133">
     <span class='ocr_line' id='line_1_8' title="bbox 138 885 1132 965; baseline -0.002 -17"><span class='ocrx_word' id='word_1_47' title='bbox 138 888 156 935; x_wconf 80' lang='grc'>4</span> <span class='ocrx_word' id='word_1_48' title='bbox 176 887 273 948; x_wconf 88' lang='lat' dir='ltr'><strong>Simul</strong></span> <span class='ocrx_word' id='word_1_49' title='bbox 297 887 332 946; x_wconf 90' lang='lat' dir='ltr'><strong>ad</strong></span> <span class='ocrx_word' id='word_1_50' title='bbox 354 887 476 965; x_wconf 91' lang='lat' dir='ltr'><strong>imperii</strong></span> <span class='ocrx_word' id='word_1_51' title='bbox 497 888 594 947; x_wconf 91' lang='lat' dir='ltr'><strong>nostri</strong></span> <span class='ocrx_word' id='word_1_52' title='bbox 617 885 796 964; x_wconf 89' lang='lat' dir='ltr'><strong>dignitatem</strong></span> <span class='ocrx_word' id='word_1_53' title='bbox 828 885 1053 964; x_wconf 76' lang='lat' dir='ltr'><strong>utilitatemque</strong></span> <span class='ocrx_word' id='word_1_54' title='bbox 1084 903 1132 964; x_wconf 91' lang='lat' dir='ltr'><strong>pn·</strong></span> 
     </span>
     <span class='ocr_line' id='line_1_9' title="bbox 179 967 1132 1048; baseline -0.001 -19"><span class='ocrx_word' id='word_1_55' title='bbox 179 971 290 1032; x_wconf 86' lang='lat' dir='ltr'><strong>blicam</strong></span> <span class='ocrx_word' id='word_1_56' title='bbox 313 974 466 1048; x_wconf 89' lang='lat' dir='ltr'><strong>pertinere</strong></span> <span class='ocrx_word' id='word_1_57' title='bbox 489 969 699 1042; x_wconf 70' lang='lat' dir='ltr'><strong>existimabat,</strong></span> <span class='ocrx_word' id='word_1_58' title='bbox 726 972 752 1028; x_wconf 91' lang='lat' dir='ltr'><strong>si</strong></span> <span class='ocrx_word' id='word_1_59' title='bbox 781 976 996 1047; x_wconf 84' lang='lat' dir='ltr'><strong>permanerent</strong></span> <span class='ocrx_word' id='word_1_60' title='bbox 1025 971 1059 1029; x_wconf 92' lang='lat' dir='ltr'><strong>in</strong></span> <span class='ocrx_word' id='word_1_61' title='bbox 1080 967 1132 1029; x_wconf 87' lang='lat' dir='ltr'><strong>lide</strong></span> 
     </span>
     <span class='ocr_line' id='line_1_10' title="bbox 175 1054 1132 1133; baseline -0.002 -19"><span class='ocrx_word' id='word_1_62' title='bbox 175 1073 279 1133; x_wconf 86' lang='lat' dir='ltr'><strong>reges,</strong></span> <span class='ocrx_word' id='word_1_63' title='bbox 303 1054 464 1131; x_wconf 89' lang='lat' dir='ltr'><strong>praesidiis</strong></span> <span class='ocrx_word' id='word_1_64' title='bbox 487 1073 538 1116; x_wconf 88' lang='lat' dir='ltr'><strong>eos</strong></span> <span class='ocrx_word' id='word_1_65' title='bbox 559 1056 672 1115; x_wconf 92' lang='lat' dir='ltr'><strong>nostris</strong></span> <span class='ocrx_word' id='word_1_66' title='bbox 695 1071 760 1114; x_wconf 91' lang='lat' dir='ltr'><strong>esse</strong></span> <span class='ocrx_word' id='word_1_67' title='bbox 783 1061 878 1122; x_wconf 89' lang='lat' dir='ltr'><strong>tutos;</strong></span> <span class='ocrx_word' id='word_1_68' title='bbox 911 1055 938 1113; x_wconf 91' lang='lat' dir='ltr'><strong>si</strong></span> <span class='ocrx_word' id='word_1_69' title='bbox 965 1060 1069 1114; x_wconf 87' lang='lat' dir='ltr'><strong>essent</strong></span> <span class='ocrx_word' id='word_1_70' title='bbox 1092 1054 1132 1112; x_wconf 93' lang='lat' dir='ltr'><strong>in·</strong></span> 
     </span>
    </p>

    <p class='ocr_par' dir='ltr' id='par_1_5' title="bbox 139 1135 1171 1383">
     <span class='ocr_line' id='line_1_11' title="bbox 139 1135 1171 1217; baseline -0.002 -19"><span class='ocrx_word' id='word_1_71' title='bbox 139 1137 156 1186; x_wconf 80' lang='lat'>5</span> <span class='ocrx_word' id='word_1_72' title='bbox 175 1140 269 1216; x_wconf 89' lang='lat' dir='ltr'><strong>grati,</strong></span> <span class='ocrx_word' id='word_1_73' title='bbox 294 1155 382 1215; x_wconf 91' lang='lat' dir='ltr'><strong>posse</strong></span> <span class='ocrx_word' id='word_1_74' title='bbox 405 1138 499 1199; x_wconf 91' lang='lat' dir='ltr'><strong>isdem</strong></span> <span class='ocrx_word' id='word_1_75' title='bbox 521 1138 683 1217; x_wconf 86' lang='lat' dir='ltr'><strong>praesidiis</strong></span> <span class='ocrx_word' id='word_1_76' title='bbox 705 1139 852 1199; x_wconf 82' lang='lat' dir='ltr'><strong>coerceri.</strong></span> <span class='ocrx_word' id='word_1_77' title='bbox 896 1136 947 1197; x_wconf 90' lang='lat' dir='ltr'><strong>Sic</strong></span> <span class='ocrx_word' id='word_1_78' title='bbox 969 1135 1133 1198; x_wconf 73' lang='grc'><strong>111111111-</strong></span> <span class='ocrx_word' id='word_1_79' title='bbox 1167 1164 1171 1175; x_wconf 94' lang='lat'>·</span> 
     </span>
     <span class='ocr_line' id='line_1_12' title="bbox 176 1217 1131 1300; baseline -0.003 -19"><span class='ocrx_word' id='word_1_80' title='bbox 176 1221 265 1281; x_wconf 91' lang='lat' dir='ltr'><strong>nibus</strong></span> <span class='ocrx_word' id='word_1_81' title='bbox 294 1224 442 1283; x_wconf 88' lang='lat' dir='ltr'><strong>conlectis</strong></span> <span class='ocrx_word' id='word_1_82' title='bbox 470 1230 500 1283; x_wconf 88' lang='lat' dir='ltr'><strong>et</strong></span> <span class='ocrx_word' id='word_1_83' title='bbox 530 1223 686 1283; x_wconf 88' lang='lat' dir='ltr'><strong>collocatis</strong></span> <span class='ocrx_word' id='word_1_84' title='bbox 718 1223 784 1300; x_wconf 91' lang='lat' dir='ltr'><strong>ipse</strong></span> <span class='ocrx_word' id='word_1_85' title='bbox 818 1219 945 1300; x_wconf 90' lang='lat' dir='ltr'><strong>[itinere</strong></span> <span class='ocrx_word' id='word_1_86' title='bbox 980 1217 1131 1298; x_wconf 88' lang='lat' dir='ltr'><strong>terrestri]</strong></span> 
     </span>
     <span class='ocr_line' id='line_1_13' title="bbox 176 1305 603 1383; baseline 0.002 -20"><span class='ocrx_word' id='word_1_87' title='bbox 176 1307 329 1383; x_wconf 86' lang='lat' dir='ltr'><strong>proiectus</strong></span> <span class='ocrx_word' id='word_1_88' title='bbox 352 1313 398 1365; x_wconf 91' lang='lat' dir='ltr'><strong>est</strong></span> <span class='ocrx_word' id='word_1_89' title='bbox 422 1308 454 1365; x_wconf 92' lang='lat' dir='ltr'><strong>in</strong></span> <span class='ocrx_word' id='word_1_90' title='bbox 477 1305 603 1382; x_wconf 83' lang='lat' dir='ltr'><strong>Syriam.</strong></span> 
     </span>
    </p>

    <p class='ocr_par' dir='ltr' id='par_1_6' title="bbox 142 1386 1135 1888">
     <span class='ocr_line' id='line_1_14' title="bbox 142 1386 1133 1466; baseline -0.001 -19"><span class='ocrx_word' id='word_1_91' title='bbox 142 1389 155 1434; x_wconf 86' lang='lat'>1</span> <span class='ocrx_word' id='word_1_92' title='bbox 238 1388 385 1448; x_wconf 86' lang='lat' dir='ltr'><strong>Xllllllll.</strong></span> <span class='ocrx_word' id='word_1_93' title='bbox 430 1387 506 1447; x_wconf 81' lang='lat' dir='ltr'><strong>lium</strong></span> <span class='ocrx_word' id='word_1_94' title='bbox 524 1387 598 1449; x_wconf 91' lang='lat' dir='ltr'><strong>haec</strong></span> <span class='ocrx_word' id='word_1_95' title='bbox 614 1390 646 1448; x_wconf 92' lang='lat' dir='ltr'><strong>in</strong></span> <span class='ocrx_word' id='word_1_96' title='bbox 660 1391 966 1466; x_wconf 82' lang='lat' dir='ltr'><strong>Aegyptogeruntur,</strong></span> <span class='ocrx_word' id='word_1_97' title='bbox 982 1404 1038 1448; x_wconf 82' lang='lat' dir='ltr'><strong>rex</strong></span> <span class='ocrx_word' id='word_1_98' title='bbox 1052 1386 1133 1448; x_wconf 84' lang='lat' dir='ltr'><strong>Deio·</strong></span> 
     </span>
     <span class='ocr_line' id='line_1_15' title="bbox 176 1471 1133 1540; baseline -0.002 -8"><span class='ocrx_word' id='word_1_99' title='bbox 176 1480 259 1532; x_wconf 91' lang='lat' dir='ltr'><strong>tarus</strong></span> <span class='ocrx_word' id='word_1_100' title='bbox 281 1471 318 1530; x_wconf 93' lang='lat' dir='ltr'><strong>ad</strong></span> <span class='ocrx_word' id='word_1_101' title='bbox 340 1471 503 1531; x_wconf 88' lang='lat' dir='ltr'><strong>Domitium</strong></span> <span class='ocrx_word' id='word_1_102' title='bbox 526 1471 696 1540; x_wconf 88' lang='lat' dir='ltr'><strong>Calvinum,</strong></span> <span class='ocrx_word' id='word_1_103' title='bbox 720 1474 770 1532; x_wconf 93' lang='lat' dir='ltr'><strong>cui</strong></span> <span class='ocrx_word' id='word_1_104' title='bbox 793 1472 902 1532; x_wconf 89' lang='lat' dir='ltr'><strong>Caesar</strong></span> <span class='ocrx_word' id='word_1_105' title='bbox 923 1473 1025 1533; x_wconf 89' lang='lat' dir='ltr'><strong>Asiam</strong></span> <span class='ocrx_word' id='word_1_106' title='bbox 1047 1471 1133 1531; x_wconf 87' lang='lat' dir='ltr'><strong>liniti·</strong></span> 
     </span>
     <span class='ocr_line' id='line_1_16' title="bbox 176 1555 1135 1634; baseline -0.004 -18"><span class='ocrx_word' id='word_1_107' title='bbox 176 1574 297 1634; x_wconf 90' lang='lat' dir='ltr'><strong>masque</strong></span> <span class='ocrx_word' id='word_1_108' title='bbox 333 1557 504 1634; x_wconf 90' lang='lat' dir='ltr'><strong>provincias</strong></span> <span class='ocrx_word' id='word_1_109' title='bbox 539 1555 791 1617; x_wconf 85' lang='lat' dir='ltr'><strong>administrandas</strong></span> <span class='ocrx_word' id='word_1_110' title='bbox 832 1555 1014 1625; x_wconf 87' lang='lat' dir='ltr'><strong>tradiderat,</strong></span> <span class='ocrx_word' id='word_1_111' title='bbox 1059 1556 1135 1616; x_wconf 88' lang='lat' dir='ltr'><strong>veuit</strong></span> 
     </span>
     <span class='ocr_line' id='line_1_17' title="bbox 176 1640 1134 1717; baseline -0.004 -17"><span class='ocrx_word' id='word_1_112' title='bbox 176 1648 309 1709; x_wconf 91' lang='lat' dir='ltr'><strong>oratum,</strong></span> <span class='ocrx_word' id='word_1_113' title='bbox 338 1657 376 1700; x_wconf 91' lang='lat' dir='ltr'><strong>ne</strong></span> <span class='ocrx_word' id='word_1_114' title='bbox 398 1640 568 1701; x_wconf 77' lang='lat' dir='ltr'><strong>Armeniam</strong></span> <span class='ocrx_word' id='word_1_115' title='bbox 597 1643 760 1707; x_wconf 84' lang='lat' dir='ltr'><strong>minorem,</strong></span> <span class='ocrx_word' id='word_1_116' title='bbox 789 1657 915 1717; x_wconf 90' lang='lat' dir='ltr'><strong>reguum</strong></span> <span class='ocrx_word' id='word_1_117' title='bbox 937 1658 1044 1709; x_wconf 91' lang='lat' dir='ltr'><strong>suum,</strong></span> <span class='ocrx_word' id='word_1_118' title='bbox 1066 1655 1134 1699; x_wconf 87' lang='lat' dir='ltr'><strong>nere</strong></span> 
     </span>
     <span class='ocr_line' id='line_1_18' title="bbox 176 1723 1134 1803; baseline -0.002 -19"><span class='ocrx_word' id='word_1_119' title='bbox 176 1724 409 1803; x_wconf 82' lang='lat' dir='ltr'><strong>Cappadociam,</strong></span> <span class='ocrx_word' id='word_1_120' title='bbox 439 1740 566 1802; x_wconf 88' lang='lat' dir='ltr'><strong>regnum</strong></span> <span class='ocrx_word' id='word_1_121' title='bbox 588 1723 816 1791; x_wconf 79' lang='lat' dir='ltr'><strong>Ariobarzanis,</strong></span> <span class='ocrx_word' id='word_1_122' title='bbox 845 1723 995 1802; x_wconf 87' lang='lat' dir='ltr'><strong>possideri</strong></span> <span class='ocrx_word' id='word_1_123' title='bbox 1016 1724 1134 1785; x_wconf 83' lang='lat' dir='ltr'><strong>vastari·</strong></span> 
     </span>
     <span class='ocr_line' id='line_1_19' title="bbox 176 1805 1133 1888; baseline -0.003 -19"><span class='ocrx_word' id='word_1_124' title='bbox 176 1826 234 1888; x_wconf 90' lang='lat' dir='ltr'><strong>que</strong></span> <span class='ocrx_word' id='word_1_125' title='bbox 265 1815 420 1885; x_wconf 90' lang='lat' dir='ltr'><strong>pateretur</strong></span> <span class='ocrx_word' id='word_1_126' title='bbox 449 1826 466 1868; x_wconf 90' lang='lat' dir='ltr'><strong>a</strong></span> <span class='ocrx_word' id='word_1_127' title='bbox 488 1807 663 1875; x_wconf 66' lang='lat' dir='ltr'><strong>Pharnacea</strong></span> <span class='ocrx_word' id='word_1_128' title='bbox 681 1826 740 1887; x_wconf 93' lang='lat' dir='ltr'><strong>quo</strong></span> <span class='ocrx_word' id='word_1_129' title='bbox 755 1808 834 1868; x_wconf 91' lang='lat' dir='ltr'><strong>malo</strong></span> <span class='ocrx_word' id='word_1_130' title='bbox 850 1810 909 1868; x_wconf 91' lang='lat' dir='ltr'><strong>nisi</strong></span> <span class='ocrx_word' id='word_1_131' title='bbox 924 1805 1133 1873; x_wconf 89' lang='lat' dir='ltr'><strong>liberarentur,</strong></span> 
     </span>
    </p>

    <p class='ocr_par' dir='ltr' id='par_1_7' title="bbox 74 1892 1135 1971">
     <span class='ocr_line' id='line_1_20' title="bbox 74 1892 1135 1971; baseline -0.003 -19"><span class='ocrx_word' id='word_1_132' title='bbox 74 1920 81 1937; x_wconf 93' lang='lat'><strong>·</strong></span> <span class='ocrx_word' id='word_1_133' title='bbox 177 1894 324 1971; x_wconf 88' lang='lat' dir='ltr'><strong>imperata</strong></span> <span class='ocrx_word' id='word_1_134' title='bbox 358 1910 390 1952; x_wconf 91' lang='lat' dir='ltr'><strong>se</strong></span> <span class='ocrx_word' id='word_1_135' title='bbox 423 1893 524 1952; x_wconf 84' lang='lat' dir='ltr'><strong>iacere</strong></span> <span class='ocrx_word' id='word_1_136' title='bbox 557 1893 776 1970; x_wconf 77' lang='lat' dir='ltr'><strong>pecuniamque</strong></span> <span class='ocrx_word' id='word_1_137' title='bbox 808 1894 989 1971; x_wconf 89' lang='lat' dir='ltr'><strong>promissam</strong></span> <span class='ocrx_word' id='word_1_138' title='bbox 1020 1892 1135 1953; x_wconf 80' lang='lat' dir='ltr'><strong>Caesari</strong></span> 
     </span>
    </p>

    <p class='ocr_par' dir='ltr' id='par_1_8' title="bbox 140 1975 1136 2558">
     <span class='ocr_line' id='line_1_21' title="bbox 140 1975 1134 2054; baseline -0.001 -18"><span class='ocrx_word' id='word_1_139' title='bbox 140 1981 237 2036; x_wconf 79' lang='lat' dir='ltr'><strong>2u0n</strong></span> <span class='ocrx_word' id='word_1_140' title='bbox 259 1993 347 2054; x_wconf 91' lang='lat' dir='ltr'><strong>posse</strong></span> <span class='ocrx_word' id='word_1_141' title='bbox 369 1976 550 2053; x_wconf 87' lang='lat' dir='ltr'><strong>persolvere.</strong></span> <span class='ocrx_word' id='word_1_142' title='bbox 600 1976 764 2045; x_wconf 87' lang='lat' dir='ltr'><strong>Domitius,</strong></span> <span class='ocrx_word' id='word_1_143' title='bbox 794 1994 854 2036; x_wconf 91' lang='lat' dir='ltr'><strong>non</strong></span> <span class='ocrx_word' id='word_1_144' title='bbox 884 1983 1001 2037; x_wconf 91' lang='lat' dir='ltr'><strong>tantum</strong></span> <span class='ocrx_word' id='word_1_145' title='bbox 1029 1975 1067 2036; x_wconf 92' lang='lat' dir='ltr'><strong>ad</strong></span> <span class='ocrx_word' id='word_1_146' title='bbox 1088 1992 1134 2036; x_wconf 84' lang='lat' dir='ltr'><strong>ex·</strong></span> 
     </span>
     <span class='ocr_line' id='line_1_22' title="bbox 176 2060 1134 2138; baseline 0.001 -20"><span class='ocrx_word' id='word_1_147' title='bbox 176 2060 337 2138; x_wconf 88' lang='lat' dir='ltr'><strong>plicandos</strong></span> <span class='ocrx_word' id='word_1_148' title='bbox 359 2067 496 2137; x_wconf 89' lang='lat' dir='ltr'><strong>sumptus</strong></span> <span class='ocrx_word' id='word_1_149' title='bbox 518 2063 563 2119; x_wconf 91' lang='lat' dir='ltr'><strong>rei</strong></span> <span class='ocrx_word' id='word_1_150' title='bbox 584 2061 726 2121; x_wconf 90' lang='lat' dir='ltr'><strong>militaris</strong></span> <span class='ocrx_word' id='word_1_151' title='bbox 741 2078 809 2120; x_wconf 91' lang='lat' dir='ltr'><strong>cum</strong></span> <span class='ocrx_word' id='word_1_152' title='bbox 825 2062 985 2138; x_wconf 89' lang='lat' dir='ltr'><strong>pecuniam</strong></span> <span class='ocrx_word' id='word_1_153' title='bbox 1000 2076 1134 2121; x_wconf 88' lang='lat' dir='ltr'><strong>necessa·</strong></span> 
     </span>
     <span class='ocr_line' id='line_1_23' title="bbox 176 2141 1135 2222; baseline 0 -20"><span class='ocrx_word' id='word_1_154' title='bbox 176 2145 253 2202; x_wconf 92' lang='lat' dir='ltr'><strong>riam</strong></span> <span class='ocrx_word' id='word_1_155' title='bbox 277 2160 342 2203; x_wconf 89' lang='lat' dir='ltr'><strong>esse</strong></span> <span class='ocrx_word' id='word_1_156' title='bbox 366 2141 530 2211; x_wconf 91' lang='lat' dir='ltr'><strong>iudicaret,</strong></span> <span class='ocrx_word' id='word_1_157' title='bbox 560 2144 611 2205; x_wconf 90' lang='lat' dir='ltr'><strong>sed</strong></span> <span class='ocrx_word' id='word_1_158' title='bbox 638 2146 728 2204; x_wconf 90' lang='lat' dir='ltr'><strong>etiam</strong></span> <span class='ocrx_word' id='word_1_159' title='bbox 758 2153 847 2222; x_wconf 90' lang='lat' dir='ltr'><strong>turpe</strong></span> <span class='ocrx_word' id='word_1_160' title='bbox 870 2143 982 2222; x_wconf 92' lang='lat' dir='ltr'><strong>populo</strong></span> <span class='ocrx_word' id='word_1_161' title='bbox 1003 2143 1135 2205; x_wconf 86' lang='lat' dir='ltr'><strong>Romano</strong></span> 
     </span>
     <span class='ocr_line' id='line_1_24' title="bbox 177 2225 1134 2306; baseline 0.007 -20"><span class='ocrx_word' id='word_1_162' title='bbox 177 2234 208 2286; x_wconf 92' lang='lat' dir='ltr'><strong>et</strong></span> <span class='ocrx_word' id='word_1_163' title='bbox 235 2226 266 2286; x_wconf 88' lang='lat' dir='ltr'><strong>C.</strong></span> <span class='ocrx_word' id='word_1_164' title='bbox 296 2225 417 2287; x_wconf 88' lang='lat' dir='ltr'><strong>Caesari</strong></span> <span class='ocrx_word' id='word_1_165' title='bbox 446 2228 553 2288; x_wconf 92' lang='lat' dir='ltr'><strong>victori</strong></span> <span class='ocrx_word' id='word_1_166' title='bbox 586 2227 704 2306; x_wconf 89' lang='lat' dir='ltr'><strong>sibique</strong></span> <span class='ocrx_word' id='word_1_167' title='bbox 738 2230 850 2288; x_wconf 88' lang='lat' dir='ltr'><strong>iniame</strong></span> <span class='ocrx_word' id='word_1_168' title='bbox 883 2245 948 2288; x_wconf 88' lang='lat' dir='ltr'><strong>esse</strong></span> <span class='ocrx_word' id='word_1_169' title='bbox 982 2234 1134 2293; x_wconf 81' lang='lat' dir='ltr'><strong>statueret,</strong></span> 
     </span>
     <span class='ocr_line' id='line_1_25' title="bbox 176 2311 1135 2390; baseline 0.004 -21"><span class='ocrx_word' id='word_1_170' title='bbox 176 2328 268 2387; x_wconf 90' lang='lat' dir='ltr'><strong>regna</strong></span> <span class='ocrx_word' id='word_1_171' title='bbox 291 2312 441 2373; x_wconf 91' lang='lat' dir='ltr'><strong>sociorum</strong></span> <span class='ocrx_word' id='word_1_172' title='bbox 463 2317 552 2390; x_wconf 91' lang='lat' dir='ltr'><strong>atque</strong></span> <span class='ocrx_word' id='word_1_173' title='bbox 575 2314 741 2373; x_wconf 91' lang='lat' dir='ltr'><strong>amicorum</strong></span> <span class='ocrx_word' id='word_1_174' title='bbox 763 2311 800 2372; x_wconf 93' lang='lat' dir='ltr'><strong>ab</strong></span> <span class='ocrx_word' id='word_1_175' title='bbox 824 2319 947 2373; x_wconf 82' lang='lat' dir='ltr'><strong>externo</strong></span> <span class='ocrx_word' id='word_1_176' title='bbox 962 2328 1036 2388; x_wconf 88' lang='lat' dir='ltr'><strong>rege</strong></span> <span class='ocrx_word' id='word_1_177' title='bbox 1049 2328 1135 2373; x_wconf 84' lang='lat' dir='ltr'><strong>oeen-</strong></span> 
     </span>
     <span class='ocr_line' id='line_1_26' title="bbox 176 2396 1135 2473; baseline -0.001 -18"><span class='ocrx_word' id='word_1_178' title='bbox 176 2397 259 2473; x_wconf 88' lang='lat' dir='ltr'><strong>pari,</strong></span> <span class='ocrx_word' id='word_1_179' title='bbox 283 2396 405 2455; x_wconf 90' lang='lat' dir='ltr'><strong>nuntios</strong></span> <span class='ocrx_word' id='word_1_180' title='bbox 427 2398 589 2457; x_wconf 82' lang='lat' dir='ltr'><strong>confestim</strong></span> <span class='ocrx_word' id='word_1_181' title='bbox 611 2398 648 2457; x_wconf 90' lang='lat' dir='ltr'><strong>ad</strong></span> <span class='ocrx_word' id='word_1_182' title='bbox 669 2396 855 2457; x_wconf 88' lang='lat' dir='ltr'><strong>Pharnacem</strong></span> <span class='ocrx_word' id='word_1_183' title='bbox 876 2397 976 2466; x_wconf 86' lang='lat' dir='ltr'><strong>misit,</strong></span> <span class='ocrx_word' id='word_1_184' title='bbox 998 2396 1135 2457; x_wconf 89' lang='lat' dir='ltr'><strong>Armenia</strong></span> 
     </span>
     <span class='ocr_line' id='line_1_27' title="bbox 177 2466 1136 2558; baseline 0 -19"><span class='ocrx_word' id='word_1_185' title='bbox 177 2478 422 2558; x_wconf 88' lang='lat' dir='ltr'><strong>Cappadociaque</strong></span> <span class='ocrx_word' id='word_1_186' title='bbox 445 2480 605 2542; x_wconf 86' lang='lat' dir='ltr'><strong>decederet</strong></span> <span class='ocrx_word' id='word_1_187' title='bbox 629 2498 702 2541; x_wconf 88' lang='lat' dir='ltr'><strong>neve</strong></span> <span class='ocrx_word' id='word_1_188' title='bbox 725 2482 922 2558; x_wconf 88' lang='lat' dir='ltr'><strong>occupatione</strong></span> <span class='ocrx_word' id='word_1_189' title='bbox 945 2466 1136 2541; x_wconf 79' lang='grc' dir='ltr'><strong>11111111νί111</strong></span> 
     </span>
    </p>

    <p class='ocr_par' dir='ltr' id='par_1_9' title="bbox 138 2562 1135 2704">
     <span class='ocr_line' id='line_1_28' title="bbox 138 2562 1135 2704; baseline 0.004 -86"><span class='ocrx_word' id='word_1_190' title='bbox 138 2562 282 2704; x_wconf 79' lang='lat' dir='ltr'><strong>apopuli</strong></span> <span class='ocrx_word' id='word_1_191' title='bbox 308 2564 435 2624; x_wconf 86' lang='lat' dir='ltr'><strong>Romani</strong></span> <span class='ocrx_word' id='word_1_192' title='bbox 471 2566 517 2625; x_wconf 91' lang='lat' dir='ltr'><strong>ius</strong></span> <span class='ocrx_word' id='word_1_193' title='bbox 544 2567 788 2643; x_wconf 87' lang='lat' dir='ltr'><strong>maiestatemque</strong></span> <span class='ocrx_word' id='word_1_194' title='bbox 825 2571 997 2642; x_wconf 88' lang='lat' dir='ltr'><strong>temptaret.</strong></span> <span class='ocrx_word' id='word_1_195' title='bbox 1056 2563 1135 2625; x_wconf 84' lang='grc'><strong>11111</strong></span> 
     </span>
    </p>

    <p class='ocr_par' dir='ltr' id='par_1_10' title="bbox 174 2646 1136 3147">
     <span class='ocr_line' id='line_1_29' title="bbox 197 2646 1135 2710; baseline 0.005 -6"><span class='ocrx_word' id='word_1_196' title='bbox 197 2646 431 2707; x_wconf 91' lang='lat' dir='ltr'><strong>enuntiationem</strong></span> <span class='ocrx_word' id='word_1_197' title='bbox 453 2666 522 2708; x_wconf 91' lang='lat' dir='ltr'><strong>cum</strong></span> <span class='ocrx_word' id='word_1_198' title='bbox 544 2651 690 2710; x_wconf 91' lang='lat' dir='ltr'><strong>maiorem</strong></span> <span class='ocrx_word' id='word_1_199' title='bbox 712 2651 772 2709; x_wconf 86' lang='lat' dir='ltr'><strong>vim</strong></span> <span class='ocrx_word' id='word_1_200' title='bbox 793 2647 968 2709; x_wconf 89' lang='lat' dir='ltr'><strong>habituram</strong></span> <span class='ocrx_word' id='word_1_201' title='bbox 987 2650 1135 2709; x_wconf 82' lang='lat' dir='ltr'><strong>existima·</strong></span> 
     </span>
     <span class='ocr_line' id='line_1_30' title="bbox 175 2732 1133 2810; baseline 0.01 -21"><span class='ocrx_word' id='word_1_202' title='bbox 175 2737 240 2800; x_wconf 88' lang='lat' dir='ltr'><strong>ret,</strong></span> <span class='ocrx_word' id='word_1_203' title='bbox 267 2732 293 2789; x_wconf 91' lang='lat' dir='ltr'><strong>si</strong></span> <span class='ocrx_word' id='word_1_204' title='bbox 315 2733 440 2809; x_wconf 92' lang='lat' dir='ltr'><strong>propius</strong></span> <span class='ocrx_word' id='word_1_205' title='bbox 463 2750 512 2792; x_wconf 91' lang='lat' dir='ltr'><strong>eas</strong></span> <span class='ocrx_word' id='word_1_206' title='bbox 531 2735 671 2810; x_wconf 84' lang='lat' dir='ltr'><strong>regiones</strong></span> <span class='ocrx_word' id='word_1_207' title='bbox 693 2750 762 2792; x_wconf 91' lang='lat' dir='ltr'><strong>eum</strong></span> <span class='ocrx_word' id='word_1_208' title='bbox 785 2733 923 2794; x_wconf 84' lang='lat' dir='ltr'><strong>exercitu</strong></span> <span class='ocrx_word' id='word_1_209' title='bbox 950 2734 1133 2799; x_wconf 82' lang='lat' dir='ltr'><strong>accessisset</strong></span> 
     </span>
     <span class='ocr_line' id='line_1_31' title="bbox 175 2814 1134 2895; baseline 0 -20"><span class='ocrx_word' id='word_1_210' title='bbox 175 2814 214 2875; x_wconf 93' lang='lat' dir='ltr'><strong>ad</strong></span> <span class='ocrx_word' id='word_1_211' title='bbox 235 2814 373 2892; x_wconf 83' lang='lat' dir='ltr'><strong>legiones</strong></span> <span class='ocrx_word' id='word_1_212' title='bbox 393 2817 549 2895; x_wconf 87' lang='lat' dir='ltr'><strong>proiectus</strong></span> <span class='ocrx_word' id='word_1_213' title='bbox 571 2835 661 2878; x_wconf 90' lang='lat' dir='ltr'><strong>unam</strong></span> <span class='ocrx_word' id='word_1_214' title='bbox 685 2816 853 2886; x_wconf 86' lang='lat' dir='ltr'><strong>extribus,</strong></span> <span class='ocrx_word' id='word_1_215' title='bbox 876 2828 1010 2887; x_wconf 81' lang='lat' dir='ltr'><strong>xxxva..</strong></span> <span class='ocrx_word' id='word_1_216' title='bbox 1035 2832 1134 2879; x_wconf 83' lang='lat' dir='ltr'><strong>seeum</strong></span> 
     </span>
     <span class='ocr_line' id='line_1_32' title="bbox 174 2899 1136 2980; baseline -0.001 -22"><span class='ocrx_word' id='word_1_217' title='bbox 174 2899 277 2967; x_wconf 92' lang='lat' dir='ltr'><strong>ducit,</strong></span> <span class='ocrx_word' id='word_1_218' title='bbox 308 2899 381 2959; x_wconf 91' lang='lat' dir='ltr'><strong>duas</strong></span> <span class='ocrx_word' id='word_1_219' title='bbox 409 2901 440 2960; x_wconf 91' lang='lat' dir='ltr'><strong>in</strong></span> <span class='ocrx_word' id='word_1_220' title='bbox 467 2903 633 2980; x_wconf 83' lang='lat' dir='ltr'><strong>Aegyptum</strong></span> <span class='ocrx_word' id='word_1_221' title='bbox 661 2900 697 2960; x_wconf 91' lang='lat' dir='ltr'><strong>ad</strong></span> <span class='ocrx_word' id='word_1_222' title='bbox 720 2900 877 2961; x_wconf 90' lang='lat' dir='ltr'><strong>Caesarem</strong></span> <span class='ocrx_word' id='word_1_223' title='bbox 903 2902 997 2961; x_wconf 90' lang='lat' dir='ltr'><strong>mittit</strong></span> <span class='ocrx_word' id='word_1_224' title='bbox 1028 2900 1136 2963; x_wconf 85' lang='lat' dir='ltr'><strong>litteris</strong></span> 
     </span>
     <span class='ocr_line' id='line_1_33' title="bbox 176 2983 1135 3062; baseline 0 -19"><span class='ocrx_word' id='word_1_225' title='bbox 176 2986 243 3043; x_wconf 90' lang='lat' dir='ltr'><strong>eius</strong></span> <span class='ocrx_word' id='word_1_226' title='bbox 265 2991 418 3051; x_wconf 89' lang='lat' dir='ltr'><strong>evocatas;</strong></span> <span class='ocrx_word' id='word_1_227' title='bbox 441 3002 569 3062; x_wconf 90' lang='lat' dir='ltr'><strong>quarum</strong></span> <span class='ocrx_word' id='word_1_228' title='bbox 593 2985 687 3045; x_wconf 89' lang='lat' dir='ltr'><strong>altera</strong></span> <span class='ocrx_word' id='word_1_229' title='bbox 709 2987 741 3045; x_wconf 89' lang='lat' dir='ltr'><strong>in</strong></span> <span class='ocrx_word' id='word_1_230' title='bbox 764 2983 845 3045; x_wconf 88' lang='lat' dir='ltr'><strong>bello</strong></span> <span class='ocrx_word' id='word_1_231' title='bbox 861 2984 1066 3046; x_wconf 82' lang='lat' dir='ltr'><strong>Alexandrino</strong></span> <span class='ocrx_word' id='word_1_232' title='bbox 1080 3000 1135 3045; x_wconf 88' lang='lat' dir='ltr'><strong>nou</strong></span> 
     </span>
     <span class='ocr_line' id='line_1_34' title="bbox 175 3067 1133 3147; baseline -0.001 -21"><span class='ocrx_word' id='word_1_233' title='bbox 175 3068 325 3136; x_wconf 90' lang='lat' dir='ltr'><strong>occurrit,</strong></span> <span class='ocrx_word' id='word_1_234' title='bbox 348 3067 428 3146; x_wconf 91' lang='lat' dir='ltr'><strong>quod</strong></span> <span class='ocrx_word' id='word_1_235' title='bbox 451 3071 559 3129; x_wconf 90' lang='lat' dir='ltr'><strong>itinere</strong></span> <span class='ocrx_word' id='word_1_236' title='bbox 582 3072 720 3130; x_wconf 89' lang='lat' dir='ltr'><strong>terrestri</strong></span> <span class='ocrx_word' id='word_1_237' title='bbox 742 3087 796 3147; x_wconf 91' lang='lat' dir='ltr'><strong>per</strong></span> <span class='ocrx_word' id='word_1_238' title='bbox 811 3068 926 3147; x_wconf 83' lang='lat' dir='ltr'><strong>Syriam</strong></span> <span class='ocrx_word' id='word_1_239' title='bbox 950 3076 1016 3129; x_wconf 87' lang='lat' dir='ltr'><strong>erat</strong></span> <span class='ocrx_word' id='word_1_240' title='bbox 1037 3072 1133 3131; x_wconf 84' lang='lat' dir='ltr'><strong>missa.</strong></span> 
     </span>
    </p>

    <p class='ocr_par' dir='ltr' id='par_1_11' title="bbox 138 3148 1134 3399">
     <span class='ocr_line' id='line_1_35' title="bbox 138 3148 1134 3231; baseline -0.002 -17"><span class='ocrx_word' id='word_1_241' title='bbox 138 3165 156 3214; x_wconf 86' lang='lat'>4</span> <span class='ocrx_word' id='word_1_242' title='bbox 174 3150 320 3227; x_wconf 88' lang='lat' dir='ltr'><strong>Adiungit</strong></span> <span class='ocrx_word' id='word_1_243' title='bbox 343 3148 427 3230; x_wconf 87' lang='lat' dir='ltr'><strong>[Cn]</strong></span> <span class='ocrx_word' id='word_1_244' title='bbox 452 3151 602 3213; x_wconf 87' lang='lat' dir='ltr'><strong>Domitius</strong></span> <span class='ocrx_word' id='word_1_245' title='bbox 622 3152 735 3231; x_wconf 87' lang='lat' dir='ltr'><strong>legioni</strong></span> <span class='ocrx_word' id='word_1_246' title='bbox 757 3165 879 3213; x_wconf 79' lang='lat' dir='ltr'><strong>xxxvi.</strong></span> <span class='ocrx_word' id='word_1_247' title='bbox 903 3152 977 3214; x_wconf 89' lang='lat' dir='ltr'><strong>duas</strong></span> <span class='ocrx_word' id='word_1_248' title='bbox 999 3151 1037 3214; x_wconf 90' lang='lat' dir='ltr'><strong>ab</strong></span> <span class='ocrx_word' id='word_1_249' title='bbox 1053 3152 1134 3215; x_wconf 83' lang='lat' dir='ltr'><strong>licio·</strong></span> 
     </span>
     <span class='ocr_line' id='line_1_36' title="bbox 176 3235 1134 3315; baseline 0.005 -21"><span class='ocrx_word' id='word_1_250' title='bbox 176 3241 257 3301; x_wconf 89' lang='lat' dir='ltr'><strong>tare,</strong></span> <span class='ocrx_word' id='word_1_251' title='bbox 287 3253 360 3313; x_wconf 92' lang='lat' dir='ltr'><strong>quas</strong></span> <span class='ocrx_word' id='word_1_252' title='bbox 387 3235 439 3295; x_wconf 91' lang='lat' dir='ltr'><strong>ille</strong></span> <span class='ocrx_word' id='word_1_253' title='bbox 467 3236 625 3315; x_wconf 90' lang='lat' dir='ltr'><strong>disciplina</strong></span> <span class='ocrx_word' id='word_1_254' title='bbox 649 3245 737 3313; x_wconf 91' lang='lat' dir='ltr'><strong>atque</strong></span> <span class='ocrx_word' id='word_1_255' title='bbox 760 3244 911 3297; x_wconf 90' lang='lat' dir='ltr'><strong>armatura</strong></span> <span class='ocrx_word' id='word_1_256' title='bbox 934 3244 1039 3299; x_wconf 87' lang='lat' dir='ltr'><strong>nostra</strong></span> <span class='ocrx_word' id='word_1_257' title='bbox 1060 3254 1134 3298; x_wconf 87' lang='lat' dir='ltr'><strong>com·</strong></span> 
     </span>
     <span class='ocr_line' id='line_1_37' title="bbox 174 3318 1134 3399; baseline 0.006 -22"><span class='ocrx_word' id='word_1_258' title='bbox 174 3318 278 3396; x_wconf 91' lang='lat' dir='ltr'><strong>plures</strong></span> <span class='ocrx_word' id='word_1_259' title='bbox 291 3336 384 3378; x_wconf 88' lang='lat' dir='ltr'><strong>annos</strong></span> <span class='ocrx_word' id='word_1_260' title='bbox 395 3323 573 3381; x_wconf 90' lang='lat' dir='ltr'><strong>constitutas</strong></span> <span class='ocrx_word' id='word_1_261' title='bbox 593 3320 733 3389; x_wconf 91' lang='lat' dir='ltr'><strong>babebat,</strong></span> <span class='ocrx_word' id='word_1_262' title='bbox 756 3323 934 3399; x_wconf 90' lang='lat' dir='ltr'><strong>equitesque</strong></span> <span class='ocrx_word' id='word_1_263' title='bbox 947 3332 976 3391; x_wconf 80' lang='grc' dir='ltr'><strong>ο,</strong></span> <span class='ocrx_word' id='word_1_264' title='bbox 999 3318 1134 3383; x_wconf 84' lang='lat' dir='ltr'><strong>totidem·</strong></span> 
     </span>
    </p>

    <p class='ocr_par' dir='ltr' id='par_1_12' title="bbox 136 3400 1134 3571">
     <span class='ocr_line' id='line_1_38' title="bbox 136 3400 1133 3480; baseline -0.001 -14"><span class='ocrx_word' id='word_1_265' title='bbox 136 3417 233 3480; x_wconf 81' lang='lat' dir='ltr'><strong>oque</strong></span> <span class='ocrx_word' id='word_1_266' title='bbox 261 3400 298 3462; x_wconf 93' lang='lat' dir='ltr'><strong>ab</strong></span> <span class='ocrx_word' id='word_1_267' title='bbox 320 3401 523 3464; x_wconf 78' lang='lat' dir='ltr'><strong>Ariobarzane</strong></span> <span class='ocrx_word' id='word_1_268' title='bbox 551 3406 650 3465; x_wconf 90' lang='lat' dir='ltr'><strong>sumit.</strong></span> <span class='ocrx_word' id='word_1_269' title='bbox 698 3404 791 3464; x_wconf 88' lang='lat' dir='ltr'><strong>Mittit</strong></span> <span class='ocrx_word' id='word_1_270' title='bbox 818 3404 851 3464; x_wconf 89' lang='lat' dir='ltr'><strong>P.</strong></span> <span class='ocrx_word' id='word_1_271' title='bbox 881 3405 1015 3467; x_wconf 89' lang='lat' dir='ltr'><strong>Sestium</strong></span> <span class='ocrx_word' id='word_1_272' title='bbox 1043 3405 1080 3469; x_wconf 86' lang='lat' dir='ltr'><strong>ad</strong></span> <span class='ocrx_word' id='word_1_273' title='bbox 1104 3402 1133 3465; x_wconf 80' lang='lat' dir='ltr'><strong>C</strong></span> 
     </span>
     <span class='ocr_line' id='line_1_39' title="bbox 162 3485 1134 3571; baseline -0.002 -23"><span class='ocrx_word' id='word_1_274' title='bbox 162 3485 354 3550; x_wconf 86' lang='lat' dir='ltr'><strong>Plaetorium</strong></span> <span class='ocrx_word' id='word_1_275' title='bbox 377 3495 589 3571; x_wconf 89' lang='lat' dir='ltr'><strong>quaestorem.</strong></span> <span class='ocrx_word' id='word_1_276' title='bbox 615 3496 652 3551; x_wconf 90' lang='lat' dir='ltr'><strong>ut</strong></span> <span class='ocrx_word' id='word_1_277' title='bbox 674 3488 831 3567; x_wconf 76' lang='lat' dir='ltr'><strong>legionem</strong></span> <span class='ocrx_word' id='word_1_278' title='bbox 855 3488 1036 3561; x_wconf 87' lang='lat' dir='ltr'><strong>adduceret,</strong></span> <span class='ocrx_word' id='word_1_279' title='bbox 1064 3502 1134 3570; x_wconf 89' lang='lat' dir='ltr'><strong>quae</strong></span> 
     </span>
    </p>
   </div>
   <div class='ocr_carea' id='block_1_3' title="bbox 0 0 1182 3870">
    <p class='ocr_par' dir='ltr' id='par_1_13' title="bbox 0 0 1182 3870">
     <span class='ocr_line' id='line_1_40' title="bbox 0 0 1182 3870; baseline 0 0"><span class='ocrx_word' id='word_1_280' title='bbox 0 0 1182 3870; x_wconf 95' lang='lat' dir='ltr'><strong> </strong></span> 
     </span>
    </p>
   </div>
  </div>
 </body>
</html>
