2356 3870
317 246 393 303 car.
408 245 792 302 xmus-smum.
1015 239 1056 303 ct
1081 308 1089 333 Ι

96 397 230 473 legiones
252 395 408 474 dispertiri
424 402 454 455 et
476 395 644 456 Cominium
668 413 735 456 cum
751 394 854 455 Ticida
876 397 908 455 in
929 411 1056 474 conspe·

95 488 177 540 etum
193 496 280 539 suum
295 479 437 558 prohibet
459 480 576 540 adduci.
622 480 686 551 Qua
700 497 736 540 ex
751 496 785 539 re
801 479 910 540 Caesar
924 497 1056 540 commo·
1075 485 1094 535 4

96 574 232 630 tuscos,
262 581 336 642 quos
359 566 390 623 in
412 563 590 625 stationibus
612 582 682 624 curn
704 564 801 640 longis
824 563 950 624 navibus
978 563 1058 642 apud
1117 632 1120 637 ,

94 649 245 726 Thapsum
267 647 422 708 custodiae
444 666 535 709 causa
556 650 588 709 in
611 648 672 709 salo
695 667 760 708 esse
784 650 922 716 iusserat,
944 655 979 709 ut
994 649 1057 708 suis

95 733 244 792 onerariis
265 731 424 809 longisque
446 731 574 792 navibus
601 732 752 810 praesidio
779 739 895 801 esseut,
919 729 957 790 ob
986 748 1056 809 ueg-

100 815 261 890 legentlam
309 817 491 892 ignominiae
520 834 610 878 causa
633 815 826 877 dimittendos
854 814 892 875 ab
920 819 1055 876 exercitu

94 901 362 977 gravissimumque
384 901 417 960 in
439 919 491 961 eos
514 899 646 962 edictum
672 899 900 978 proponendum
929 902 1055 959 curavit.

159 981 325 1042 xxxxvtl.
370 983 428 1043 Per
456 984 487 1044 id
514 992 633 1062 ternpus
659 985 724 1045 iere
748 984 882 1044 Caesaris
907 984 1090 1057 exmcituit

96 1084 146 1125 res
175 1067 285 1126 accidit
312 1068 503 1129 incredibilis
531 1068 646 1129 auditu.
700 1068 834 1147 Namque
862 1067 1056 1145 vergiliarum

94 1152 181 1226 sigito
194 1152 330 1211 confecto
346 1154 469 1212 circiter
483 1153 585 1230 vigilia
599 1152 729 1214 secunda
744 1155 841 1212 noctis
856 1149 978 1213 nimbus
989 1169 1057 1212 cum

94 1253 181 1294 saxea
210 1234 356 1311 grandine
385 1235 486 1297 subito
519 1244 564 1298 est
598 1245 719 1299 exortus
752 1239 868 1314 ingens.
923 1235 966 1296 Ad
998 1235 1091 1296 hoec

93 1327 193 1378 autem
215 1320 438 1382 incommodum
459 1327 637 1388 accesserat,
659 1321 738 1400 quod
760 1321 867 1381 Cacsar
889 1338 950 1380 non
971 1337 1056 1379 more

94 1404 285 1480 superiorum
307 1411 475 1482 temporum
505 1407 537 1465 in
558 1404 697 1466 hibernis
724 1407 891 1465 exereitum
920 1405 1055 1464 continc-

94 1486 160 1556 bat,
185 1487 236 1548 sed
259 1489 291 1546 in
313 1491 403 1548 tertio
425 1497 591 1568 quartoque
621 1489 670 1550 dic
698 1489 889 1568 procedendo
917 1489 1055 1566 propius·

94 1589 152 1648 que
174 1571 291 1631 hostem
315 1572 484 1633 accedendo
513 1581 608 1633 castra
638 1571 874 1641 communiebat,
903 1590 1055 1651 opereque

95 1655 232 1716 iaciendo
254 1656 367 1716 milites
389 1675 420 1716 sc
437 1655 702 1735 circumspiciendi
717 1675 778 1716 non
793 1655 946 1716 habebant
960 1656 1056 1717 iacul-

94 1747 195 1799 tatem.
239 1739 399 1800 Praeterea
414 1742 456 1800 ita
472 1758 507 1799 er
523 1740 629 1801 Sicilia
640 1742 807 1801 exercitum
821 1738 1053 1818 transportabat,
1074 1749 1090 1798 3

94 1831 127 1883 ut
149 1830 269 1902 praeter
292 1826 390 1902 ipsum
412 1823 541 1884 militem
564 1831 595 1885 et
616 1842 697 1884 arma
719 1841 776 1884 nec
797 1841 847 1883 vas
869 1841 925 1884 nec
939 1824 1054 1884 manci·

94 1910 178 1985 pium
194 1926 291 1987 neque
314 1909 405 1969 ullam
427 1926 502 1978 rem,
526 1926 601 1987 quae
619 1909 688 1968 usui
701 1908 792 1968 militi
808 1925 873 1968 esse
889 1909 1053 1976 consucvit,

96 1995 126 2051 in
149 2010 238 2052 naves
252 1994 364 2070 inponi
387 1999 552 2071 pateretur.
596 1991 631 2053 ln
651 1993 752 2068 Africa
775 1997 875 2051 autem
890 2009 950 2053 non
965 1991 1054 2052 modo
1073 2000 1091 2050 4

94 2076 153 2136 sibi
176 2079 335 2154 quicquam
364 2095 425 2137 non
453 2076 658 2156 adquisierant
691 2083 742 2136 aut
774 2082 967 2154 paraverant,
1002 2075 1055 2136 sed
1117 2109 1130 2149 ῃ

94 2162 184 2220 etiam
207 2168 330 2238 propter
351 2179 487 2222 annonae
520 2163 676 2222 caritatem
707 2166 775 2221 ante
802 2168 886 2238 parta
914 2177 1053 2220 consum·

93 2254 225 2322 pserant.
254 2245 387 2316 ¹Quibus
409 2244 502 2306 rebus
525 2248 671 2306 attenuati
682 2244 793 2323 oppido
803 2263 948 2323 perquam
965 2244 1054 2322 pauci
1072 2250 1089 2300 5

94 2328 149 2389 suh
172 2328 303 2406 pellibus
325 2328 573 2408 adquiescebant;
596 2330 706 2408 reliqui
729 2347 765 2389 ex
786 2331 972 2390 vestimentis
987 2337 1052 2390 teu·

93 2413 211 2472 toriolis
243 2415 331 2474 lactis
363 2421 452 2492 atque
486 2413 685 2474 arundinibus
714 2413 873 2491 scopisque
907 2413 1054 2473 contextis

93 2496 320 2575 permanebant.
364 2497 467 2576 ltaque
489 2495 589 2557 subito
612 2496 710 2557 imbre
728 2496 933 2575 grandiusque
949 2506 1088 2557 conse-c

95 2589 163 2641 cuta
184 2582 315 2659 gravatis
335 2581 469 2660 pondere
492 2582 632 2641 tentoriis
654 2599 858 2660 aquarumque
873 2583 902 2641 vi
918 2579 1054 2642 subrutis

94 2665 298 2743 disiectisque,
321 2673 409 2726 nocte
431 2667 612 2744 intempesta
633 2664 755 2742 ignibus
776 2665 927 2734 extinctis,
951 2662 1053 2734 rebus,

93 2767 169 2827 quae
192 2748 229 2808 ad
250 2751 363 2809 victum
384 2750 552 2827 pertinent,
581 2747 724 2810 omnibus
751 2752 901 2827 corruptis
927 2765 982 2827 per
1005 2768 1053 2809 ca·

93 2841 156 2892 stra
183 2833 293 2909 passim
321 2831 505 2908 vagabantur
531 2833 684 2910 scutisque
713 2833 810 2909 capita
843 2830 1053 2909 contegebant.

92 2914 204 2975 Eadem
227 2922 315 2974 nocte
336 2928 368 2973 v.
392 2916 523 2992 legionis
544 2914 677 2994 pilorum
700 2915 856 2975 cacumina
879 2932 932 2975 sua
947 2921 1053 2993 sponte

94 3005 243 3060 arserunt.
278 3044 288 3051 .,

157 3081 339 3142 xxxxviii.
383 3083 447 3144 Rex
471 3084 594 3144 interim
615 3081 690 3143 luba
711 3081 748 3143 de
775 3086 910 3163 equestri
936 3084 1053 3162 proelio
1073 3093 1089 3144 1

95 3167 248 3246 Scipionis
271 3168 383 3228 certior
405 3168 502 3227 iactus
524 3174 722 3246 evocatusque
744 3168 782 3228 ab
810 3166 915 3236 eodem
942 3168 1054 3247 litteris

93 3254 247 3330 praelecto
270 3250 402 3312 Saburra
426 3269 493 3312 curn
516 3258 601 3330 parte
623 3252 774 3312 exercitus
800 3259 904 3315 contra
930 3252 1054 3316 Sittium

93 3336 216 3405 relicto,
239 3343 274 3397 ut
295 3354 397 3396 secum
420 3337 484 3415 ipse
500 3334 613 3415 aliquid
628 3338 815 3398 auctoritatis
830 3336 954 3398 adderet
967 3355 1052 3397 exer·

94 3423 168 3480 citui
189 3419 340 3498 Scipionis
355 3439 398 3481 ac
419 3428 568 3481 terrorem
590 3419 737 3490 Caesaris,
761 3439 829 3492 cum
844 3419 1053 3496 tribus-legio-

91 3502 183 3564 nibus
206 3503 415 3585 equitibusque
444 3506 572 3569 frenatis
594 3516 705 3588 ΜΩ,
723 3503 874 3570 blumiidis
887 3501 1081 3564 §metiens

847 3602 880 3656 B.
1034 3624 1038 3631 i
