2356 3870
139 189 198 262 108
413 192 558 249 amnon
572 167 821 246 nrsrsmunsn.
875 154 885 171 '

137 352 184 405 ter
207 361 299 403 unum
321 343 484 403 Antistium
505 340 705 419 Turpionem
733 342 784 418 qui
810 337 905 399 lidens
926 338 1040 399 viribus
1063 352 1103 399 cx

138 428 317 489 adversariis
345 425 405 488 sibi
437 443 540 504 parem
569 443 634 486 esse
662 426 814 486 neminem
842 425 955 500 agitare
988 424 1102 500 coepit

46 576 50 583 ,
100 512 211 579 amc,
242 521 275 571 ut
307 512 405 571 fertur
431 509 558 571 Achillis
584 509 810 586 Memnonisque
839 524 1034 584 congressus,
1064 506 1103 578 Q.

137 595 296 673 Pompeius
323 594 429 672 Niger,
459 612 550 673 eques
579 592 730 654 Romanus
757 590 938 660 italicensis,
971 609 1007 651 ex
1033 592 1102 651 acie

100 691 117 739 n
139 686 241 740 nostra
254 678 290 738 ad
305 677 560 760 congrediendum
576 694 753 754 progressus
768 683 823 736 est.
856 675 1003 746 Quoniam
1019 675 1104 735 iero·

139 765 214 824 citas
235 764 345 823 Antisti
367 765 501 822 omnium
524 769 640 822 mentes
662 766 850 821 converterat
880 758 917 820 ab
941 776 1031 837 opere
1063 758 1104 818 ad

138 847 349 927 spectandum,
379 844 465 907 'acies
492 854 562 905 sunt
589 844 766 921 dispositae:
801 861 869 904 nam
897 846 977 903 inter
1005 842 1103 904 bella·

138 940 219 992 tores
248 933 402 1008 principes
429 929 521 991 dubia
549 938 613 990 erat
640 931 737 1007 posita
768 930 908 996 victoria,
942 935 976 988 ut
1004 944 1105 1004 prope

101 1027 117 1075 6
138 1015 292 1076 videretur
314 1017 404 1075 linem
428 1013 560 1075 bellandi
583 1013 710 1074 ducrum
732 1011 875 1073 dirimere
902 1028 1011 1089 pugna.
1056 1011 1104 1071 lta

139 1100 217 1161 avidi
228 1099 388 1177 cupidique
400 1116 521 1158 suarum
535 1099 662 1176 quisque
673 1098 803 1174 panium
817 1097 996 1170 expetebant
1007 1097 1100 1154 victo-

140 1186 215 1243 riam
242 1186 453 1260 fautorumque
476 1181 613 1241 voluntas
641 1197 782 1253 mannum
809 1184 958 1253 utrimque
983 1180 1104 1239 uirtutis

102 1277 117 1326 ἰ
139 1270 364 1328 incitamentum
379 1264 555 1326 habebatur.
590 1265 723 1336 Quorum
739 1265 848 1325 virtute
859 1264 961 1332 alacri,
979 1282 1047 1326 curn
1064 1261 1104 1322 ad

140 1350 344 1411 dimicandum
368 1352 399 1409 in
420 1350 582 1427 planiciem
605 1368 636 1410 se
652 1348 863 1418 contulissent,
887 1356 1105 1426 scutorumque

140 1435 239 1494 laudis
262 1434 391 1511 insignia
413 1441 443 1493 et
475 1433 667 1510 praefulgens
689 1450 764 1511 opus
786 1433 933 1493 caelatum
957 1475 1103 1491 .........

139 1518 272 1590 Quorum
306 1535 404 1595 pugna
438 1525 516 1578 esset
548 1534 641 1594 prope
674 1519 809 1596 prolecto
844 1517 1005 1594 dirempta,
1040 1517 1101 1577 nisi

139 1609 264 1680 propter
279 1604 413 1680 equitum
429 1618 638 1678 congressum,
661 1610 694 1662 ut
716 1619 805 1678 supra
821 1600 1103 1670 demonstravimus,

139 1687 235 1747 levem
258 1693 437 1746 armaturam
460 1685 604 1763 praesidii
626 1703 715 1746 causa
737 1703 798 1745 non
827 1684 915 1762 longe
943 1685 980 1744 ab
1007 1701 1103 1762 opere

102 1779 119 1829 8
142 1814 264 1830 ........
292 1778 388 1830 castra
418 1771 585 1830 constituit.
629 1769 667 1830 Ut
699 1778 816 1829 nostros
844 1770 959 1847 equites
990 1770 1021 1828 in
1051 1786 1102 1828 re·

140 1863 243 1935 captu,
267 1855 338 1914 dum
360 1853 397 1914 ad
419 1863 516 1914 castra
532 1852 675 1922 redeunt,
698 1852 862 1913 adversarii
877 1852 1015 1931 cupidius
1031 1860 1104 1912 sunt

140 1941 284 2009 insecuti,
322 1939 455 1998 universi
487 1937 618 1998 clamore
650 1937 729 1997 iacto
765 1934 910 2012 impeturn
943 1926 1102 1997 dederunt.

102 2031 119 2078 9
140 2021 184 2082 lta
206 2030 287 2083 metu
309 2023 478 2099 perterriti,
502 2040 571 2081 cum
593 2022 624 2080 in
646 2021 717 2097 luga
739 2026 853 2088 essent,
882 2020 985 2080 multis
1011 2022 1102 2080 amis·

140 2109 182 2166 sis
203 2109 235 2166 in
258 2114 354 2166 castra
377 2123 409 2164 sc
431 2106 593 2182 recipiunt.

104 2199 118 2246 r
204 2188 304 2248 XXVI.
350 2188 457 2248 Caesar
479 2188 521 2248 ob
539 2190 682 2249 virtutem
702 2196 819 2249 turmae
837 2187 994 2249 Cassianae
1010 2187 1103 2248 dona·

55 2276 58 2282 '
141 2274 184 2332 vit
211 2273 293 2332 milia
321 2284 387 2330 xm
417 2281 446 2332 et
474 2273 628 2349 praelecto
655 2279 778 2350 torques
806 2289 914 2333 aureos
935 2284 959 2332 v
986 2279 1016 2332 ct
1042 2273 1102 2333 levi

104 2364 311 2417 narinaturac
332 2356 415 2416 milia
437 2368 500 2415 ΧΗ.
544 2354 608 2416 Ηοο
635 2356 682 2417 die
709 2359 742 2416 Α.
765 2354 895 2417 Baebius
922 2364 952 2417 et
981 2355 1012 2416 C.
1035 2356 1102 2417 Fla·

141 2443 206 2501 vius
228 2449 258 2500 et
272 2442 305 2501 Α.
321 2439 504 2510 Trebellius,
529 2443 645 2519 equites
659 2439 785 2501 Romani
799 2443 954 2510 Astenses,
977 2448 1105 2518 argento

140 2543 233 2603 prope
263 2526 336 2587 tecti
357 2527 443 2603 equis
465 2524 502 2585 ad
518 2525 675 2586 Caesarem
689 2525 931 2602 transfugerunt;
955 2526 1103 2605 quinun·

141 2611 306 2676 tiaverunt,
337 2610 453 2685 equites
475 2609 625 2669 Romanos
651 2611 826 2669 coniurasse
849 2626 966 2677 omnes,
995 2611 1102 2686 quiin

126 2694 250 2753 ⁴castris
271 2690 392 2769 Pompei
414 2698 531 2760 essent,
559 2700 593 2752 ut
616 2694 824 2753 transitionem
846 2694 994 2760 lacerent;
1021 2696 1104 2754 servi

142 2776 257 2836 indicio
280 2793 385 2836 omnes
410 2778 442 2838 in
465 2776 629 2836 custodiam
659 2795 724 2837 esse
752 2780 918 2845 coniectos,
948 2795 965 2836 e
992 2776 1105 2854 quihus

104 2867 122 2917 3
143 2860 302 2920 occasione
323 2867 409 2939 capta
431 2879 463 2920 se
490 2862 696 2937 transfugisse.
741 2861 815 2920 ltern
837 2860 894 2921 lroc
914 2861 962 2921 die
984 2861 1105 2923 litterae

142 2953 212 3004 sunt
233 2943 414 3023 deprensae,
438 2962 512 3022 quas
528 2943 667 3004 mittebat
681 2944 845 3005 Ursaonem
862 2945 914 3006 Cn.
927 2944 1102 3022 Pompeius:

141 3029 174 3088 S·
206 3029 239 3087 V.
264 3029 298 3088 G.
322 3027 358 3086 E.
388 3029 423 3088 V.
448 3029 524 3100 Etsi,
551 3035 647 3103 prout
675 3035 780 3088 nostru
798 3027 949 3100 felicitas,
978 3046 1018 3089 cx
1038 3047 1104 3090 sen·

142 3115 236 3172 tentia
252 3112 446 3171 adversarios
460 3113 562 3172 adduc
574 3113 736 3187 propulsos
749 3130 879 3181 .......;
902 3115 956 3187 qui
968 3116 996 3174 si
1007 3129 1108 3188 acque

141 3197 208 3255 loco
234 3196 284 3254 sui
307 3202 484 3270 potestatem
513 3195 668 3267 facerent,
703 3198 857 3269 ceterius,
879 3212 970 3271 quam
1002 3205 1107 3258 vestre

104 3287 122 3335 4
144 3276 345 3354 epinicion,
375 3281 481 3340 bellum
508 3280 711 3353 confecissem.
756 3279 818 3339 Sed
841 3285 1005 3341 exercitum
1032 3285 1105 3344 tiro-

65 3394 78 3409 ·
141 3378 208 3422 nem
229 3377 288 3421 non
310 3365 424 3422 nudent
445 3366 477 3423 in
491 3379 630 3439 campum
645 3364 795 3424 deducere
816 3367 984 3439 nostrisque
1003 3367 1107 3427 adnue

135 3449 199 3517 fixi
213 3447 379 3522 praesidiis
408 3447 515 3507 bellum
537 3448 659 3515 ducunt.
704 3448 783 3507 Num
807 3450 943 3522 sinqulus
969 3451 1107 3513 ciuitates
