2356 3870
148 191 189 250 40
472 189 512 246 DE
526 189 632 246 nanto
647 190 787 247 ciclico

148 351 280 429 siugulos
294 352 408 429 legatos
423 353 530 414 Caesar
550 351 703 414 discedere
724 354 782 414 nisi
795 354 918 414 munitis
934 357 1039 416 castris
1058 373 1108 417 re·

118 444 133 491 a
147 443 254 496 tuerat.
278 435 316 495 Hi
328 444 453 514 propter
467 437 720 515 propinquitatem
736 445 766 497 et
781 435 964 499 celeritatem
977 438 1109 501 hostium

148 517 222 579 nihil
235 520 295 578 iam
305 518 610 599 CaesarisImperium
621 518 825 599 expectabant,
840 521 893 581 sed
903 539 959 600 per
973 540 1016 593 se,
1033 538 1110 600 quae

148 602 334 673 videbantur,
350 602 603 665 administrabant.

118 694 132 742 1
209 685 284 747 XXI.
309 686 417 748 Caesar
432 689 609 749 necessariis
623 686 714 748 rebus
728 688 883 766 imperatIs
897 688 935 748 ad
949 686 1108 749 cohortan-

149 769 203 830 dos
217 768 335 839 milites,
353 786 440 847 quam
453 772 485 831 In
498 777 615 850 partem
629 771 692 831 lors
706 769 823 850 optulit,
840 770 1014 832 decucurrit
1028 780 1059 832 et
1073 772 1110 833 ad

118 862 134 910 ²
148 852 295 931 legionem
309 853 465 916 decumam
479 854 607 915 devenit.
629 853 737 915 Milites
751 872 813 915 non
823 852 959 932 longiore
974 855 1111 916 oratione

149 937 330 1007 cohortatus,
346 954 434 1015 quarn
445 940 489 998 uti
502 956 574 999 suae
584 939 728 1016 pristinae
741 938 859 998 vlrtutis
869 939 1046 999 memoriam
1060 957 1110 999 re·

148 1023 280 1082 tinerent
292 1038 353 1082 neu
366 1019 616 1100 perturbarentur
631 1022 743 1090 animo,
759 1020 950 1097 hostiumque
963 1023 1109 1100 impeturn

116 1106 266 1166 aiortiter
291 1106 488 1174 sustiuerent,
516 1104 596 1181 quod
615 1121 677 1165 non
701 1103 820 1182 longius
845 1103 947 1165 hostes
975 1103 1109 1175 aberant,

149 1206 239 1266 quarn
254 1206 314 1266 quo
328 1187 420 1249 telum
435 1188 512 1249 adici
525 1194 636 1267 posset,
652 1186 760 1266 proelii
775 1187 979 1249 committendi
992 1189 1110 1266 signum

116 1272 238 1334 adedit.
283 1275 379 1349 Atque
398 1273 431 1332 ln
451 1270 574 1333 alteram
592 1277 709 1350 partem
728 1273 801 1332 item
826 1270 1002 1333 cohortandi
1021 1289 1111 1332 eausa

116 1358 299 1435 oprolectns
312 1354 513 1435 pugnantibus
528 1357 666 1416 occurrit.
704 1354 861 1434 Temporis
880 1362 961 1416 tanta
975 1355 1033 1416 suit
1047 1356 1110 1416 exi·

147 1442 243 1517 guttas
257 1438 447 1515 hostiumque
461 1446 522 1500 mm
535 1449 657 1517 paratus
672 1439 708 1500 ad
723 1438 920 1500 dimicandum
936 1440 1061 1508 animus,
1077 1448 1110 1500 ut

147 1540 209 1583 non
223 1522 311 1583 modo
327 1521 364 1582 ad
375 1523 502 1602 insignia
512 1521 773 1592 adcommodanda‚
789 1522 842 1583 sed
857 1524 946 1583 etiam
960 1521 997 1583 ad
1011 1521 1111 1599 galeas

147 1605 313 1668 induendas
327 1607 480 1684 scutisque
494 1607 656 1684 tegimenta
675 1605 860 1667 detrudenda
873 1616 992 1684 ternpus
1006 1605 1110 1667 delue-

116 1695 133 1747 o
147 1692 195 1752 rit.
220 1690 315 1761 Quam
327 1691 453 1768 quisque
467 1689 505 1751 ab
520 1707 611 1769 opere
624 1691 657 1749 in
670 1698 787 1768 partem
802 1707 874 1750 casu
884 1689 1003 1750 devenit
1017 1706 1109 1766 qnae·

149 1790 207 1851 que
221 1776 318 1852 prima
333 1776 417 1852 signa
431 1774 600 1853 conspexit,
616 1772 741 1834 adhaec
757 1773 904 1842 constitit,
919 1789 958 1832 ne
971 1773 1004 1832 ln
1019 1789 1110 1850 quae·

148 1857 249 1919 rendis
264 1859 325 1918 sitis
339 1857 490 1936 pugnandi
504 1864 622 1935 tempus
636 1855 807 1917 dimitteret

119 1945 132 1995 1
212 1939 301 2002 XXII.
325 1941 475 2002 Instructo
498 1941 647 2008 exercitu,
669 1940 762 2017 magis
784 1946 819 1999 ut
832 1938 892 1999 loci
906 1948 1013 1999 natura
1028 1937 1110 1999 deie-

149 2031 274 2101 ctusque
289 2022 373 2084 collis
388 2031 418 2084 et
431 2024 594 2084 necessitas
607 2024 769 2102 temporis,
792 2039 881 2100 quam
895 2030 929 2083 ut
940 2022 988 2096 rei
1002 2020 1110 2083 milita·

147 2108 190 2168 ris
210 2108 286 2168 ratio
307 2113 397 2183 atque
417 2105 490 2168 ordo
509 2105 693 2185 postulabat,
717 2124 786 2167 eum
806 2105 930 2167 diversis
944 2104 1112 2183 legionibus

148 2189 223 2252 aliae
244 2189 300 2251 alia
313 2190 346 2250 in
360 2197 445 2269 parte
465 2187 600 2251 hostibus
622 2191 813 2259 resisterent,
834 2187 1016 2267 sepibusque
1036 2187 1110 2249 den·

148 2275 288 2344 sissimIs,
309 2281 431 2335 utente
452 2272 734 2342 demonstravimus,
754 2274 919 2333 interiectis
932 2282 1111 2351 prospectus
1160 2283 1165 2292 ·

148 2357 344 2438 inpediretur,
356 2374 455 2434 neque
469 2364 550 2418 certa
561 2357 693 2419 subsidia
705 2356 854 2418 conlocari
869 2372 977 2433 neque,
994 2355 1066 2432 quid
1079 2357 1111 2417 in

149 2458 267 2519 quaque
281 2449 366 2520 parte
382 2458 457 2519 opus
472 2447 565 2511 esset,
585 2440 737 2520 provideri
755 2456 854 2518 neque
874 2439 912 2501 ab
931 2457 991 2500 uno
1012 2442 1112 2501 omnia

117 2533 133 2582 a
147 2527 272 2604 imperia
288 2524 486 2585 administrari
500 2531 648 2603 poterant.
676 2525 781 2602 Itaque
794 2525 826 2585 in
840 2531 922 2584 tanta
935 2540 1038 2585 rernm
1052 2524 1111 2584 Ini-

149 2611 260 2686 quitate
274 2609 412 2669 fortunae
427 2624 546 2685 quoque
561 2615 685 2671 eventus
699 2610 772 2669 varii
786 2607 997 2685 sequebantur.

118 2699 132 2749 1
211 2691 315 2753 XXIII.
339 2691 478 2770 Legionis
497 2709 593 2753 nonae
608 2703 639 2754 et
653 2691 785 2754 decimae
799 2691 922 2760 milites,
944 2697 979 2752 ut
991 2691 1110 2751 insini·

148 2783 211 2838 stra
224 2783 310 2856 parte
325 2778 388 2837 acie
408 2778 617 2846 constiterant,
638 2774 708 2855 pilis
727 2777 843 2837 emissis
863 2793 955 2836 cursu
976 2791 1011 2835 ac
1024 2772 1110 2834 lassi·

149 2860 253 2921 tudine
274 2861 455 2922 exanimatos
476 2857 707 2937 vulneribusque
726 2860 878 2921 coniectos
898 2857 1055 2920 Atrebates
1071 2887 1109 2902 -

149 2961 219 3004 nam
233 2943 279 3005 bis
294 2962 329 3005 ea
342 2963 413 3024 pars
428 2942 590 3006 obvenerat
606 2977 641 2988 -
667 2942 807 3005 celeriter
821 2961 858 3004 ex
873 2941 939 3003 loco
953 2942 1111 3020 superlore

149 3028 181 3088 in
195 3027 307 3089 llumen
322 3027 522 3108 conpulerunt
543 3036 573 3090 et
595 3029 724 3090 transire
745 3033 886 3088 conantes
905 3026 1033 3086 Insecuti
1047 3023 1109 3101 gla-

119 3118 135 3166 2
149 3110 206 3173 diis
219 3128 356 3189 magnam
370 3119 486 3191 partem
501 3131 606 3174 eornm
620 3111 782 3191 inpeditam
795 3111 1021 3171 interfecerunt.
1050 3107 1111 3186 Ipsi

149 3196 279 3258 transire
299 3195 412 3258 flumen
434 3214 496 3257 non
521 3195 732 3258 dubitaverunt
752 3202 782 3256 et
800 3195 833 3254 in
854 3193 953 3255 locum
973 3192 1112 3268 iniquum

150 3280 303 3358 progressi
316 3298 421 3342 rursus
435 3283 609 3342 reslstentes
619 3278 722 3341 hostes
733 3278 934 3356 redintegrato
948 3274 1064 3356 proelio
1078 3276 1112 3335 in

119 3363 250 3442 alugam
264 3365 465 3426 coniecerunt
501 3365 576 3426 Item
596 3362 651 3425 alia
670 3365 703 3424 in
721 3372 808 3442 parte
827 3361 961 3424 diversae
975 3359 1052 3421 dnae
1066 3357 1110 3418 le·

151 3449 269 3524 mones,
285 3447 442 3510 undecima
457 3455 487 3508 et
500 3457 612 3518 octava,
626 3447 791 3526 profligatis
805 3444 1026 3515 Viromanduis,
1044 3442 1096 3520 qui
