2356 3870
147 195 188 259 98
322 209 327 218 ’
425 199 572 254 BELLUM
586 199 837 256 HISPANIENSE.

145 349 273 411 adventu
293 348 436 427 praesidii
462 366 552 408 causa
572 348 682 409 Caeam
708 364 778 410 cum
806 349 962 428 complura
989 350 1115 411 castella

145 441 338 511 occupasset,
361 433 472 510 partim
494 432 548 493 ubi
570 435 737 510 equitatus,
761 435 871 512 partlm
886 433 940 494 ubi
962 434 1116 514 pedestris

145 521 231 596 copia
253 519 286 576 in
308 519 436 576 statione
459 525 489 576 et
515 519 546 577 iu
569 515 713 577 excubitu
736 519 843 578 castris
871 519 1023 597 praesidio
1044 536 1114 580 esse

144 608 284 678 possent,
314 600 364 660 hic
390 603 424 660 in
446 601 574 661 adventu
595 601 721 678 Pompei
750 601 872 671 incidit,
902 611 936 662 ut
965 604 1114 664 matutino

109 694 282 762 stomporc
308 684 417 745 nebula
451 692 532 745 esset
563 687 759 745 crassissima.
809 685 853 745 lta
887 685 939 746 illa
966 685 1112 748 obscura·

145 769 227 828 tione
251 785 320 827 cum
342 768 456 847 aliquot
483 767 659 829 cohortibus
687 777 717 828 et
745 771 881 846 equitum
910 773 1020 830 turmis
1049 773 1112 831 cir·

146 851 340 913 cumcludunt
362 852 498 914 Caesaris
525 854 642 931 equites
663 857 695 912 et
721 852 901 921 concidunt,
931 855 974 913 sic
1001 861 1036 914 ut
1063 857 1112 914 vix

147 938 179 998 in
201 955 236 997 ea
259 935 350 997 oaedo
373 939 463 1014 pauci
484 936 661 1013 effugerent

110 1030 123 1076 1
209 1019 272 1080 Vll.
315 1020 489 1099 insequenti
523 1028 611 1081 nocte
640 1030 738 1082 castra
770 1039 825 1081 sua
860 1021 994 1082 incendit
1020 1021 1113 1082 Pom·

145 1106 233 1181 peius
255 1112 286 1165 et
307 1111 391 1164 mans
412 1105 523 1164 flumen
541 1104 663 1165 Salsum
687 1122 742 1183 per
766 1103 915 1167 convalles
937 1112 1035 1166 castra
1062 1108 1112 1165 in·

144 1195 194 1248 ter
216 1187 274 1248 duo
297 1189 406 1266 oppida
427 1190 571 1266 Ateguam
598 1198 627 1250 et
648 1188 779 1249 Ucubim
807 1192 840 1250 in
869 1197 969 1249 monte
996 1191 1112 1249 consti·

108 1274 213 1332 ttuit.
269 1271 376 1333 Caesar
412 1276 444 1333 in
479 1271 699 1332 munitionibus
736 1276 922 1352 ceterisque,
959 1289 1035 1351 quae
1073 1273 1112 1333 ad

145 1356 380 1434 oppugnandum
404 1375 479 1434 opus
501 1359 639 1423 luerunt,
668 1373 809 1434 aggerem
830 1360 990 1435 vineasque
1020 1375 1113 1434 agore

108 1448 124 1495 3
146 1442 288 1500 instituit.
332 1440 413 1501 Haec
434 1441 499 1500 loca
522 1448 591 1500 sunt
612 1451 769 1501 montuosa
785 1449 816 1501 ct
837 1449 943 1501 natura
965 1442 1111 1518 expedita

146 1523 184 1583 ad
214 1542 280 1584 rem
310 1524 488 1593 militarcm3
526 1542 602 1603 quae
635 1525 764 1602 planicie
798 1525 986 1604 dividuntur,
1023 1525 1112 1588 Salso

145 1607 286 1676 flumine,
314 1610 452 1686 proxime
479 1616 578 1670 tamen
599 1610 742 1686 Ateguam
764 1617 798 1669 ut
825 1609 936 1670 flumen
963 1612 1018 1678 sit,
1045 1613 1112 1671 cir·

108 1695 222 1753 tciter
254 1711 395 1770 passuum
424 1694 483 1754 duo
515 1693 609 1753 milia.
654 1693 703 1753 Ex
732 1711 766 1754 ea
793 1696 917 1770 regione
945 1695 1048 1772 oppidi
1077 1697 1110 1755 in

147 1776 301 1837 montibus
322 1786 419 1838 castra
442 1777 549 1838 habuit
576 1780 675 1856 posita
696 1777 857 1856 Pompeius
885 1781 917 1838 iu
945 1788 1112 1857 conspectu

146 1869 341 1940 utrorumque
364 1863 558 1941 oppidorum,
587 1880 684 1940 neque
707 1865 769 1922 suis
791 1879 881 1922 ausus
903 1870 949 1922 cst
971 1862 1110 1924 subsidio

108 1956 124 2002 5
146 1948 260 2005 venire.
309 1947 432 2023 Aquilas
458 1955 490 2006 et
517 1949 604 2024 sigua
632 1945 738 2030 habuit
764 1959 830 2004 xm
858 1946 1025 2023 legionum;
1055 1947 1110 2007 sed

146 2046 182 2089 ex
209 2028 319 2108 quibus
346 2029 461 2108 aliquid
488 2031 668 2091 firmamenti
686 2044 731 2091 'se
760 2030 950 2091 existimabat
984 2031 1126 2100 habere„

145 2112 220 2172 duae
249 2115 371 2173 luerunt
393 2115 587 2184 vernaculae,
617 2133 692 2193 quae
720 2114 911 2176 aTrebonio
940 2116 1109 2192 transfuge-

145 2204 226 2263 rant;
250 2214 308 2258 una
331 2199 409 2259 lacta
431 2217 468 2258 cx
490 2199 632 2268 coloniis,
656 2216 731 2278 quae
746 2201 869 2260 luerunt
891 2203 923 2260 in
945 2200 992 2260 bis
1007 2203 1108 2276 regio·

144 2279 249 2348 uibus;
277 2291 384 2359 quarta
411 2284 470 2343 luit
494 2284 656 2344 Afraniana
682 2301 720 2344 ex
745 2285 861 2354 Africa,
886 2302 974 2363 quam
1005 2301 1108 2345 secum

110 2368 324 2442 oadduxerat;
346 2368 480 2448 reliquae
503 2387 539 2430 cx
561 2370 694 2446 fugitivis
709 2369 924 2430 consistebant.
968 2368 1100 2430 Auxilia-

144 2471 194 2515 res
285 2470 369 2513 :nam
392 2454 429 2514 de
450 2452 508 2514 levi
524 2461 674 2514 armatura
690 2462 720 2514 ct
734 2456 867 2532 equitatu
889 2452 977 2530 longo
993 2461 1022 2513 et
1040 2455 1099 2512 vir·

145 2543 209 2596 tute
232 2548 262 2595 et
284 2554 409 2597 numero
431 2543 530 2598 nostri
552 2545 638 2597 eraut
659 2539 840 2615 superiores.

108 2629 122 2676 1
209 2619 284 2677 Vlll.
328 2620 499 2682 Accedebat
525 2621 600 2690 huc,
634 2628 668 2680 ut
695 2621 813 2697 longius
842 2620 954 2681 bellum
982 2619 1106 2680 duceret

144 2702 319 2781 Pompeius,
343 2705 423 2782 quod
445 2705 509 2764 loo-a
532 2715 601 2764 sunt
623 2704 703 2766 edita
731 2711 761 2764 et
788 2704 826 2764 ad
848 2712 1016 2764 castrorum
1040 2721 1105 2764 mu·

107 2797 122 2845 2
145 2790 277 2849 nitiones
298 2806 359 2849 non
381 2805 488 2867 parum
511 2788 628 2849 idonea.
672 2788 746 2848 Nam
769 2790 832 2849 lere
861 2790 954 2849 totius
982 2788 1106 2848 ulterio-

145 2874 188 2934 ris
209 2873 371 2951 Hispaniae
393 2876 478 2952 regio
501 2883 625 2951 propter
647 2882 746 2934 terrae
761 2872 979 2935 fecunditatem
994 2879 1025 2931 et
1046 2889 1107 2930 non

144 2959 244 3018 minus
281 2960 432 3035 copiosam
467 2961 658 3035 aquationem
690 2958 859 3036 inpeditam
893 2955 1107 3034 difficilemque

108 3050 124 3098 3
147 3041 238 3103 habet
260 3044 522 3119 oppugnationem.
567 3041 624 3102 Hic
645 3044 736 3102 etiarn
758 3047 882 3119 proptor
909 3039 1108 3101 barbarorum

145 3124 270 3186 crebras
292 3129 487 3187 excursiones
508 3128 608 3187 omnia
630 3125 710 3195 loca,
738 3143 814 3203 quae
837 3135 907 3186 sunt
929 3124 966 3209 ab
990 3123 1110 3203 oppidis

145 3217 274 3278 remota,
298 3209 435 3271 turribus
457 3218 488 3270 et
508 3209 728 3270 munitionibus
756 3211 941 3278 retinentur,
966 3211 1049 3269 sicut
1077 3211 1110 3268 in

144 3295 261 3364 Africa,
285 3295 411 3363 rudere,
435 3313 496 3355 nou
519 3294 629 3372 tegulis
650 3301 811 3372 teguntur;
835 3294 984 3372 simulque
1007 3296 1039 3352 in
1062 3293 1111 3352 his

145 3378 259 3440 habent
280 3379 417 3458 speculas
446 3387 476 3438 et
504 3388 629 3456 propter
653 3378 843 3440 altitudinem
872 3378 960 3455 longe
990 3377 1110 3456 lateque

106 3465 343 3545 tprospiciunt.
387 3463 463 3525 ltem
486 3464 664 3543 oppidorum
684 3480 792 3542 magna
814 3481 883 3542 pars
900 3465 966 3523 eius
987 3463 1110 3540 provin·
