2356 3870
281 226 380 282 corut.
396 227 436 282 vt.
453 226 522 282 CAP.
539 227 767 283 xxttt-xitvttt.
958 235 1020 292 117

58 409 126 450 rum
148 398 177 452 et
190 393 361 459 Anartium
384 391 453 450 hinc
473 409 505 450 se
526 392 618 450 ilectit
636 393 825 451 sinistrorsus
847 393 970 455 diversis
986 394 1054 455 aba

58 474 180 534 flumine
201 475 373 551 regionibus
399 474 621 552 multarumque
641 479 773 552 gentium
800 477 872 538 fines
898 488 1023 558 propter

58 559 293 635 magnitudinem
304 559 441 635 adtingit:
458 576 555 635 neque
567 560 722 636 quisquam
738 567 781 619 est
796 560 884 623 huius
900 563 1021 623 Germa·
1037 570 1054 617 4

59 645 133 710 niae,
151 645 203 718 qui
214 661 246 703 se
256 651 308 703 aut
319 643 415 702 adisse
427 643 461 701 ad
475 644 590 702 initium
603 645 665 704 eius
677 644 766 703 silvae
777 643 863 713 dicat,
881 664 947 706 cum
960 647 1021 706 die·

59 745 125 786 rum
140 728 200 786 iter
214 748 255 786 cx
269 729 457 805 processerit,
475 736 534 795 aut,
551 744 610 804 quo
626 745 662 786 ex
677 727 742 787 loco
759 731 881 797 oriatur,
899 748 1021 810 accepe-

60 813 112 877 rit
135 811 287 888 multaque
307 813 337 871 in
358 829 392 870 ea
412 827 522 887 genera
542 812 672 871 ferarum
694 813 776 871 nasci
797 820 925 883 constat,
949 823 1055 890 quaet

57 895 211 972 reliquis'
204 912 234 955 ιιι
256 895 328 956 locis
347 896 409 955 visa
429 913 490 955 non
511 895 583 963 sint;
614 913 650 954 ex
671 895 778 972 quibus
800 913 875 973 quae
896 899 1023 957 maxime

57 979 198 1040 differant
212 979 248 1038 ab
264 981 372 1039 ceteris
384 987 414 1037 et
426 982 588 1038 memoriae
603 980 754 1057 prodenda
770 981 886 1041 videant
874 989 932 1048 t‚ur
950 982 1024 1042 haec

56 1073 136 1124 sunt.

120 1147 221 1208 XXVI.
252 1149 306 1208 Est
326 1148 380 1208 bos
401 1148 604 1224 cervitigura,
622 1150 706 1207 cuius
721 1167 738 1207 a
753 1149 850 1247 media
865 1152 986 1212 fronte
978 1168 1022 1210 m·
1041 1157 1053 1206 1

57 1243 103 1293 ter
119 1249 208 1317 aures
222 1250 316 1291 unum
328 1249 422 1291 cornu
438 1232 536 1290 existit
548 1226 707 1290 excelsius
709 1225 861 1329 magisque
877 1233 1022 1294 directum

57 1316 112 1384 his,
116 1311 208 1407 quae
223 1310 310 1376 nobis
324 1324 393 1376 nota
410 1325 491 1385 sunt‚·
506 1315 660 1382 cornibus;
684 1314 721 1375 ab
737 1317 801 1376 eius
816 1334 932 1377 summo
948 1320 1055 1377 sicula
1087 1379 1096 1391 „

57 1389 204 1479 palmae
188 1403 366 1477 ramique
333 1400 391 1459 late
403 1399 573 1460 diffundunt
561 1406 618 1459 t.ur
642 1399 764 1459 Eadem
764 1404 809 1461 es't
820 1401 947 1462 feminae
962 1390 1059 1481 malti
1075 1397 1078 1401 ’

58 1485 161 1560 risque
176 1483 292 1552 natu‘ra,
310 1485 413 1544 eadem
427 1485 522 1544 forma
537 1482 767 1561 magnitudoque
783 1503 937 1546 cornuum.

121 1567 238 1628 xxvtk
269 1567 361 1628 Sunt
355 1575 434 1634 rtem,
452 1580 527 1644 quae
542 1567 728 1646 appellantur
743 1568 829 1641 alpes
853 1569 965 1629 llarum
981 1578 1026 1628 est
1041 1577 1054 1627 t

58 1652 222 1712 consimilis
243 1642 340 1737 capri's
361 1653 454 1729 ligura
475 1660 503 1711 et
518 1654 643 1711 varietas
658 1651 794 1729 pellium,
811 1650 888 1711 sed
878 1652 1023 1730 magnitu-

58 1738 128 1798 dine
141 1724 231 1814 paulo
247 1730 427 1796 antecedunt
441 1735 621 1812 mutilaeque
642 1743 711 1795 sunt
720 1736 871 1795 cornibus
892 1744 922 1795 et
937 1755 1025 1798 crura

57 1824 123 1880 sine
133 1819 220 1887 nodis
235 1819 405 1919 articlisque
415 1819 538 1891 habent,
550 1833 652 1896 neque
665 1821 772 1895 quietis
785 1838 871 1879 causa
883 1839 1023 1898 procum·
1038 1830 1055 1877 2

57 1905 134 1965 bunt
149 1921 257 1981 neque,
273 1906 298 1964 si
314 1921 372 1980 quo
385 1904 518 1963 adflictae
531 1909 600 1963 casu
613 1903 814 1972 conciderunt,
834 1905 948 1981 erigere
959 1923 1025 1964 sese

58 1997 111 2050 aut
125 1987 281 2048 sublevare
295 1995 431 2067 possunt.
445 1963 507 2047 ¹llis
518 1985 587 2047 sunt
601 1987 724 2049 arbores
739 2007 794 2066 pro
811 1987 971 2048 cubilibus:
990 1988 1026 2048 ad
1041 1994 1056 2047 t

59 2091 111 2134 eas
126 2090 160 2132 se
171 2071 321 2151 adplicant
331 2079 420 2149 atque
431 2073 471 2131 ita
481 2071 603 2171 paulurn
618 2069 705 2132 modo
721 2072 880 2133 reclinatae
894 2075 1024 2150 quietem

59 2158 190 2235 capiunt.
218 2157 350 2228 Quarum
365 2175 402 2216 ex
416 2157 545 2254 vestigiis
558 2174 625 2216 cum
638 2164 682 2215 est
694 2157 929 2217 animadversum
944 2177 961 2217 a
975 2173 1025 2217 ve·
1040 2164 1058 2213 ι

58 2239 225 2308 natoribus,
242 2257 301 2317 quo
317 2258 350 2300 se
365 2238 501 2318 recipere
517 2242 704 2308 consuerint,
723 2258 825 2300 omnes
842 2259 876 2300 eo
892 2241 958 2301 loco
974 2245 1026 2300 aut

58 2324 96 2386 ab
118 2324 269 2386 radicibus
290 2324 439 2386 subruunt
465 2331 515 2384 aut
503 2324 672 2384 taccidunt
694 2324 816 2384 arbores
836 2332 966 2392 tantum,
993 2333 1026 2384 ιιι

58 2427 177 2470 summa
191 2411 307 2488 species
323 2427 424 2469 earum
441 2410 581 2468 stantium
596 2409 791 2485 relinquatur.
828 2408 893 2469 Huc
909 2428 976 2468 cum
992 2426 1025 2468 se
1040 2417 1056 2466 5

58 2485 275 2555 consuetudine
293 2493 525 2561 reclinaverunt,
541 2494 671 2553 infirmas
688 2492 811 2552 arbores
825 2486 958 2571 pondere
974 2492 1023 2553 ad·

57 2577 167 2656 ssigunt
180 2585 270 2654 atque
285 2596 345 2638 una
359 2577 441 2656 ipsae
456 2576 624 2638 concidunt.
855 2614 860 2637 .-

122 2660 252 2722 xxvttt.
283 2662 419 2722 Tertium
440 2671 486 2722 est
500 2678 593 2739 genus
617 2679 729 2731 eorum,
747 2664 798 2738 qui
814 2642 860 2722 uri
875 2660 1025 2758 appellan·
1043 2668 1056 2718 t

30 2810 35 2815 ,
58 2757 117 2807 tur.
142 2746 180 2806 Hi
193 2756 264 2806 sunt
275 2745 477 2824 magnitudine
488 2745 577 2824 paulo
591 2747 668 2806 inira
682 2745 864 2824 elephantos
881 2747 981 2823 specie
997 2754 1027 2803 et

57 2830 161 2892 colore
177 2838 208 2891 et
221 2831 316 2919 dgura
331 2832 417 2890 tauri
455 2830 557 2906 Magna
574 2831 616 2889 vis
632 2848 737 2908 eorum
753 2839 797 2889 est
813 2836 842 2888 et
857 2846 962 2904 magna
977 2846 1026 2886 ve·
1042 2837 1058 2884 2

58 2913 179 2982 locitas,
201 2917 299 2992 neque
320 2913 433 2974 homini
453 2931 551 2990 neque
571 2915 667 2981 ferae,
691 2931 779 2995 quaxn
795 2922 1024 2990 conspexerunt,
1112 2912 1120 2930 ⁹

59 3007 196 3076 parcunt
233 2999 294 3059 ilos
314 2998 446 3059 studiose
467 2999 559 3058 foveis
579 3007 681 3077 captos
696 2998 885 3058 interficiunt.
916 2996 979 3057 Hoc
995 3001 1058 3056 set

59 3084 161 3145 labore
182 3083 292 3143 durant
316 3082 521 3144 adulescentes
547 3090 634 3160 atque
658 3082 714 3142 hoc
738 3099 847 3160 genere
865 3083 1026 3142 venationis

58 3176 211 3236 exercent,
234 3170 333 3244 etqui
354 3166 500 3246 plurimos
521 3185 557 3227 ex
572 3166 618 3225 his
633 3168 856 3233 interfecerunt,
879 3167 1003 3226 relatis
995 3183 1027 3225 ιιι

59 3251 213 3330 publicum
229 3245 384 3318 cornilius
408 3268 484 3328 quae
499 3253 558 3311 sint
573 3252 758 3320 testimonio,
775 3268 911 3328 magnam
927 3251 1027 3309 lerunt

59 3337 188 3397 laudem.
227 3335 286 3396 Sed
307 3335 485 3397 adsuescere
505 3334 541 3395 ad
564 3334 698 3395 homiues
725 3344 754 3394 et
779 3334 968 3419 mansuefieri
987 3341 1058 3391 net

59 3420 174 3499 parvuli
201 3420 320 3497 quidem
343 3421 459 3499 excepti
477 3428 611 3498 possunt.
645 3419 817 3501 Amplitudo
838 3434 994 3480 cornuum
1006 3421 1071 3474 ιιι

57 3504 152 3575 toeura
170 3513 202 3564 et
213 3507 328 3579 speciae
338 3504 465 3564 maritum
479 3523 496 3564 a
510 3512 688 3571 nostrorum
709 3506 807 3594 houm
825 3505 979 3569 cornilius
992 3499 1055 3560 dii·
1068 3579 1079 3592 ⁹
