2356 3870
172 211 238 273 160.
493 208 532 264 llll
547 206 651 264 unito
668 207 806 263 cantico

139 383 155 432 2
170 374 269 445 Quare
280 373 317 434 ad
331 371 404 433 haec
415 390 521 432 rursus
533 390 625 451 opera
639 370 807 431 addendum
816 369 922 430 Caesar
932 374 1053 451 putavit,
1072 388 1131 449 quo

170 461 285 519 minore
299 474 425 517 numero
441 456 567 516 militum
582 457 762 516 munitiones
777 454 895 514 defendi
909 463 1041 533 possent.
1073 456 1131 518 Ita·

171 559 229 619 que
242 530 356 602 truncis
369 539 511 600 arborum
521 540 680 601 admodum
694 540 787 599 firmis
801 540 892 598 ramis
904 539 1026 605 abscisis
1042 550 1132 616 atque

171 625 277 686 horum
304 623 456 685 delibratis
485 643 519 684 ac
546 625 713 702 praeacutis
739 622 941 683 cacuminibus
967 632 1132 702 perpetuae
1163 625 1169 635 “

138 714 154 766 t
168 711 266 770 fossae
282 710 388 785 quino's
403 704 495 787 pedes
507 707 582 769 altae
597 706 791 768 ducebantur.
819 705 883 765 lluc
895 706 938 766 illi
948 708 1063 785 stipites
1079 708 1130 768 de·

165 795 252 854 'missi
273 801 303 854 et
317 791 354 852 ab
374 793 475 852 infimo
497 793 637 860 revincti,
660 809 698 851 ne
713 788 815 850 revelli
828 798 966 869 possent,
989 790 1026 851 ab
1041 795 1132 851 ramis

138 876 349 938 teminebant.
382 877 470 947 Quini
485 884 571 936 erant
590 875 710 935 ordines
725 875 875 934 coniuncti
895 876 973 934 inter
994 893 1027 935 se
1042 884 1132 951 atque

168 961 315 1040 inplicati;
332 977 391 1037 quo
407 961 458 1036 qui
472 962 666 1027 intraverant,
682 976 716 1018 se
729 960 787 1036 ipsi
801 960 978 1018 acutissimis
988 958 1071 1019 vallis
1086 962 1131 1019 in·

136 1051 153 1102 5
169 1044 308 1106 duchant.
339 1043 401 1104 Hos
416 1045 520 1122 cippos
534 1041 730 1122 appellabant.
760 1045 835 1102 Ante
849 1058 924 1117 quoe
939 1040 1067 1119 obliquis
1082 1063 1129 1102 or·

169 1127 287 1189 dinibus
301 1129 333 1188 in
348 1129 544 1204 quincuncem
559 1128 710 1205 dispositis
724 1125 845 1186 scrobes
867 1133 928 1186 tres
950 1128 981 1185 in
1001 1126 1131 1186 altitudi-

168 1230 238 1273 nem
257 1211 349 1290 pedes
370 1210 560 1271 fodiebantur
586 1209 728 1288 paulatim
749 1210 920 1286 angustiore
941 1209 978 1270 ad
998 1211 1130 1270 infimum

137 1297 294 1374 ofastigio
317 1294 382 1355 Huc
396 1296 627 1372 teretesstipites
638 1293 957 1354 feminiscrassitndine
963 1293 999 1354 ab
1015 1312 1131 1354 summo

168 1381 322 1459 praeacuti
343 1387 372 1439 et
391 1381 524 1457 praeusti
544 1377 775 1438 demittebantur
795 1379 849 1446 ita,
873 1385 905 1437 ut
925 1395 985 1438 nou
1006 1378 1132 1457 amplius

137 1471 153 1520 7
168 1464 267 1541 digitis
282 1469 422 1540 quattuor
438 1469 570 1523 exterra
585 1463 763 1528 eminerent
783 1460 870 1521 simul
886 1462 1079 1522 confirmandi
1102 1469 1132 1521 et

169 1546 337 1608 stabiliendi
351 1563 439 1606 causa
454 1546 562 1623 singuli
576 1545 613 1606 ab
627 1546 728 1605 infimo
744 1544 807 1605 solo
828 1545 919 1622 pedes
933 1552 1015 1605 terra
1030 1545 1130 1606 excul-

169 1631 328 1698 cabantur;
356 1629 471 1706 reliqua
486 1648 555 1708 pars
570 1629 684 1690 scrobis
699 1629 735 1689 ad
750 1629 939 1690 occultandas
952 1628 1074 1689 insidias
1089 1632 1130 1688 vi·

137 1715 299 1776 ominibus
319 1733 353 1775 ac
373 1713 510 1792 virgultis
529 1712 726 1791 integebatur.
769 1712 863 1773 Huius
887 1715 1006 1791 generis
1032 1720 1131 1772 octom

176 1801 296 1876 ordines
311 1801 391 1860 ducti
405 1808 507 1860 ternos
520 1802 599 1860 inter
614 1818 646 1860 se
660 1799 751 1878 pedes
766 1799 920 1861 distabant.
949 1801 982 1862 ld
998 1819 1034 1861 ax
1048 1803 1129 1862 slmi-

147 1883 300 1944 olitudine
315 1883 396 1944 floris
411 1882 505 1944 lilium
520 1881 716 1963 appellabant.
739 1885 814 1944 Ante
824 1883 899 1944 haec
913 1883 1007 1946 taleae
1021 1886 1128 1963 pedem

173 1966 279 2045 longae
294 1968 399 2028 ferreis
414 1968 509 2027 hamis
523 1968 619 2028 infixis
640 1974 717 2028 totae
737 1969 769 2026 in
783 1975 894 2028 terram
907 1968 1128 2030 infodiebantur

174 2050 431 2129 mediocribusque
451 2052 625 2111 intermissis
639 2053 740 2130 spatiis
755 2051 891 2113 omnibus
904 2051 977 2112 locis
999 2052 1126 2114 dissere·

175 2133 296 2202 bantur,
313 2152 386 2211 qnos
401 2135 534 2195 stimulos
548 2135 749 2196 nominabant.

26 2303 37 2311 .—
95 2304 98 2309 .
143 2235 157 2285 1
228 2222 369 2283 LXXllll.
400 2222 453 2283 His
467 2223 558 2284 rebus
572 2226 727 2304 perfectis,
750 2225 888 2300 regiones
903 2232 1023 2286 secutus
1039 2242 1126 2301 quam

165 2309 262 2386 potuit
268 2307 459 2383 aequissimas
470 2325 525 2387 pro
537 2308 595 2368 loci
606 2316 721 2378 natura,
734 2327 807 2368 11111
813 2307 892 2368 milia
904 2326 1047 2386 passuum
1056 2328 1126 2370 con·

165 2390 270 2470 plexus
285 2409 373 2470 pares
388 2390 521 2452 ciusdem
535 2395 654 2469 generis
668 2393 858 2461 munitiones,
874 2391 1006 2453 diversas
1018 2392 1055 2453 ah
1069 2393 1127 2472 his,

166 2482 268 2536 contra
284 2477 462 2538 exteriorem
481 2475 599 2536 hostem
613 2478 753 2556 perfecit,
775 2482 808 2537 nt
828 2494 866 2536 ne
886 2494 991 2554 magna
1007 2476 1123 2553 quidem

164 2558 367 2630 multitudine,
391 2562 417 2621 si
438 2562 478 2621 ita
500 2560 627 2630 accidat,
654 2559 732 2640 [eius
753 2557 900 2639 discessu]
929 2563 1124 2622 munitionum

135 2643 311 2722 epraesidia
326 2645 523 2707 circumfundi
535 2651 674 2723 possent;
690 2662 725 2705 ac
739 2662 778 2704 ne
793 2662 861 2705 cum
876 2643 1010 2722 periculo
1027 2663 1062 2704 ex
1078 2663 1124 2705 ca·

164 2728 234 2788 stris
250 2727 352 2805 egredi
366 2738 498 2807 cogatur,
514 2728 631 2789 dierum
645 2729 763 2806 triginta
774 2728 917 2808 pabulum
929 2729 1122 2789 frumentum·

104 2842 108 2849 ’
165 2830 222 2889 que
238 2811 349 2873 hahere
365 2831 469 2875 omnes
485 2820 659 2873 convectum
673 2811 765 2872 iubet.

131 2913 144 2966 1
227 2895 338 2957 Lxxv.
369 2900 446 2960 llum
461 2896 534 2958 haec
549 2896 628 2976 apud
642 2895 769 2957 Alesiam
784 2907 945 2974 geruntur,
962 2897 1039 2959 Galli
1054 2917 1119 2959 con·

164 2979 230 3039 cilio
244 2982 412 3062 principum
423 2982 534 3042 indicto
546 2999 606 3041 non
617 2998 720 3040 omnes
734 2998 793 3051 eos,
810 2983 863 3058 qui
873 2999 954 3043 arma
965 2984 1045 3043 ferre
1056 3001 1124 3061 pos·

164 3074 239 3132 sent,
256 3073 289 3124 ut
303 3068 420 3127 censuit
434 3066 668 3143 Vercingetorix,
693 3066 898 3127 convocandos
913 3073 1056 3135 statuunt,
1073 3067 1125 3127 sed

164 3154 280 3207 certum
295 3166 455 3211 numerum
467 3152 575 3226 cuique
581 3167 617 3209 ex
630 3149 745 3209 civitate
758 3150 975 3228 imperandum,
992 3168 1030 3211 ne
1045 3157 1124 3211 tanta

163 3231 351 3314 multitudiue
367 3234 489 3294 confusa
504 3252 559 3294 nec
573 3233 722 3293 moderari
737 3234 970 3295 necdiscernere
985 3253 1055 3295 suos
1070 3253 1126 3294 nec

131 3315 364 3382 afrumentandi
383 3319 530 3379 rationem
550 3316 662 3378 habere
682 3326 813 3396 possent.
850 3318 1001 3397 Imperant
1015 3318 1126 3379 Aeduis

163 3405 252 3476 atque
268 3418 371 3463 eorum
387 3402 553 3473 clientibus,
570 3403 746 3480 Segusiavis,
762 3401 969 3474 Ambluaretis,
990 3403 1124 3464 Aulercis

158 3482 409 3556 Brennovicibns,
426 3488 616 3558 Brannoviis,
633 3485 712 3546 milia
726 3505 825 3556 xxxv:
846 3505 949 3567 parem
966 3505 1124 3549 numerum
