2356 3870
147 226 207 293 102
479 232 527 288 nn
548 234 662 289 nunno
685 233 795 325 civim

145 400 330 480 petravisset,
351 405 384 458 nt
405 397 464 458 sibi
484 402 615 478 captivos
629 399 708 460 tradi
723 399 851 468 iuberet,
874 417 977 460 omnes
992 400 1106 479 produ·

146 491 209 544 ctos
224 484 440 551 ostentationis,
454 489 487 542 ut
497 482 661 552 videbatur,
673 501 769 552 causa,
780 502 840 563 quo
850 486 946 544 maior
960 485 1106 563 perfugae

146 567 218 628 tides
232 566 403 636 haberetur,
425 567 642 628 commilitones
662 566 814 647 appellans
829 574 859 628 et
878 585 984 644 magna
999 568 1105 629 verbo-

146 668 212 711 rum
228 650 405 712 contumelia
424 652 626 728 interrogans,
648 652 818 713 solerentne
838 653 972 712 veterani
992 652 1106 714 mllites

146 736 259 813 lugere,
276 737 307 795 in
322 737 454 795 omnium
469 742 630 815 conspectu
650 736 811 796 interiecit.

120 828 135 877 t
210 817 328 884 LXXII.
357 818 411 879 His
430 818 522 879 rebus
542 826 655 880 tantum
676 819 802 880 fiduciae
824 837 858 881 ac
877 821 1001 900 spirltus
1016 819 1105 881 Pom·

145 905 261 985 peianis
276 905 414 973 accessit,
436 910 470 962 ul
490 921 550 963 non
566 904 603 965 dc
617 905 733 964 ratione
756 902 826 964 belli
846 906 1027 982 cogitarent,
1051 905 1106 966 sed

119 991 253 1050 anteisse
273 990 332 1048 iam
356 987 538 1047 viderentur.
576 986 641 1048 Non
662 988 709 1048 illi
734 990 914 1066 paucitatem
933 994 1106 1050 nostrornm

146 1073 288 1141 militum,
311 1089 371 1131 non
391 1073 580 1150 imquitatem
599 1071 658 1132 loci
673 1079 762 1151 atque
775 1074 928 1149 angustias
941 1088 1105 1151 praeoccu-

145 1159 226 1236 patis
240 1157 346 1215 castus
362 1157 733 1299 eQQQ
754 1158 832 1216 intra
848 1164 991 1235 extraque
1005 1158 1105 1218 muni·

146 1243 252 1309 tlones‚
265 1257 324 1300 non
336 1237 484 1299 abscisum
502 1240 534 1298 in
564 1257 616 1300 uas
626 1238 730 1320 pa‘rtes
741 1241 914 1310 exercitum,
927 1258 995 1301 cum
1010 1241 1106 1302 altera

146 1324 232 1385 alteri
248 1323 391 1383 auxilium
405 1323 486 1383 terre
501 1341 560 1383 non
575 1331 685 1402 posset,
697 1342 803 1385 causae
819 1325 911 1385 luisse
921 1324 1102 1401 cogitabant.

118 1407 210 1468 tNon
227 1407 262 1467 ad
278 1407 352 1467 haec
367 1406 523 1476 addebant,
540 1426 599 1468 non
617 1405 684 1488 [ex]
699 1426 845 1469 concursu
861 1410 924 1468 acri
937 1408 1026 1477 lacto,
1042 1427 1104 1470 non

145 1491 258 1571 proelio
280 1491 468 1560 dimicatum,
491 1490 607 1570 sibique
627 1495 708 1571 ipsos
728 1492 919 1553 multitudine
939 1498 1029 1571 atque
1052 1511 1104 1554 an·

145 1577 252 1654 gustiis
266 1577 363 1636 maius
378 1574 512 1636 attuIIsse
527 1576 749 1646 detrimentum,
762 1594 849 1655 quam
865 1575 901 1637 ab
916 1575 1001 1636 hoste
1017 1594 1103 1637 acce·

120 1662 272 1740 epissent.
302 1659 368 1722 Non
383 1660 511 1739 denique
527 1662 694 1722 communis
714 1660 784 1720 belli
802 1678 888 1721 casus
901 1659 1103 1721 recordaban-

144 1753 209 1814 tur,
238 1762 325 1824 quam
346 1743 486 1822 parvulae
505 1763 595 1825 saepe
617 1762 723 1806 causae
744 1743 789 1804 vel
809 1745 900 1805 falsae
921 1746 1104 1823 suspicionis

144 1829 190 1889 vel
205 1831 331 1890 terroris
342 1830 494 1907 repentini
510 1829 556 1889 rel
571 1828 712 1889 obiectae
721 1829 875 1906 religionis
889 1847 994 1907 magna
1007 1829 1103 1889 detri-

144 1922 243 1974 menta
264 1912 448 1981 intulissent,
471 1914 610 1990 quotiens
625 1913 669 1973 vel
686 1914 770 1973 ducis
790 1915 862 1973 vitio
882 1913 927 1973 rel
943 1912 1030 1992 culpa
1048 1915 1101 1973 tri·

145 1996 218 2057 buni
232 1999 264 2058 ln
281 1998 415 2056 exercItu
430 2001 509 2056 esset
524 1996 683 2068 offensum
706 1997 773 2066 sed,
793 1996 919 2076 proinde
940 2015 974 2057 ac
992 1999 1019 2057 si
1041 1999 1102 2057 rir-

143 2087 206 2142 tute
222 2082 365 2151 vicIssent
386 2097 483 2158 neque
498 2079 556 2140 ulla
579 2083 771 2142 commutatio
790 2098 892 2140 rerum
908 2088 1009 2159 posset
1022 2083 1101 2141 acci·

144 2164 224 2233 dere,
240 2181 296 2242 per
310 2162 415 2223 orbem
428 2171 577 2242 terrarum
590 2165 668 2226 lama
685 2183 719 2226 ac
741 2165 850 2226 litteris
864 2166 1019 2227 victoriam
1036 2166 1103 2226 eius

144 2248 206 2309 diei
221 2246 481 2308 concelebrabunt.

118 2340 133 2390 l
162 2391 164 2397 ,
205 2331 336 2392 LXXIII.
381 2331 489 2392 Caesar
515 2351 531 2393 a
561 2333 768 2412 superioribus
796 2332 931 2394 consiliis
960 2332 1102 2411 depulsus

143 2435 261 2477 omnem
286 2414 344 2476 sibi
371 2417 608 2477 commutandam
638 2416 709 2478 belli
735 2418 882 2478 rationem
908 2417 1099 2478 existimarit.

115 2501 243 2581 altaque
259 2519 319 2561 uno
333 2507 466 2578 tempore
481 2501 641 2579 praesidiis
655 2501 795 2562 omnibns
810 2501 946 2562 deductis
960 2508 991 2560 et
1005 2518 1100 2580 oppu-

142 2587 282 2662 gnatIone
298 2584 420 2644 dimissa
435 2593 596 2662 coactoque
611 2587 643 2645 in
658 2603 750 2646 unum
766 2584 865 2646 locum
880 2585 1014 2645 exercitu
1029 2602 1100 2645 con·

141 2670 253 2729 tionem
274 2667 352 2747 apud
372 2667 484 2729 milltes
504 2667 611 2729 habult
629 2669 823 2749 hortatusque
839 2676 894 2738 est,
910 2686 948 2728 ne
963 2687 1007 2738 ea,
1023 2686 1101 2746 quae

141 2753 333 2821 accidissent,
355 2755 487 2829 graviter
500 2752 629 2822 ferrent,
651 2771 725 2815 neve
745 2753 792 2814 his
807 2752 899 2813 rebus
914 2759 1101 2813 terrerentur

140 2838 299 2916 multisque
315 2837 454 2897 secundis
468 2837 592 2914 proelib
609 2855 702 2898 unum
719 2837 875 2898 adversum
896 2843 926 2896 ct
939 2836 971 2896 id
986 2837 1100 2899 medio·

112 2929 190 2994 acre
205 2929 400 3001 opponerent.
436 2919 609 2981 Habendam
630 2922 766 2982 fortunae
780 2923 923 2998 gratiam,
946 2921 1025 3000 quod
1040 2919 1099 2982 Ita·

138 3005 209 3066 liam
224 3008 288 3065 sine
310 3005 410 3085 aliquo
424 3005 546 3065 vulnere
566 3007 731 3084 cepissent,
754 3005 832 3084 quod
853 3005 926 3066 duas
940 3005 1101 3084 Hispanias

139 3088 432 3148 bellicosissimorum
452 3089 607 3150 hominurn
627 3090 818 3168 peritissimis
843 3096 931 3168 atquc
952 3091 1100 3150 exercita·

139 3174 263 3232 tissImis
275 3171 401 3233 ducibus
412 3175 605 3251 paravissent,
622 3173 701 3253 qnod
715 3174 856 3234 finitimas
871 3174 1098 3233 frumentarias·

139 3274 196 3335 que
216 3257 385 3334 provincias
409 3258 441 3316 in
469 3263 646 3335 potestatem
666 3258 871 3335 redegissent;
899 3257 1029 3336 denique
1050 3273 1100 3317 re·

139 3339 257 3399 cordari
273 3338 394 3408 debere,
416 3358 474 3420 qua
488 3341 631 3402 lelicItate
647 3343 727 3403 inter
743 3342 856 3403 medias
875 3341 1007 3401 hostiurn
1022 3339 1099 3401 clas-

138 3440 186 3484 ses
201 3422 328 3501 oppletIs
338 3442 398 3484 non
409 3425 503 3485 solum
519 3425 664 3504 porthus,
678 3426 832 3487 sedetiam
846 3424 985 3485 litoribus
994 3442 1101 3487 omncs

100 3507 298 3570 trbcolumes
323 3517 427 3573 essent
452 3512 660 3595 transportati.
698 3509 814 3573 Sinon
832 3511 933 3570 omnia
956 3508 1102 3572 caderent
