2356 3870
153 177 174 239 6
393 179 540 235 BELLUM
562 176 865 236 ALEXANDRINUM.

154 337 260 391 contra
282 330 314 391 in
336 320 545 390 Alexandrinis
565 327 755 390 velocitatem
775 328 971 408 locorumque
987 335 1017 389 et
1032 327 1118 390 aedi·

117 422 135 472 o
155 415 292 476 liciorum
314 415 462 475 notitiam.
505 413 567 474 llos
588 415 751 492 praecipue
774 415 806 473 in
828 414 954 473 victoria
981 413 1117 473 insolen-

153 508 200 558 tes
222 514 439 576 praecursuros
461 505 492 557 et
514 496 580 557 loca
603 496 769 558 excelsiora
791 503 881 574 atque
904 495 1041 556 aedilicia
1065 515 1117 557 oc·

154 589 326 659 cupaturos:
346 584 387 641 ita
404 576 533 661 [tamen]
551 582 620 658 luga
638 579 823 658 navibusque
838 587 958 640 nostros
976 577 1118 658 probibi-

154 673 248 725 turos.
282 664 411 726 Proinde
434 666 501 726 eius
523 665 642 725 consilii
665 662 917 725 obliviscerentur
932 665 1118 744 atqueomni

153 751 271 809 ratione
295 767 359 809 esse
384 748 563 810 vincendum
585 750 766 827 cogitarent.

119 839 133 890 1
217 832 305 893 Vllll.
351 832 413 893 Hac
436 835 572 893 oratione
596 832 674 911 apud
697 851 767 892 suos
790 831 891 893 habita
914 839 1002 911 atque
1019 833 1118 892 omni·
1164 846 1167 853 ·

153 934 204 978 um
225 915 379 977 mentibus
402 919 542 977 excitatis
563 915 614 976 dat
635 915 865 976 centurionibus
887 917 1059 992 negotium,
1083 924 1118 975 ut

153 1000 280 1080 reliquis
314 1000 457 1078 operibus
479 1002 660 1061 intermissis
683 1000 718 1060 ad
741 999 899 1060 fodiendus
921 1009 1028 1077 puteos
1050 1001 1117 1059 ani-

152 1103 235 1144 mum
257 1085 416 1144 conferant
437 1102 512 1144 neve
540 1102 629 1162 quarn
657 1091 773 1162 partem
800 1087 942 1144 nocturni
970 1085 1119 1160 temporis

113 1169 363 1227 aiutermittant.
419 1166 484 1239 Quo
517 1175 658 1246 suscepto
694 1170 817 1244 negotio
855 1175 943 1245 atque
980 1162 1118 1228 om'uiurn

153 1253 262 1312 animis
284 1250 319 1311 ad
343 1249 476 1312 laborem
499 1254 632 1313 incitatis
652 1268 759 1328 magna
781 1269 841 1311 una
863 1253 1008 1312 noctevis
1021 1268 1117 1330 aquae

153 1335 251 1395 dulcis
272 1337 393 1395 inventa
416 1344 469 1394 est.
520 1335 565 1392 lta
587 1339 724 1410 operosis
752 1334 1025 1392 Alexandrinorum
1052 1348 1117 1391 ma·

153 1415 378 1479 chinationibus
400 1417 597 1494 maximisque
620 1413 780 1475 conatibus
796 1433 856 1474 non
873 1414 1119 1493 longi-temporis

116 1501 255 1562 elabere
277 1517 436 1561 occursum
458 1508 513 1560 est.
556 1499 599 1559 Eo
622 1497 713 1559 biduo
735 1498 814 1576 legio
836 1511 971 1557 xxxvn.
1000 1515 1037 1558 ex
1063 1496 1118 1557 de·

153 1586 267 1645 diliciis
299 1584 489 1662 Pompeianis
521 1583 670 1643 militibus
702 1600 771 1642 cum
802 1585 970 1650 frumento,
1009 1584 1118 1653 armIs,

152 1669 237 1737 telis,
265 1670 425 1729 tormentis
453 1670 582 1746 inposita
610 1670 643 1727 in
670 1684 759 1727 naves
790 1685 806 1726 a
835 1666 966 1726 Domitio
995 1664 1118 1726 Calvino

154 1753 190 1812 ad
213 1753 302 1812 litora
325 1753 444 1813 Africae
466 1751 555 1829 paulo
582 1754 664 1810 ultra
691 1750 903 1811 Alexandriam
939 1748 1036 1810 delata
1059 1759 1117 1810 est.

116 1837 214 1898 4Hae
236 1854 326 1896 naves
348 1835 445 1903 Euro,
475 1837 526 1912 qui
561 1835 672 1894 multos
705 1834 769 1894 dies
796 1836 986 1894 continenter
1014 1832 1116 1905 llabat,

153 1927 274 1998 portum
304 1937 411 1997 capere
440 1917 693 1996 prohibebantur;
722 1917 774 1977 sed
802 1916 869 1977 loca
898 1926 966 1977 suut
995 1921 1118 1995 egregia

153 2005 235 2064 omni
258 2002 309 2063 illa
331 2005 455 2079 regione
478 2001 514 2061 ad
543 2001 687 2062 tenendas
717 2018 852 2063 ancoras.
902 2000 941 2061 lli
967 2019 1036 2061 curn
1064 2001 1117 2062 diu

152 2089 357 2147 retinerentur
393 2094 481 2164 atque
517 2103 610 2163 aquae
632 2087 733 2162 inopia
754 2094 974 2163 premerentur,
996 2087 1118 2162 navigio

153 2173 288 2232 actuario
311 2169 467 2231 Caesarem
488 2169 606 2230 iaciunt
627 2172 803 2230 certiorem.

118 2267 131 2314 1
212 2253 253 2314 X.
298 2254 420 2320 Caesar,
444 2261 477 2314 ut
500 2271 554 2331 per
576 2271 608 2313 se
631 2253 792 2319 consitium
814 2262 950 2332 caperet,
979 2254 1050 2332 quid
1072 2255 1118 2315 la·

153 2336 295 2400 ciendum
329 2337 496 2404 videretur,
532 2355 644 2401 navem,
670 2339 844 2398 conscendit
878 2345 966 2417 atque
996 2357 1117 2398 omnem

153 2424 278 2484 classem
301 2440 333 2483 se
357 2425 440 2501 sequi
463 2425 553 2483 iussit
574 2423 666 2482 nullis
688 2425 799 2482 nostris
821 2420 970 2482 militibus
991 2423 1117 2499 imposi-

154 2509 208 2575 tis,
238 2505 331 2585 quod,
365 2524 434 2566 cum
463 2505 581 2583 longius
603 2504 691 2583 paulo
720 2506 905 2576 discederet,
932 2508 1119 2568 munitiones

116 2590 262 2651 enrrdari
295 2588 428 2649 nolebat.
484 2590 616 2667 Cumque
645 2589 681 2649 ad
711 2608 778 2650 eum
807 2589 908 2650 locum
930 2592 1118 2658 accessisset,

153 2676 205 2751 qui
227 2673 395 2752 appellatur
407 2673 619 2740 Chersonesus,
644 2673 930 2753 aquandiquecausa
944 2675 1118 2751 remigesin
1137 2670 1140 2675 ’

152 2767 266 2818 terram
289 2759 491 2835 exposuisset,
515 2756 653 2817 nonnulli
677 2776 712 2816 ex
735 2776 771 2817 eo
793 2775 934 2827 numero,
958 2776 1026 2817 curn
1049 2757 1117 2818 lon·

153 2845 222 2919 gius
246 2861 262 2902 a
286 2840 412 2903 navibus
433 2841 609 2920 praedatum
630 2844 865 2919 processissent,
895 2841 932 2901 ab
962 2840 1118 2921 equitibus

116 2925 285 2988 ahostium
309 2933 378 2985 sunt
401 2926 527 3005 excepti.
571 2924 615 2985 Ex
638 2925 685 2985 lris
707 2933 930 3004 cognoverunt,
959 2926 1118 2986 Caesarem

152 3012 252 3087 ipsum
276 3014 308 3069 in
331 3010 424 3071 classe
448 3012 564 3071 venisse
587 3028 684 3088 neque
707 3011 784 3070 ullos
807 3009 919 3070 milites
942 3011 973 3069 in
988 3009 1117 3070 navibus

152 3093 274 3154 habere.
330 3094 393 3164 Qua
427 3112 459 3153 re
503 3102 655 3171 comperta
683 3112 821 3172 magnam
853 3093 913 3155 sibi
941 3092 1117 3155 facultatem

152 3179 303 3237 fortunam
341 3177 486 3238 obtulisse
522 3177 599 3239 bene
636 3178 784 3256 gerendae
821 3182 866 3239 rei
909 3177 1116 3238 crediderunt.

115 3271 132 3320 4
152 3261 254 3340 ltaque
277 3279 366 3322 naves
389 3281 507 3330 omnes,
537 3280 610 3339 quas
632 3269 750 3340 para-tas
773 3261 939 3323 habuerant
968 3262 1002 3322 ad
1030 3264 1116 3322 navi·

152 3345 295 3420 gaudum,
324 3345 598 3424 propugnatoribus
621 3348 829 3408 instruxerunt
858 3347 1037 3425 Caesarique
1065 3364 1115 3407 re·

113 3428 257 3489 adeunti
280 3448 347 3490 cum
371 3430 465 3491 classe
488 3437 697 3491 occurrerunt.
742 3429 801 3498 Qui
823 3430 938 3491 duabus
960 3430 1117 3492 decausis
