2356 3870
151 233 192 296 68
281 319 283 324 Ι
437 235 583 290 semum
597 234 821 294 arcicanum

150 387 365 468 peditibusque
388 386 461 446 levis
491 393 658 447 armaturae
685 384 795 462 grandi
822 402 947 446 numero
972 385 1117 464 elephan-

150 475 249 551 tisque
264 483 339 530 xxx
351 487 517 546 egressuse
532 487 626 547 regno
640 468 678 528 ad
689 468 862 546 Scipionem
879 476 925 529 est
948 471 1115 547 proiectus.

116 569 131 616 2
151 556 312 635 Postquam
327 553 447 615 adeum
468 557 614 632 pervenit,
639 556 746 613 castris
767 554 861 629 regiis
881 571 1017 614 seorsum
1032 556 1115 634 posi·

151 642 193 700 tis
215 658 284 700 cum
306 641 350 699 cis
373 640 478 716 copiis,
501 657 574 716 quas
596 639 836 705 commemoravi,
859 637 938 697 haud
961 640 1004 697 ita
1025 638 1116 714 longe

116 736 132 784 3
152 723 191 784 ab
207 723 347 804 Scipione
371 722 517 784 consedit.
539 755 582 764 -
602 721 675 781 Erat
698 724 730 781 in
752 724 858 781 castris
873 721 1010 782 Caesaris
1024 739 1115 800 supe·

152 811 234 868 riore
249 817 385 885 tempore
408 824 534 883 magnus
556 814 665 875 terror,
689 813 718 866 et
733 807 942 883 expectatione
958 809 1115 884 copiarum

151 895 305 968 regiarum
327 894 480 952 exercitus
502 892 568 950 eius
590 891 685 966 magis
707 892 899 967 suspensione
922 892 1022 949 animo
1045 899 1115 950 ante

152 976 311 1036 adventum
332 975 424 1035 lubae
448 973 703 1042 commovebatur;
731 983 888 1052 postquam
916 991 987 1033 vero
1016 983 1114 1034 castra

153 1062 261 1121 castris
284 1061 425 1129 contulit,
455 1058 604 1136 despectis
626 1060 691 1118 eius
714 1059 810 1135 copiis
833 1075 951 1119 omnem
973 1060 1115 1118 timorem

151 1144 284 1222 deponit.
326 1144 381 1212 lta,
404 1162 493 1221 quarn
507 1151 594 1202 antea
609 1141 718 1203 absens
732 1141 879 1202 babuerat
893 1145 1114 1211 auctoritatem,

115 1247 133 1294 4
152 1247 217 1288 eam
232 1245 352 1288 omnem
367 1244 511 1305 praesens
527 1225 802 1296 dimiserat-Quo
818 1227 896 1286 lacto
912 1228 1008 1287 cuivis
1023 1227 1113 1287 facile

151 1313 209 1373 luit
232 1312 403 1379 intellectu,
432 1310 567 1388 Scipioni
589 1309 723 1370 additum
751 1312 885 1370 animum
914 1311 1114 1389 fiduciamque

115 1415 130 1462 5
152 1399 232 1473 regis
254 1395 392 1455 adventu.
437 1394 510 1454 Nam
522 1403 642 1472 postero
655 1393 703 1453 die
718 1397 874 1454 universas
889 1412 958 1454 suas
972 1397 1114 1474 regisque

152 1482 254 1558 copias
277 1498 345 1540 cum
368 1479 534 1557 elephantis
556 1491 603 1536 Lx
630 1478 791 1556 productas
821 1480 853 1538 in
883 1482 994 1548 aciem,
1023 1497 1115 1557 quarn

151 1566 373 1642 speciosissime
401 1565 512 1641 potuit,
547 1565 689 1622 instruxit
715 1580 749 1621 ac
777 1562 866 1640 paulo
895 1562 1015 1640 longius
1042 1580 1114 1641 pro·

151 1667 273 1726 gressus
295 1647 333 1708 ab
354 1650 418 1708 suis
440 1646 658 1707 munitionibus
681 1646 760 1705 haud
780 1647 821 1705 ita
844 1645 896 1705 diu
912 1656 1115 1708 commoratus

151 1734 504 1810 mmmmmm

116 1833 130 1881 1
214 1816 408 1876 XXXXVllll.
454 1815 562 1876 Caesar
588 1823 744 1894 postquam
765 1815 991 1885 animadvertit,
1014 1815 1113 1893 Scipi-

152 1904 203 1960 oni
226 1901 335 1962 auxilia
364 1902 444 1968 lere,
473 1918 548 1978 quae
576 1906 776 1976 expectasset,
810 1903 910 1959 omnia
937 1903 1113 1960 convenisse

151 2003 249 2063 neque
271 2002 384 2044 moram
401 1983 552 2061 pugnandi
566 1983 658 2043 ullam
673 1985 747 2053 lore,
771 1999 826 2059 per
843 1984 945 2060 iugum
961 2001 1113 2044 summum

64 2080 76 2119 f
152 2087 221 2128 cum
244 2068 337 2145 copiis
358 2067 500 2145 progredi
523 2070 622 2144 coepit
643 2076 672 2127 et
695 2066 817 2127 brachia
839 2070 979 2146 protinus
1001 2068 1113 2129 ducere

152 2162 183 2211 et
206 2151 327 2212 castella
350 2153 468 2211 munire
490 2154 674 2229 propiusque
696 2150 868 2228 Scipionem
884 2152 1029 2230 capiendo
1045 2153 1112 2214 loca

152 2236 269 2296 excelsa
291 2252 439 2313 occupare
462 2235 629 2303 contendit,
658 2252 696 2294 ne
718 2234 883 2296 adversarii
904 2237 1113 2314 magnitudine

152 2322 307 2398 copiarum
329 2320 435 2380 contisi
463 2322 632 2396 proximum
667 2318 773 2379 collem
806 2329 989 2398 occuparent
1023 2328 1113 2401 atque

116 2425 132 2474 2
151 2405 192 2464 ita
203 2405 323 2482 longius
335 2404 394 2464 sibi
405 2403 620 2482 progrediendi
639 2406 792 2481 eriperent
807 2405 989 2465 facultatem.
1022 2404 1113 2466 Eius·

152 2489 219 2548 dem
243 2489 329 2548 collis
351 2487 517 2565 occupandi
534 2484 659 2568 [gratia]
677 2487 827 2548 Labienus
842 2490 1001 2549 consilium
1023 2507 1113 2568 cepe·

152 2581 199 2632 rat
220 2580 259 2642 et,
283 2590 343 2650 quo
357 2574 499 2650 propiore
516 2571 580 2632 loeo
595 2572 703 2640 luerat,
726 2590 762 2631 eo
784 2573 913 2632 celerius
927 2583 1112 2635 occurrerat.

117 2678 131 2724 1
215 2656 248 2715 L.
292 2655 365 2715 Erat
387 2655 528 2716 convallis
549 2657 621 2714 satis
636 2672 743 2733 magna
759 2655 927 2726 latitudine,
952 2657 1113 2719 altitudine

151 2747 329 2819 praerupta,
354 2739 472 2801 crebris
493 2741 568 2799 locis
590 2739 749 2817 speluncae
772 2742 805 2799 in
826 2741 949 2801 modurn
964 2741 1111 2810 subrutis,

152 2844 227 2904 quae
255 2833 320 2885 erat
346 2823 594 2901 transgredienda
624 2824 757 2891 Caesari,
788 2833 948 2903 antequam
976 2825 1015 2885 ad
1042 2846 1112 2887 eum

153 2909 274 2978 collem,
303 2927 394 2986 quem
422 2926 528 2986 capere
556 2907 690 2977 volebat,
718 2911 944 2986 perveniretur;
973 2909 1113 2990 ultraque

117 3005 218 3054 acam
241 2992 405 3053 convallem
428 2992 571 3052 olivetum
592 3000 677 3052 vetus
705 2991 822 3052 crebris
851 2993 1012 3054 arboribus
1040 3013 1112 3055 con-

152 3077 287 3138 densum.
331 3076 388 3137 llic
403 3095 471 3137 cum
485 3075 637 3137 Labienus
651 3075 922 3146 animadvertisset,
944 3078 1112 3150 Caesarem,

151 3163 179 3221 si
200 3160 290 3220 vellet
311 3178 379 3220 eum
401 3160 501 3221 locum
523 3178 681 3237 occupare,
704 3162 790 3238 prius
812 3178 936 3222 neccsse
959 3179 1025 3223 esse
1040 3181 1112 3224 con·

151 3244 258 3304 vallem
280 3243 480 3323 olivetumque
501 3245 686 3322 transgredi,
711 3262 815 3305 eorum
837 3245 972 3306 locorum
994 3249 1114 3325 peritus

152 3329 185 3388 in
207 3328 327 3388 insidiis
349 3346 418 3389 cum
439 3336 525 3407 parte
548 3331 697 3407 equitatus
720 3330 836 3407 levique
859 3339 1010 3391 armatura
1039 3350 1112 3393 con·

151 3411 246 3482 sedit,
280 3421 310 3472 ot
341 3420 497 3490 praeterea
528 3419 597 3490 post
627 3421 759 3472 montem
793 3410 959 3492 [collesque
991 3415 1114 3478 Caesari

138 3495 249 3560 cubito
271 3516 306 3561 se
335 3493 526 3579 ostenderet]
553 3499 672 3577 equites
696 3498 733 3558 in
757 3497 875 3558 occuito
901 3498 1113 3570 collocaverat,
