2356 3870
128 221 167 280 ll
448 217 486 274 llll
502 218 606 275 tutuo
622 218 760 275 bisulco

126 388 186 441 tem
202 398 267 442 sese
282 390 473 460 receperant,
496 400 600 442 rursus
620 383 730 442 instare
747 390 776 442 et
789 383 935 462 proelium
952 382 1081 445 redinte-

94 471 211 542 rgrare
232 471 404 544 coeperunt.
442 464 567 526 Romani
589 483 731 533 conversa
751 467 835 545 signa
849 466 989 546 bipertito
1003 469 1082 528 intu-

124 547 237 609 lerunt:
262 549 356 626 prima
372 554 401 609 et
415 548 544 609 secunda
560 550 652 618 acies,
668 556 702 609 ut
715 550 800 610 victis
815 569 849 611 ao
864 552 1019 612 summotis
1034 569 1082 612 re·

125 633 259 701 sisteret,
276 633 376 701 tertia,
394 640 426 692 ut
440 633 592 693 venientes
607 634 776 694 sustineret.

95 721 107 771 l
187 714 287 775 XXVI.
308 715 350 776 lta
365 716 484 795 ancipiti
498 715 612 795 proelio
627 715 677 776 diu
693 725 781 794 atque
797 719 905 778 acriter
919 726 1083 796 pugnatum

125 804 178 859 est.
217 798 332 859 Diutius
352 816 419 860 cum
441 801 590 860 sustinere
605 807 777 861 nostrorum
796 801 924 880 impetus
938 819 998 862 non
1013 820 1081 880 pos·

125 889 200 950 sent,
217 881 302 942 alteri
316 899 358 952 se,
375 889 409 942 ut
424 890 592 961 coeperant,
608 884 639 943 in
650 889 782 944 montem
793 893 980 963 receperunt,
997 885 1082 945 alteri

93 973 109 1020 2
125 964 160 1024 ad
175 965 374 1044 inpedimenta
396 974 424 1026 et
445 984 546 1026 carros
567 984 637 1027 suos
652 985 684 1026 se
700 966 898 1028 contulerunt.
936 968 1010 1029 Nam
1025 967 1094 1029 hoc

125 1054 187 1108 toto
201 1048 326 1127 proelio,
343 1067 410 1109 cum
422 1048 459 1109 ab
473 1049 547 1110 hora
562 1050 685 1128 septima
701 1050 737 1110 ad
747 1067 905 1129 vesperum
919 1059 1082 1129 pugnatum

93 1137 109 1188 3
124 1133 170 1201 sit,
187 1150 323 1192 aversum
337 1131 456 1194 hostem
471 1132 571 1193 ridere
585 1151 673 1193 nemo
687 1135 793 1212 potuit.
831 1133 874 1195 ld
889 1134 1012 1194 multam
1028 1152 1083 1194 no·

125 1222 201 1276 ctem
218 1217 305 1276 etiam
321 1214 356 1275 ad
371 1215 570 1294 inpedimenta
584 1223 747 1295 pugnatum
759 1222 812 1284 est,
829 1224 987 1295 propterea
1004 1216 1082 1292 quod

124 1316 179 1378 pro
194 1298 270 1358 vallo
286 1316 387 1359 carros
403 1297 580 1371 obiecerant
590 1306 620 1358 et
635 1316 651 1358 e
666 1297 732 1358 loco
748 1300 949 1377 superiorein
964 1308 1082 1361 nostros

124 1383 276 1442 venientes
290 1381 349 1441 tela
364 1380 561 1449 coniciebant,
586 1390 616 1441 et
629 1381 764 1442 nonnulli
777 1383 857 1442 inter
871 1401 973 1444 carros
987 1392 1080 1444 rotas·

119 1479 184 1541 ‘que
204 1473 331 1525 mataras
352 1483 385 1525 ac
405 1463 534 1542 tragulas
549 1463 734 1525 subiciebant
751 1474 931 1543 nostrosque
947 1467 1080 1527 vulnera-

94 1552 110 1605 t
125 1548 204 1610 bant.
242 1548 298 1610 Diu
313 1565 381 1609 oum
397 1553 476 1609 esset
488 1550 666 1628 pugnatum,
686 1548 904 1627 inpedimentis
919 1552 1082 1626 castrisque

125 1634 222 1695 nostri
235 1633 321 1712 potiti
336 1638 414 1693 sunt.
453 1631 497 1692 lbi
512 1632 695 1709 Orgetorigis
710 1632 767 1692 fllia
783 1640 871 1708 atque
892 1651 969 1693 unus
985 1651 1001 1692 e
1015 1633 1083 1693 filiis

95 1721 229 1795 beaptus
250 1723 303 1776 est.
342 1715 386 1776 Ex
407 1732 442 1775 eo
462 1714 577 1793 proelio
598 1717 717 1775 circiter
737 1714 890 1775 bominum
905 1715 982 1774 milia
1000 1733 1083 1775 cxxx

126 1799 339 1878 superfuerunt
353 1815 447 1876 eaque
462 1805 524 1859 tota
538 1805 626 1858 nocte
642 1799 828 1858 continenter
843 1799 942 1857 ierunt
958 1796 1083 1877 [nullam

126 1889 241 1961 partem
255 1884 351 1942 noctis
365 1883 473 1942 itinere
491 1878 692 1960 intermisso];
715 1881 747 1941 in
759 1881 841 1940 ..lines
855 1880 1020 1958 Lingonum
1036 1881 1083 1941 die

127 1973 233 2043 quarto
258 1974 474 2044 pervenerunt,
503 1982 571 2024 cum
597 1973 626 2023 et
653 1971 777 2043 propter
806 1962 928 2024 vulnera
957 1964 1081 2024 militurn

127 2057 157 2110 et
184 2056 309 2127 propter
329 2048 512 2127 sepulturam
538 2048 706 2108 occisorum
734 2048 830 2107 nostri
859 2046 989 2107 triduum
1018 2065 1081 2107 mo·

94 2137 112 2188 a
125 2133 183 2193 rati
203 2149 253 2192 eos
269 2133 353 2207 sequi
374 2149 433 2192 non
448 2132 622 2209 potuissent.
661 2129 768 2191 Caesar
783 2129 819 2190 ad
833 2129 983 2208 Lingonas
1003 2129 1080 2190 litte·

126 2233 175 2276 ras
194 2216 373 2291 nuntiosque
394 2215 486 2283 misit,
508 2231 547 2274 ne
567 2231 618 2274 eos
637 2215 787 2274 lrumento
808 2229 880 2273 nere
902 2212 1011 2274 aliare
1036 2215 1081 2273 iu·

126 2306 244 2359 varent:
275 2299 325 2375 qui
346 2299 370 2358 si
389 2299 545 2366 iuvissent,
568 2315 601 2357 se
623 2296 727 2357 eodem
746 2295 827 2364 loco,
849 2312 907 2372 quo
922 2296 1080 2365 Helvetios,

127 2381 306 2442 habiturum.
344 2381 411 2460 lpse
431 2380 530 2441 triduo
550 2381 719 2441 intermisso
740 2397 807 2440 cum
828 2379 964 2440 omnibus
990 2381 1083 2457 copiis

128 2471 178 2526 eos
193 2467 278 2542 sequi
294 2467 399 2545 coepit.

98 2554 110 2604 1
190 2547 303 2609 XXVII.
321 2548 445 2611 Helvetii
460 2549 592 2608 omnium
606 2564 708 2608 rernm
722 2547 822 2624 inopia
837 2546 956 2607 adducti
970 2545 1083 2623 legatos

96 2631 165 2692 ade
179 2630 328 2714 deditione
349 2632 385 2693 ad
406 2649 474 2693 eum
494 2633 647 2692 miserunt.
687 2630 742 2700 Qui
765 2647 831 2689 cum
848 2647 916 2690 eum
931 2632 962 2690 in
976 2631 1083 2690 itinere

129 2701 336 2776 convenissent
355 2731 447 2792 seque
468 2714 503 2774 ad
523 2714 615 2792 pedes
635 2715 831 2792 proiecissent
851 2701 1084 2792 subpliciterqu'e

127 2798 219 2860 locuti
232 2796 338 2859 dentes
352 2816 455 2877 paoem
469 2801 627 2876 petissent,
649 2804 737 2873 atque
759 2814 809 2857 eos
823 2798 855 2857 in
871 2815 905 2856 eo
920 2796 1001 2865 loeo,
1025 2813 1083 2872 quo

128 2889 191 2944 tum
207 2889 321 2951 essent,
344 2900 428 2943 suum
451 2881 608 2941 adventum
629 2887 786 2958 expectare
805 2881 954 2949 iussisset,
976 2898 1082 2959 parue-

97 2972 205 3026 3runt.
245 2966 286 3025 Eo
301 2974 457 3045 postquam
473 2965 580 3025 Caesar
594 2965 737 3042 pervenit,
755 2962 888 3033 obsides,
905 2982 1001 3032 arma,
1020 2982 1082 3024 ser·

97 3055 193 3117 tvos,
211 3050 261 3123 qui
276 3047 311 3108 ad
328 3067 379 3109 eos
393 3049 609 3128 perfugissent,
631 3048 776 3126 poposcit.
814 3048 891 3109 llum
912 3065 946 3108 ea
961 3049 1084 3123 conqui-

129 3140 238 3192 runtur
253 3139 283 3192 et
297 3133 500 3201 conseruntur,
512 3139 600 3192 nocte
611 3131 788 3199 intermissa,
801 3132 920 3192 circiter
932 3130 1085 3191 hominum

82 3261 92 3271 .
129 3215 208 3276 milia
223 3235 256 3275 vr
272 3217 335 3277 eius
349 3217 432 3295 pagi,
450 3216 500 3291 qui
515 3214 698 3292 Verbigenus
712 3212 886 3292 appellatur,
903 3216 963 3275 sire
978 3216 1086 3275 timore

128 3301 289 3379 perterriti,
304 3318 343 3359 ne
358 3300 447 3360 armis
457 3298 572 3359 traditis
584 3296 729 3376 supplicio
741 3297 947 3367 adficerentur,
957 3299 1017 3358 sive
1033 3315 1086 3375 spe

130 3383 233 3444 salutis
253 3383 379 3453 inducti,
409 3381 487 3460 quod
513 3384 645 3443 intanta
671 3381 860 3442 multitudine
879 3381 1085 3442 dediticiorum

131 3485 212 3529 suam
228 3467 328 3545 lugam
343 3474 393 3528 aut
407 3465 548 3528 occrdtari
569 3474 620 3527 aut
641 3466 761 3525 omnino
775 3467 906 3542 ignorari
920 3483 1008 3544 posse
1024 3464 1084 3525 exi·
