2356 3870
134 182 196 247 104
418 187 564 242 BELLUM
579 187 830 246 HISPANIENSE.

132 337 267 400 Lusitani
289 339 398 398 iratres
421 338 593 414 transfugae
616 339 808 406 nuntiarunt,
832 355 921 416 quam
936 337 1104 419 Pompeius

132 424 304 484 contionem
336 420 505 480 habuisset:
547 424 689 499 quoniam
722 421 833 499 oppido
867 422 1004 485 subsidio
1039 438 1103 486 non

132 514 233 585 posset
254 506 373 574 venire,
407 513 498 566 noctu
527 522 563 564 ex
598 504 842 566 adversariorum
867 514 1034 589 conspeetu
1068 526 1102 570 se

132 590 318 652 deducerent
345 589 382 649 ad
416 607 499 649 mare
528 606 664 658 versum;
698 607 790 649 unum
823 592 1031 668 respondisse,
1068 600 1102 654 ut

132 676 233 752 potius
255 673 291 733 ad
313 673 517 734 dimicandum
539 672 772 743 descenderent,
795 690 885 752 quam
907 677 1028 753 signum
1051 678 1100 737 iu·

132 776 188 836 gae
209 757 420 826 oste'nderent3
450 775 535 826 eum,
564 759 616 836 qui
645 759 686 817 ita
713 757 833 818 locutus
854 766 950 829 esset,
979 761 1100 837 iugula·

98 849 208 902 itum.
252 841 365 903 Eodem
392 848 527 920 tempore
549 840 701 902 tabellarii
729 844 795 902 eius
818 842 1014 921 deprehensi,
1047 847 1101 924 qui

132 927 169 987 ad
191 927 334 1005 oppidum
356 925 532 993 veniebant;
554 943 685 1002 quorum
707 925 825 986 litteras
840 927 949 987 Caesar
972 929 1121 1007 oppida-4

132 1012 179 1072 uis
202 1012 315 1071 abiecit
341 1017 386 1078 et,
420 1011 472 1087 qui
502 1011 594 1069 vitam
616 1008 676 1070 sibi
703 1017 835 1087 peteret,
863 1012 954 1072 iussit
981 1020 1101 1072 turrem

131 1094 263 1173 ligneam
285 1094 503 1172 oppidanorum
518 1093 695 1162 incendere;
719 1093 751 1152 id
773 1096 799 1154 si
814 1095 951 1164 lecisset,
975 1099 1004 1157 ei
1026 1113 1100 1175 pro·

131 1181 216 1241 misit
242 1181 342 1239 onmia
369 1194 593 1238 concessurum.
644 1177 730 1249 Quod
759 1177 884 1239 difficile
911 1188 977 1241 erat
1004 1181 1099 1250 lactu,

96 1271 112 1320 8
133 1271 168 1322 ut
189 1280 255 1321 eam
278 1271 392 1322 turrem
407 1262 472 1322 sine
494 1260 632 1338 periculo
647 1263 715 1341 quis
736 1262 921 1324 incenderet.
966 1263 1009 1324 lta
1024 1265 1100 1326 lune

133 1364 221 1407 crure
245 1345 376 1423 deligato
399 1363 469 1404 eum
490 1346 616 1422 propius
630 1363 709 1407 unm
730 1349 926 1418 accessisset,
950 1347 987 1407 ah
1010 1351 1099 1428 oppi-

97 1430 220 1490 adanis
249 1436 294 1490 est
323 1430 451 1489 occisus.
500 1428 613 1490 Eadem
639 1438 727 1490 nocte
755 1432 909 1508 transfuga
936 1433 1098 1502 nuntiarit,

132 1513 309 1590 Pompeium
342 1519 372 1572 et
399 1510 566 1574 Labienum
594 1512 631 1573 de
665 1514 851 1591 iugulatione
878 1515 1100 1594 oppidanorum

134 1596 306 1674 indignatos
328 1615 405 1658 esse.

96 1687 109 1738 1
196 1680 312 1741 XVllll.
356 1680 464 1758 vigilia
486 1680 619 1742 mcuuda
648 1688 773 1761 propter
800 1682 1026 1744 multitudinem
1051 1693 1098 1744 te·

133 1765 232 1826 lorum
246 1766 340 1827 turris
361 1765 477 1844 lignea,
500 1784 575 1844 quae
591 1774 695 1826 nostra
711 1767 833 1836 luisset,
856 1766 896 1826 ab
912 1769 972 1828 imo
989 1769 1099 1829 vitium

95 1858 111 1907 2
133 1852 207 1913 iecit
221 1868 315 1928 usque
331 1848 368 1908 ad
389 1849 557 1910 tabulatum
571 1848 736 1910 secundum
754 1858 784 1910 et
806 1853 939 1913 tertium.
982 1851 1099 1912 Eodem
1152 1860 1156 1865 '

132 1942 268 2011 tempore
292 1952 347 2012 pro
370 1951 457 1993 muro
479 1941 650 2011 pugnarunt
672 1936 821 1996 acerrimo
850 1943 880 1995 et
906 1935 1013 1995 turrim
1041 1953 1097 1996 no·

135 2027 229 2078 stram
258 2026 292 2077 ut
318 2019 506 2098 superiorem
531 2017 744 2087 incenderunt,
774 2017 889 2079 idcirco
917 2019 996 2099 quod
1024 2037 1098 2080 ven-

95 2110 197 2162 etum
220 2100 361 2179 oppidani
394 2100 561 2162 secundum
592 2101 776 2162 habuerunt.
820 2102 994 2180 lnsequenti
1028 2103 1097 2164 luce

131 2183 360 2246 materfamilias
388 2184 425 2245 de
453 2202 539 2244 muro
571 2203 604 2246 se
640 2185 768 2254 deiecit,
802 2186 840 2246 ad
869 2204 923 2247 nos
949 2187 1097 2248 transiliit

132 2269 284 2346 dixitque,
308 2286 340 2328 se
362 2286 433 2329 oum
454 2267 567 2329 familia
584 2272 782 2331 coustitutum
803 2269 958 2340 habuisse,
981 2279 1014 2332 ut
1036 2289 1098 2332 una

132 2353 356 2429 transfugerent
378 2351 415 2414 ad
437 2351 609 2425 Caesarem
631 2352 712 2415 illam
734 2370 909 2433 oppressam
926 2362 956 2416 et
977 2355 1097 2432 iugula-

95 2444 204 2500 4tam.
254 2435 319 2498 Hoc
344 2444 501 2517 praeterea
528 2443 663 2516 tempore
691 2437 818 2499 tabellae
850 2437 886 2499 de
913 2457 1001 2500 muro
1025 2439 1098 2500 sunt

133 2522 281 2589 deiectae,
310 2523 343 2582 iu
371 2520 481 2600 quibus
506 2523 652 2599 scripturn
680 2529 726 2582 est
754 2523 924 2583 inventurn:
968 2523 1004 2583 L.
1029 2524 1098 2584 Mu·

132 2609 234 2666 notius
257 2606 390 2665 Caesari.
436 2605 472 2665 Si
501 2607 576 2665 milri
606 2608 698 2666 odam
725 2608 851 2679 trebues,
887 2609 1028 2682 quoniam
1057 2608 1097 2666 ab

133 2690 187 2750 Cn.
208 2689 353 2765 Pompeio
380 2705 445 2749 sum
473 2689 622 2762 desertus,
654 2691 772 2764 quorem
799 2707 847 2751 me
871 2692 919 2751 illi
945 2693 1097 2766 praestiti,

134 2775 193 2836 tati
212 2776 322 2835 vitute
335 2780 365 2834 et
385 2776 553 2835 constantia
570 2770 737 2852 [saturum]
752 2791 800 2834 me
820 2777 852 2835 in
875 2781 902 2834 te
918 2777 1095 2850 praestabo.

32 2884 36 2891 ·
96 2857 246 2919 allodem
274 2865 408 2937 tempore
438 2857 581 2936 oppidani
608 2857 715 2935 legati,
748 2859 801 2937 qui
833 2866 922 2919 antea
948 2861 1096 2927 exierant,

135 2942 291 3003 Caesarem
314 2942 469 3002 adierunt:
493 2943 520 3003 si
542 2940 602 3003 sibi
622 2944 715 3002 ‘vitam
737 2942 931 3012 concederet,
961 2961 1027 3003 sese
1049 2945 1096 3003 iu·

97 3034 113 3082 e
136 3027 273 3106 sequenti
295 3025 362 3085 luce
378 3024 520 3104 oppidum
543 3044 609 3087 esse
625 3024 789 3086 dedituros.
834 3026 949 3099 Quibus
971 3045 1097 3106 respon-

136 3110 194 3180 dit,
219 3129 250 3170 se
273 3108 429 3169 Caesarem
445 3128 511 3170 esse
534 3110 680 3188 iidemque
704 3117 935 3188 praestaturum.
968 3110 1011 3172 Ita
1027 3119 1098 3172 aute

134 3193 214 3255 diem
237 3205 285 3253 Χῖ.
309 3187 380 3253 Kals
395 3193 480 3254 Mart.
505 3192 615 3272 oppido
644 3196 758 3273 potitus
785 3197 950 3274 imperator
977 3203 1022 3256 est
1045 3214 1098 3274 ap·

135 3278 278 3358 pellatus..

101 3371 113 3419 t
199 3360 260 3422 XX.
304 3360 391 3432 Quod
413 3361 573 3440 Pompeius
596 3379 632 3422 ex
658 3364 794 3440 perfugis
823 3380 892 3423 oum
915 3361 1099 3424 deditionem

135 3445 238 3526 oppidi
260 3445 369 3528 iactam
392 3463 457 3505 esse
479 3447 602 3514 scisset,
626 3455 724 3509 castra
745 3449 835 3508 movit
850 3446 978 3509 Ucubim
993 3465 1100 3509 versus
