2356 3870
308 237 421 294 COMM.
435 237 491 293 ΠΙ.>
511 235 588 293 GAP.
601 237 778 294 itit-xxv.
980 231 1021 299 79

57 421 182 473 rerum,
213 421 288 483 quae
318 405 511 482 occupatione
540 405 765 480 magistratuum
794 410 825 464 et
852 410 1021 484 temporum

59 488 217 549 sollicitam
238 486 353 548 ltaliam
373 485 537 557 habebant,
565 488 694 548 calerent
715 495 745 548 et
765 489 882 550 facilem
908 491 1020 549 exitum

59 571 238 632 habuerunt
916 613 920 619 .

123 654 229 716 XXlll.
252 655 327 715 Libo
342 621 494 734 proiectus
509 655 545 716 ab
561 656 650 718 Orico
665 675 732 717 cum
747 656 849 726 classe,
866 658 914 717 cui
928 668 1041 736 prae-21

59 748 139 809 erat,
161 741 281 800 navium
296 753 318 798 L
333 739 527 800 Brundisium
541 742 622 801 venit
637 740 838 817 insulamque
860 759 934 819 quae
950 759 1019 800 con·

59 832 109 884 tra
124 831 242 901 portum
257 823 473 884 Brundisinum
494 829 553 893 est,
577 827 747 902 occupavit,
768 825 848 904 quod
866 832 1019 903 praestare

59 907 277 977 arbitrabatur,
300 925 392 969 unum
412 908 523 978 locum,
545 926 604 987 qna
625 909 811 968 necessarius
829 910 941 968 nostris
956 915 1021 969 crat
1084 975 1086 980 ,

58 1009 214 1070 egressus,
235 1010 323 1071 quarn
344 994 443 1052 omnia
464 991 552 1052 litora
572 1010 606 1052 ac
626 999 730 1070 portus
750 993 884 1053 custodia
905 993 1019 1053 clausos

58 1077 167 1136 teneri.
196 1075 252 1136 Hic
273 1077 428 1154 repentino
448 1075 575 1136 adventu
594 1093 685 1136 naves
704 1077 856 1136 onerarias
875 1077 1045 1156 quasdamt

57 1169 164 1221 nactus
185 1160 318 1220 incendit
338 1167 369 1220 et
388 1178 477 1219 unam
497 1161 648 1220 frumento
668 1166 804 1221 onustam
819 1159 943 1220 abduxit
957 1179 1018 1221 nra·

57 1261 208 1323 gnumque
229 1246 338 1304 nostris
358 1252 503 1304 terrorem
524 1245 641 1313 iniecit,
665 1251 694 1304 at
715 1250 805 1305 noctu
825 1243 971 1304 militibus
985 1263 1019 1305 ac

57 1329 223 1404 sagittariis
238 1330 270 1387 in
285 1335 395 1392 terram
412 1329 555 1406 expositis
569 1329 753 1405 praesidium
765 1330 898 1406 equitum
909 1328 1021 1389 deiecit

61 1419 92 1473 et
108 1411 181 1472 adeo
196 1411 253 1471 loci
269 1414 489 1491 opportunitate
505 1412 647 1489 proiecit,
671 1414 714 1472 uti
730 1412 767 1472 ad
781 1411 955 1491 Pompeium
971 1412 1018 1473 lit·

59 1505 142 1556 teras
156 1497 303 1564 mitteret,
319 1513 407 1555 naves
422 1495 567 1571 reliquas,
585 1497 611 1555 si
626 1495 728 1564 vellet,
750 1495 876 1556 subduci
892 1504 921 1556 et
935 1497 1019 1556 refici
1051 1528 1054 1538 κ

59 1578 194 1640 iuberet:
212 1599 264 1640 sua
279 1579 373 1640 classe
389 1579 496 1640 auxilia
511 1597 576 1639 sese
592 1579 727 1640 Caesaris
742 1578 972 1659 prohibiturum.

122 1663 242 1723 Xilllll.
266 1663 337 1724 Erat
357 1682 392 1723 eo
412 1670 545 1741 tempore
559 1665 704 1723 Antonius
718 1663 888 1732 Brundisii;
909 1661 1040 1724 levir-1

59 1755 122 1808 tute
144 1748 272 1808 militum
293 1749 421 1808 conlisus
436 1746 561 1826 scaphas
575 1744 695 1807 navium
709 1764 883 1823 magnarum
898 1749 1019 1807 circiter

58 1843 107 1891 nx
123 1830 255 1892 cratibus
270 1832 436 1909 pluteisque
451 1832 582 1891 contexit
596 1849 691 1911 eoque
705 1830 816 1890 milites
827 1830 957 1891 delectos
971 1833 1018 1891 in·

58 1917 158 1994 posuit
171 1923 258 1995 atque
270 1934 320 1976 eas
331 1917 363 1975 in
374 1915 462 1975 litore
473 1912 610 1993 pluribus
620 1915 694 1975 locis
704 1916 863 1994 separatim
874 1915 1019 1995 disposuit

58 2015 207 2075 navesque
225 2001 362 2060 triremes
378 1999 464 2067 duas,
486 2017 561 2077 quas
574 1999 717 2060 Brundisi
731 1999 882 2060 faciendas
896 2017 1017 2059 curave·

57 2091 114 2153 rat,
130 2101 186 2161 per
201 2100 320 2144 causam
335 2083 569 2144 exercendorum
584 2085 732 2160 remigum
749 2084 785 2143 ad
799 2085 901 2144 lauces
915 2090 1019 2161 portus

56 2167 181 2247 prodire
202 2168 298 2228 iussit.
336 2167 396 2227 Has
410 2185 477 2227 cunr
493 2167 634 2228 audacius
648 2185 821 2246 progressas
836 2167 910 2227 Libo
924 2168 1043 2227 vidis-t

59 2258 124 2328 set,
146 2269 270 2330 sperans
292 2253 432 2330 intercipi
453 2269 539 2329 posse
556 2251 759 2331 quadriremes
773 2265 797 2311 v
812 2252 848 2312 ad
863 2270 914 2311 eas
927 2253 1016 2311 misit.

57 2335 140 2404 Quae
155 2353 222 2395 cnm
237 2334 363 2396 navibus
377 2337 488 2395 nostris
501 2336 806 2414 appropinquassent,
827 2336 923 2395 nostri
938 2343 1018 2395 vete·

58 2420 125 2478 rani
141 2420 172 2478 in
187 2426 305 2497 portum
325 2418 528 2496 refugiebant,
550 2419 593 2479 illi
615 2419 712 2479 studio
732 2421 849 2479 incitati
870 2421 1018 2479 incautius

58 2502 269 2582 sequebantur.
300 2501 360 2562 Iam
376 2521 412 2563 ex
427 2502 566 2563 omnibus
576 2501 712 2582 partibus
725 2502 824 2563 subito
835 2504 1045 2563 Antonianaeti

60 2587 188 2664 scaphae
204 2589 288 2664 signo
300 2587 368 2647 dato
380 2605 411 2647 se
426 2589 458 2647 in
473 2587 573 2647 hostes
585 2589 784 2647 incitauerunt
795 2589 949 2665 primoque
961 2589 1018 2646 im-

56 2678 131 2751 potu
146 2689 233 2730 unam
249 2689 285 2731 ex
300 2671 348 2731 his
362 2671 583 2751 quadriremem
595 2689 662 2732 cunr
674 2670 840 2748 remigibus
851 2670 1016 2731 defensori·

61 2753 176 2833 busque
199 2757 261 2816 suis
281 2765 440 2834 ceperunt,
462 2756 592 2835 reliquas
612 2757 741 2834 turpiter
757 2756 897 2831 refugere
912 2760 1017 2830 coege-

58 2846 139 2898 runt.
170 2840 213 2899 Ad
225 2838 280 2899 hoc
293 2840 505 2901 detrimentum
518 2841 651 2908 accessit,
664 2847 696 2898 ut
708 2836 860 2916 equitibus
870 2855 924 2916 per
935 2856 1016 2898 oram
1028 2844 1047 2894 t

58 2925 247 2984 maritumam
268 2923 305 2985 ab
326 2927 454 2986 Antonio
475 2924 627 3022 dispositis
647 2924 751 2998 aquari
772 2920 1016 3000 prohiberentur.

59 3005 123 3074 Qua
144 3011 322 3068 necessitate
343 3018 372 3070 et
392 3009 556 3086 ignominia
576 3013 727 3085 permotus
745 3004 822 3066 Libo
842 3005 981 3066 discessit
1001 3023 1019 3065 a

58 3089 219 3168 Brundisio
233 3091 496 3171 obsessionemque
512 3098 680 3151 nostrorum
695 3091 805 3150 omisit.

122 3175 210 3235 XXl'.
244 3175 356 3236 Multi
348 3194 407 3236 tam
427 3193 546 3251 manses
567 3181 652 3234 crant
674 3181 704 3234 et
722 3173 820 3234 hiems
839 3169 1015 3251 praecipita·
1028 3187 1043 3229 a

58 3264 156 3328 terat,
183 3277 280 3335 neque
301 3260 461 3321 Brundisio
482 3278 572 3319 nares
590 3258 782 3357 legionesque
805 3254 841 3318 ad
862 3258 1017 3319 Caesarem

58 3342 228 3403 veniebant.
258 3343 299 3404 hc
319 3343 477 3405 nonnullae
498 3345 563 3403 eius
583 3345 629 3402 rei
644 3344 871 3421 praetermissae
887 3343 1017 3402 occasio·

59 3444 112 3486 nes
127 3427 247 3488 Caesari
262 3427 453 3497 videbantur,
475 3426 554 3506 quod
570 3433 652 3487 certe
667 3445 755 3505 saepe
770 3427 914 3486 flaverant
927 3425 1022 3490 renti,

58 3510 169 3590 quibus
188 3514 355 3574 necessario
380 3510 631 3577 committendum
651 3509 862 3577 existimabat.
900 3508 1073 3581 Quanto-n
