2356 3870
126 223 166 283 oo
421 193 424 198 ’
447 219 487 276 on
502 218 606 276 ortuo
622 218 760 277 amuco

125 392 294 454 manerent,
321 381 399 461 quod
429 385 627 453 convenisset,
657 380 897 460 stipendiumque
926 383 1084 460 quotannls

125 468 304 547 penderent;
329 470 354 528 si
373 467 403 527 id
424 485 483 527 non
503 468 657 538 fecissent,
678 465 766 544 longe
787 467 823 525 iis
845 467 1010 527 fraternum
1029 484 1084 528 no·

93 557 109 608 6
124 570 193 612 men
209 551 314 630 populi
326 551 451 612 Romani
472 553 633 612 afuturum.
671 550 755 621 Quod
775 549 832 610 sibi
847 549 954 612 Caesar
968 550 1084 612 denun-

124 637 225 704 tiaret,
248 654 280 694 se
295 635 465 697 Aeduorum
479 636 601 696 iniurias
615 652 676 694 non
691 632 912 712 neglecturum,
933 635 1085 695 neminem

95 726 227 780 tseeum
246 721 310 779 sine
331 737 384 779 sua
403 719 536 796 pernicie
556 717 751 778 contendisse.
790 717 863 777 Cum
882 715 984 786 vellet,
1013 734 1084 778 oon·

126 802 316 880 grederetur:
332 801 562 871 intellecturum,
580 801 650 878 quid
664 801 764 861 invicti
775 800 923 870 Germani,
940 802 1084 861 exercita·

125 886 232 946 tissimi
246 888 277 946 ln
293 887 397 954 armis,
419 888 470 962 qui
484 887 562 946 inter
578 902 670 946 annos
685 903 757 944 xnn
778 890 889 944 tectum
910 901 971 944 non
986 883 1083 945 subis·

125 976 207 1037 sent,
223 971 332 1029 vlrtute
347 976 478 1047 possent.

94 1056 108 1107 1
188 1052 327 1112 XXXVII.
351 1052 430 1112 Ilaec
451 1050 554 1112 eodem
569 1057 703 1129 tempore
719 1050 837 1111 Caesari
855 1048 992 1111 mandata
1005 1050 1085 1110 refe·

93 1134 276 1204 urebantur,
294 1142 323 1195 et
336 1134 426 1212 legati
440 1134 476 1194 ab
490 1134 598 1195 Aeduis
614 1141 643 1194 et
658 1152 674 1194 a
689 1134 826 1194 Treveris
840 1133 1012 1194 veniebant:
1028 1134 1084 1195 le·

126 1219 177 1279 dui
192 1226 345 1297 questum,
367 1218 446 1295 quod
461 1217 610 1286 Harudes,
627 1219 679 1293 qui
692 1235 789 1296 nuper
803 1217 834 1277 in
850 1216 971 1278 Galliam
986 1223 1085 1277 trans·

125 1303 235 1380 portati
250 1308 363 1371 essent,
379 1302 453 1361 fines
468 1319 573 1361 eorum
587 1299 816 1379 popularentur:
839 1317 905 1361 sese
920 1318 958 1361 nc
973 1299 1084 1360 obsidi-

126 1385 182 1446 bus
211 1385 330 1462 quidem
359 1383 434 1444 datis
462 1402 566 1462 pacem
593 1385 730 1445 Ariovisti
758 1383 906 1444 redimere
934 1385 1084 1463 potuisse;

93 1469 249 1529 d'l'reveri
264 1474 377 1537 autem,
399 1485 490 1546 pagos
505 1474 624 1528 centum
640 1466 808 1527 Sueborum
829 1465 866 1527 ad
880 1468 975 1546 ripam
989 1465 1087 1528 Rheni

127 1552 305 1620 consedisse,
322 1553 373 1628 qui
382 1549 519 1611 Rhenum
534 1551 659 1611 transire
674 1557 869 1618 conarentur;
885 1549 931 1610 his
945 1568 1087 1629 praeesse

94 1642 112 1692 4
125 1635 253 1696 Nasuam
269 1642 298 1695 et
310 1633 491 1701 Cimberium
504 1635 621 1694 tratres.
644 1632 757 1704 Quibus
771 1632 862 1694 rebus
875 1633 982 1694 Caesar
995 1633 1084 1694 vehe-

127 1727 244 1779 menter
264 1725 430 1779 commotus
449 1716 658 1778 maturandum
685 1715 741 1777 sibi
761 1717 950 1785 exIstimavit,
980 1735 1032 1788 ne,
1060 1717 1085 1780 si

128 1819 202 1862 nova
217 1819 322 1862 manus
335 1800 502 1864 Sueborum
517 1818 584 1861 cum
598 1799 747 1860 veteribus
762 1801 855 1877 copiis
866 1801 1005 1861 Artovisti
1019 1818 1087 1862 sese

95 1892 112 1944 o
128 1886 343 1956 coniunxisset,
363 1886 462 1945 mInus
482 1883 567 1944 facile
589 1884 689 1943 resisti
708 1890 818 1961 posset.
856 1884 958 1960 Itaque
972 1901 1007 1944 re
1021 1884 1085 1946 lru·

126 1971 280 2038 mentoria,
293 1985 381 2045 quam
396 1967 552 2028 celerrime
566 1968 671 2044 potuit,
688 1974 856 2046 comparata
870 1967 984 2045 magnis
994 1968 1085 2028 itIne·

128 2052 211 2112 ribus
226 2052 262 2112 ad
276 2053 453 2112 Ariovistum
469 2050 627 2110 contendit.

98 2144 110 2193 1
189 2134 344 2196 XXXVIII.
362 2135 435 2196 Cum
447 2134 537 2194 tridui
551 2135 627 2194 viam
641 2134 845 2211 processisset,
857 2136 1025 2195 nuntiatum
1041 2143 1087 2196 est

130 2219 171 2287 ei,
186 2219 366 2279 AriovIstum
387 2237 455 2278 curn
476 2219 538 2278 suis
558 2216 696 2277 omnibus
716 2218 808 2296 copiis
828 2218 865 2278 ad
879 2217 1085 2297 occupandum

129 2304 354 2370 Vesontionem,
377 2301 456 2377 quod
471 2309 517 2362 est
531 2301 673 2379 oppidum
692 2303 853 2361 maximum
868 2300 1085 2378 Sequanorum,

95 2396 112 2444 t
127 2386 308 2446 contendere
323 2386 473 2462 triduique
487 2386 561 2445 viarn
578 2402 595 2444 a
609 2385 671 2445 suIs
685 2383 792 2444 finibus
804 2385 976 2463 proiecisse.
1000 2384 1033 2446 Id
1047 2404 1086 2446 ne

129 2470 285 2538 accideret,
301 2486 480 2548 magnopere
495 2467 551 2528 sibi
564 2468 799 2546 praecavendum
814 2469 922 2530 Caesar
937 2470 1085 2530 existima·

97 2561 113 2612 3
128 2552 187 2613 bat.
219 2552 352 2630 Namque
367 2554 498 2613 omnium
512 2569 625 2621 rerum,
642 2567 718 2627 quae
732 2551 769 2611 ad
783 2550 895 2612 bellum
908 2553 977 2614 usui
991 2563 1085 2622 erant,

97 2644 243 2697 tsumma
259 2638 366 2697 eratin
389 2654 423 2696 eo
444 2634 552 2714 oppido
573 2633 709 2703 facultas,
732 2634 822 2711 idque
845 2643 950 2696 natura
970 2635 1029 2697 Ioci
1043 2638 1087 2697 sic

128 2718 326 2788 muniebatur,
344 2726 377 2780 ut
390 2736 526 2797 magnam
540 2717 576 2778 ad
588 2717 755 2779 ducendum
769 2717 880 2780 bellum
895 2720 979 2781 daret
992 2719 1085 2781 Iacul-

129 2811 234 2873 tatem,
254 2811 412 2882 propterea
434 2803 512 2880 quod
532 2801 643 2862 ssumen
658 2800 749 2863 Dubis
771 2809 804 2862 ut
825 2805 937 2864 circino
958 2804 1085 2864 ciccum·

97 2886 250 2947 odnctum
270 2906 364 2966 paene
384 2893 480 2947 totum
495 2884 635 2964 oppidum
656 2885 760 2962 cingit:
783 2885 933 2963 reliquum
947 2888 1085 2966 spatium,

130 2969 208 3047 quod
229 2980 274 3030 est
294 2989 354 3031 non
374 2968 500 3049 amplius
519 2968 628 3047 pedum
648 2975 870 3039 sexcentorum,
899 2986 957 3047 qua
975 2969 1087 3031 flumen

129 3054 311 3122 latermittit,
332 3071 417 3113 mons
433 3054 563 3114 continet
577 3070 683 3130 magna
697 3052 866 3123 altitudine,
887 3055 942 3123 ita,
960 3061 993 3116 ut
1006 3054 1084 3115 radi-

130 3154 178 3196 ces
199 3137 307 3197 monus
329 3155 364 3196 ex
386 3144 511 3212 utraque
537 3143 621 3214 parte
646 3137 728 3213 ripae
749 3135 878 3198 fluminis
904 3139 1084 3216 oontIngant.

97 3217 214 3280 ellunc
239 3238 342 3280 murus
368 3219 565 3280 circumdatus
591 3237 689 3279 arcem
715 3219 804 3281 efficit
830 3228 951 3282 etcum
977 3222 1086 3302 oppido

98 3305 289 3380 aeoniungit.
327 3303 391 3363 IIuc
411 3303 517 3364 Caesar
536 3304 649 3380 magnIs
670 3307 824 3365 nocturnis
845 3305 1019 3382 dlurnisque
1038 3306 1086 3366 iti·

129 3386 250 3447 neribus
266 3386 416 3448 contendit
431 3393 632 3465 occupatoque
644 3387 752 3467 oppido
766 3388 808 3449 ibi
820 3388 1001 3468 praesidium
1013 3407 1084 3450 con·

127 3468 213 3531 locat.
