2356 3870
334 232 447 290 count.
461 233 497 289 11.
519 232 595 290 cAP.
609 233 830 290 XHII-XVIII.
1016 229 1057 295 51

98 417 188 481 posse
209 398 400 477 intellegunt,
421 398 458 458 ad
479 398 598 459 easdem
620 397 780 460 deditionis
801 400 991 460 condiciones
1011 417 1058 460 re-

97 490 235 545 currunt.

163 566 253 629 XVII.
282 567 320 627 ll.
336 565 429 627 Varro
450 567 481 626 in
502 566 645 627 ulteriore
660 566 802 646 Hispania
823 569 908 627 initio
930 569 1083 644 coguitist

97 651 138 712 iis
152 650 253 720 rebus,
269 668 344 730 quae
360 652 475 711 suntin
491 650 573 710 ltalia
588 657 698 728 gestae,
718 651 856 712 diffidens
869 651 1059 732 Pompeianis

97 734 205 804 rebus,
231 737 411 795 amicissime
432 734 469 794 dc
492 733 616 795 Caesare
636 733 825 814 loquebatur:
857 742 1084 815 praeoccupa-t

96 827 163 880 tum
190 836 255 878 sese
275 819 424 896 legatione
446 816 482 878 ab
504 818 556 878 Gn.
576 817 733 897 Pompeio,
760 820 856 878 teneri
882 817 1059 880 obstrictum

97 903 174 972 lide;
200 901 450 963 necessitudinem
477 900 597 980 quidem
619 901 677 962 sibi
705 902 798 962 nihilo
817 904 964 962 minorem
991 921 1059 963 curn

98 985 226 1046 Caesare
241 986 444 1056 intercedere;
465 1003 561 1064 neque
577 1004 608 1046 se
630 987 783 1062 ignorare,
805 985 884 1066 quod
900 994 980 1046 esset
994 987 1058 1047 offl-

97 1072 180 1150 cium
195 1069 296 1146 legati,
313 1070 364 1148 qui
378 1069 562 1129 fiduciariam
577 1087 698 1148 operam
713 1069 873 1140 obtineret,
890 1089 964 1150 quae
979 1072 1059 1131 vires

97 1171 187 1223 suae,
217 1172 292 1232 quae
317 1153 452 1214 volontas
480 1169 550 1230 erga
577 1152 732 1214 Gaesarem
757 1156 848 1215 totius
875 1156 1057 1233 provinciae.

97 1237 180 1307 Haec
194 1236 332 1298 omuibus
347 1236 464 1298 ferebat
479 1236 668 1297 sermonibus
680 1254 776 1316 neque
792 1256 824 1298 se
838 1240 871 1298 iu
885 1239 975 1298 ullam
989 1257 1057 1317 par·
1069 1245 1086 1296 t

95 1330 161 1382 tem
180 1320 326 1381 movebat.
361 1320 466 1381 Postea
481 1338 566 1391 vero,
587 1339 654 1382 cum
670 1320 826 1382 Gaesarem
846 1322 883 1382 ad
897 1321 1085 1383 Massiliamb

97 1404 231 1465 detineri
246 1407 393 1482 coguovit,
409 1406 510 1483 copias
520 1404 620 1466 Petrei
635 1423 702 1465 cum
718 1408 850 1466 exercitu
862 1406 976 1467 Afranii
993 1424 1058 1467 esse

97 1491 289 1569 coniunctas,
304 1506 410 1566 magua
425 1488 533 1549 auxilia
548 1491 736 1559 convenisse,
758 1506 862 1567 magna
878 1508 943 1551 esse
959 1493 989 1551 in
1005 1508 1058 1569 spe

97 1578 187 1653 atque
203 1574 352 1652 expectari
374 1578 404 1632 et
418 1574 588 1633 consentire
609 1591 727 1633 omnem
748 1576 919 1634 citeriorem
937 1576 1059 1652 provin·

98 1659 192 1727 ciam,
217 1674 351 1736 quaeque
372 1663 474 1736 postea
496 1656 679 1726 acciderant,
706 1657 742 1717 de
763 1659 908 1735 augustiis
929 1657 965 1718 ad
984 1657 1057 1717 ller-

98 1741 167 1802 dam
182 1742 228 1800 rei
243 1741 471 1810 frumentariae,
494 1742 623 1819 accepit,
645 1746 732 1819 atque
747 1740 820 1800 haec
835 1741 870 1801 ad
886 1758 953 1801 eum
968 1740 1059 1802 latius

98 1831 189 1904 atquc
204 1823 337 1885 inflatius
345 1824 486 1886 Afranius
500 1823 716 1903 perscribebat,
732 1841 763 1885 se
779 1841 896 1903 quoque
912 1824 1060 1886 admotus

96 1909 235 1970 fortunae
251 1925 369 1968 movere
384 1911 489 1987 coepit.

163 1991 264 2052 XVIII.
309 1991 461 2056 Deleolum
481 1989 587 2051 babuit
612 1998 672 2052 tota
691 1993 859 2071 provincia,
888 1992 1083 2070 legionibus!

97 2076 254 2155 completis
276 2075 391 2136 duabus
411 2075 550 2135 cobortes
571 2076 692 2135 circiter
713 2089 788 2136 xxx
808 2075 914 2137 alarias
934 2075 1057 2138 addidit.

96 2160 256 2222 Frumenti
271 2176 410 2236 magnum
425 2176 581 2219 numerum
597 2161 703 2236 coegit,
719 2160 797 2238 quod
812 2159 1057 2236 Massiliensibus,

96 2246 171 2306 item
193 2243 270 2323 quod
287 2243 408 2303 Afranio
422 2242 599 2321 Petreioque
621 2245 764 2303 mitteret.
802 2243 898 2305 Nares
918 2244 1020 2322 longas
1034 2258 1058 2304 x

97 2327 253 2390 Gaditanis
267 2335 301 2387 ut
312 2328 447 2387 facerent
460 2327 626 2405 imperavit,
643 2327 810 2406 complures
823 2335 979 2406 praeterea
994 2325 1056 2410 [in]

96 2410 212 2491 Hispali
223 2411 375 2471 faciendas
386 2412 509 2470 curavit.
531 2409 691 2470 Pecuniam
706 2429 823 2471 omnem
837 2414 993 2491 omniaque
1009 2423 1084 2473 ort

96 2501 237 2557 nameuta
258 2513 294 2554 ex
309 2495 379 2555 fauo
394 2493 531 2554 Herculis
551 2495 583 2553 in
599 2494 739 2574 oppidum
755 2494 845 2556 Gadis
859 2495 1001 2566 contulit;
1022 2514 1059 2556 eo

97 2588 150 2640 sex
165 2578 303 2639 cobortes
317 2578 461 2657 praesidii
476 2595 565 2638 causa
579 2595 615 2638 ex
630 2580 781 2657 provincia
797 2581 880 2638 misit
894 2579 1058 2659 Gaiumque

97 2662 267 2724 Gallonium
283 2664 413 2742 equitem
428 2660 593 2721 Romanurn
609 2662 786 2723 familiarem
802 2662 939 2732 Domitii,
956 2666 1007 2742 qui
1019 2683 1059 2742 ⁴eo

95 2745 303 2827 procurandae
324 2746 500 2806 hereditatis
519 2763 607 2806 cause
622 2757 743 2807 venerat
757 2749 867 2807 missus
887 2766 904 2808 a
918 2746 1057 2818 Domitio,

98 2830 211 2910 oppido
226 2828 359 2891 Gadibus
373 2830 534 2909 praelecit;
550 2847 632 2890 arma
648 2832 746 2891 omnia
760 2832 874 2908 privata
891 2848 924 2891 ac
938 2829 1058 2910 publica

95 2917 127 2975 ln
145 2913 264 2974 domum
280 2913 394 2975 Galloni
416 2913 550 2974 contulit.
580 2913 646 2992 lpse
662 2912 767 2973 habuit
781 2930 887 2991 graves
903 2916 935 2974 in
951 2913 1083 2975 Caesa-tt

96 3016 162 3059 rem
184 3000 348 3059 contiones.
384 2997 478 3077 Saepe
500 3015 535 3057 ex
554 2995 698 3058 tribunali
715 2996 911 3076 praedicarit,
934 2997 1057 3060 adversa

96 3081 252 3144 Gaesarem
273 3081 389 3161 proelia
404 3082 528 3150 fecisse,
549 3098 689 3158 magnum
704 3098 860 3142 numerum
876 3081 913 3143 ab
929 3100 964 3142 eo
979 3083 1057 3142 mili·

92 3174 160 3227 'lum
172 3165 209 3227 ed
222 3165 377 3226 Afranium
391 3165 573 3244 perfugisse:
589 3165 662 3226 baec
674 3182 705 3225 se
721 3167 812 3227 certis
827 3168 950 3236 nuntiis,
966 3168 1057 3228 certis

95 3249 269 3312 auctoribus
295 3251 487 3328 comperisse.
527 3247 641 3319 Quibus
666 3248 757 3310 rebus
780 3251 958 3329 perterritos
983 3251 1082 3311 cirisi

94 3333 244 3396 Romanos
271 3334 336 3393 eius
355 3334 525 3412 provinciae
549 3331 607 3393 sibi
635 3332 670 3392 ad
693 3332 905 3412 rempublicam
931 3334 1056 3394 admini-

95 3417 251 3480 strandam
272 3415 319 3477 HS
340 3429 457 3477 ccxxx
478 3422 509 3476 et
529 3418 644 3494 argenti
665 3417 762 3496 pondo
777 3431 827 3476 xx
840 3417 943 3487 milia,
964 3418 1068 3476 tritici

92 3501 210 3564 modIos
226 3513 295 3562 cxx
305 3501 386 3562 milia
395 3501 534 3582 polliceri
550 3503 662 3582 coegit.
683 3499 768 3578 Quas
775 3501 903 3567 (laesuri
916 3518 989 3562 esse
1003 3499 1114 3556 snut»

839 3606 879 3656 μ
