2356 3870
311 198 409 255 COMll.
426 198 488 255 Vlll.
505 197 574 256 cnr.
590 199 762 256 Vllll-lllll.
958 206 1018 268 175

121 363 168 425 lll.
207 363 313 424 Caesar
341 381 408 422 cum
430 362 691 433 animadverteret,
723 363 839 426 hostem
861 366 1044 445 conplurest

55 448 121 510 dies
137 448 240 508 castris
254 445 361 526 palude
377 453 406 506 et
419 446 477 507 loci
491 454 596 509 natura
610 449 730 509 munitis
746 467 778 509 se
793 456 904 519 tenere,
920 468 1018 528 neque

55 532 223 614 oppugnari
245 537 340 591 castra
361 549 464 592 eorum
485 533 549 592 sine
569 531 755 592 dimicatione
775 533 942 612 perniciosa
962 553 1018 594 nec
1055 541 1057 545 ’

30 604 156 678 'locum
171 614 385 676 munitionibus
407 614 503 676 claudi
522 616 580 676 nisi
600 633 617 675 a
637 617 748 676 maiore
764 619 896 678 exercitu
917 636 1015 697 posse,
1079 682 1092 704 ·

54 700 170 761 litteras
186 699 222 760 ad
237 698 418 760 Trebonium
434 701 537 768 mittit,
560 705 606 768 ut,
629 715 716 776 quam
737 698 892 761 celerrime
906 711 1016 780 posset,

54 784 203 862 legionem
219 802 298 852 1111„
317 798 392 859 quae
413 801 480 843 cum
495 783 528 843 Τ.
547 783 646 843 Sextio
665 782 763 862 legato
783 786 814 844 in
834 784 1016 862 Biturigibus

55 865 214 936 hiemabat,
231 873 491 944 accerseretatque
506 869 619 927 itacum
629 865 1017 946 tribuslegionibusmagnis

55 950 213 1013 itineribus
228 949 264 1011 ad
280 968 311 1010 se
326 952 455 1019 veniret;
478 952 542 1030 ipse
564 953 677 1027 equites
696 953 727 1012 in
748 953 841 1012 vicem
856 951 1017 1013 Remorum
1032 963 1045 1011 a

56 1034 90 1097 a‘c
104 1035 269 1114 Lingonum
282 1033 526 1112 reliquarumque
549 1035 712 1105 civitatum,
736 1053 862 1113 quorum
877 1053 1016 1114 magnum

56 1136 216 1182 numerum
232 1126 416 1188 evocaverat,
432 1119 578 1197 praesidio
593 1117 832 1198 pabulationibus
846 1121 949 1190 mittit,
966 1121 1017 1196 qui

56 1203 170 1265 subitas
184 1204 369 1263 incursiones
384 1202 513 1265 bostium
528 1205 717 1264 sustinerent.

118 1286 180 1348 Xll.
204 1286 289 1358 Quod
302 1304 370 1347 cum
382 1287 487 1347 cotidie
497 1287 591 1355 lieret,
609 1304 642 1346 ac
653 1289 711 1348 iarn
723 1287 937 1348 consuetudine
951 1286 1016 1349 dili·
1033 1295 1045 1346 1

56 1372 156 1450 gentio
171 1372 370 1439 minueretur,
394 1371 471 1448 quod
493 1369 668 1449 plerumque
688 1371 794 1432 accidit
814 1371 1014 1441 diuturnitate,

37 1454 202 1526 ,bellovaci
216 1453 328 1517 delecta
343 1472 432 1514 manu
446 1455 579 1534 peditum
602 1456 726 1531 coguitis
750 1455 924 1516 stationibus
935 1457 1016 1516 coti·

57 1540 150 1601 dianis
166 1540 298 1614 equitum
312 1545 483 1599 nostrorum
499 1537 683 1600 silvestribus
696 1538 769 1600 locis
784 1539 902 1599 insidias
917 1538 1015 1617 dispo·

57 1629 132 1684 nunt
147 1621 310 1699 eodemque
332 1624 447 1698 equites
461 1629 582 1700 postero
598 1621 644 1681 die
665 1625 799 1692 mittunt,
823 1623 874 1699 qui
888 1624 1017 1701 primum
1032 1630 1048 1678 2
1144 1611 1146 1617 ’

57 1704 668 1775 elicerentnostros,deindecircumventos
679 1705 919 1783 adgrederentur.
929 1705 1018 1766 Cuius
1034 1712 1049 1764 a

55 1790 127 1852 mali
141 1807 205 1850 sors
220 1788 322 1849 incidit
334 1788 443 1858 Remis,
462 1788 567 1866 quibus
581 1788 631 1848 ille
646 1789 709 1849 dies
724 1789 867 1867 iungendi
886 1790 1017 1849 muueris

56 1873 225 1934 obvenerat.
257 1873 444 1950 Namquehi,
462 1890 528 1934 cum
544 1879 667 1951 repente
682 1872 811 1934 hostium
826 1874 940 1949 equites
956 1874 1016 1933 ani·

55 1957 282 2019 madvertissent
296 1975 331 2016 ac
350 1975 475 2017 numero
497 1960 667 2036 superiores
687 1958 865 2037 paucitatem
887 1963 1033 2016 contem·

55 2043 194 2122 psissent,
212 2040 347 2120 cupidius
362 2043 487 2102 insecuti
501 2041 648 2120 peditibus
664 2041 794 2119 undique
809 2047 878 2101 sunt
890 2042 1017 2101 circum·

56 2126 124 2187 dati.
149 2125 212 2196 Quo
227 2125 304 2186 iacto
319 2123 493 2204 perturbati,
511 2124 646 2196 celerius,
660 2142 747 2202 quam
764 2123 945 2186 consuetudo
960 2124 1048 2183 terta

56 2209 204 2286 equestris
218 2206 332 2287 proelii,
350 2226 382 2270 se
397 2216 576 2288 receperunt
597 2211 703 2271 amisso
718 2210 866 2278 Vertisco,
882 2209 1017 2287 principe

56 2293 194 2362 civitatis,
218 2293 368 2371 praelecto
391 2294 537 2370 equitum;
560 2295 699 2370 quicum
726 2294 772 2352 vix
795 2308 869 2369 equo
896 2295 1049 2371 propterb
1082 2337 1084 2340 Α

57 2383 182 2438 aetatem
202 2382 304 2455 posset
323 2379 381 2446 uti,
399 2384 497 2438 tamen
519 2376 733 2438 consuetudine
749 2375 899 2438 Gallorum
920 2390 1018 2451 neque

56 2461 160 2521 aetatis
181 2461 368 2521 excusatione
388 2461 419 2521 in
439 2460 624 2539 suscipienda
651 2461 835 2538 praefectura
862 2476 934 2518 usus
955 2464 1019 2517 erat
1086 2533 1092 2537 ,

56 2560 155 2620 neque
171 2542 303 2604 dimicari
319 2545 382 2606 sine
393 2562 425 2604 se
436 2544 577 2605 voluerat.
603 2541 858 2624 lull[amm]antur
869 2548 958 2618 atque
972 2543 1015 2601 in·
1032 2546 1049 2596 o

57 2629 186 2688 citantur
200 2626 330 2688 hostium
345 2629 434 2689 animi
450 2628 579 2690 secundo
596 2627 719 2706 proelio,
736 2627 870 2707 principe
887 2632 916 2686 et
930 2642 1016 2704 prae-

57 2711 134 2772 lecto
149 2710 311 2772 Remorum
326 2713 491 2783 interiecto,
507 2713 660 2788 nostrique
672 2711 847 2772 detrimento
860 2709 1018 2770 admonen·
1034 2716 1047 2763 t

57 2803 122 2866 tur,
139 2794 306 2874 diligentius
323 2795 482 2875 exploratis
493 2796 567 2857 locis
579 2797 719 2856 stationes
735 2793 891 2873 disponere
906 2809 940 2853 ac
954 2809 1018 2852 mo·

57 2878 188 2940 deratius
204 2878 358 2940 cedentem
372 2881 490 2957 insequi
505 2879 629 2940 hostem.

120 2961 196 3024 lllll.
233 2962 299 3024 Non
319 2964 519 3025 intermittunt
541 2964 660 3024 interim
687 2960 832 3022 cotidiana
858 2956 970 3038 proelia
990 2958 1047 3017 int

57 3053 219 3125 conspectu
235 3053 431 3124 utrorumque
446 3053 619 3117 castrorum,
636 3062 712 3124 quae
726 3043 762 3106 ad
779 3042 847 3104 vada
864 3042 1019 3102 transitus·

57 3147 117 3208 que
131 3128 241 3191 flebant
255 3130 379 3210 paludis.
411 3132 474 3203 Qua
488 3132 676 3192 contentione
692 3128 840 3198 Germani,
858 3143 931 3204 quos
946 3143 1018 3204 pro·
1034 3133 1050 3180 2

55 3222 161 3296 pterea
168 3214 275 3277 Caesar
282 3215 490 3277 transduxerat
500 3213 645 3284 Rhenum,
658 3220 693 3275 ut
700 3211 846 3290 equitibus
852 3209 1021 3288 interpositi

55 3298 291 3380 proeliarentur,
320 3318 387 3361 cum
407 3300 588 3362 constantius
603 3299 734 3359 universi
742 3295 879 3377 paludem
898 3294 1021 3354 transis-

55 3389 123 3445 sent
130 3384 330 3463 paucisquein
336 3383 503 3446 resistendo
515 3383 680 3444 interiectis
692 3376 1020 3462 pertinaciusreliquam

41 3467 278 3531 ‚multitudinem
295 3475 395 3529 essent
409 3468 543 3538 insecuti,
558 3467 715 3549 perterriti
728 3482 792 3529 non
804 3461 959 3531 solumii,
977 3459 1036 3537 opit
