2356 3870
161 233 221 294 170
485 231 525 287 DE
539 230 644 288 BELLO
661 176 800 286 (imbreo

62 455 66 463 ,
160 393 304 472 elegentia
320 412 434 456 summa
445 393 602 463 scribendi,
618 400 683 455 turn
694 395 846 455 verissima
861 394 982 455 scientia
997 411 1119 454 suorum

128 478 350 549 84consiliorum
367 477 616 557 explicandorum.
643 477 714 538 Mihi
729 496 767 538 ne
781 477 854 538 illud
870 477 989 555 quidem
1005 477 1119 545 accidit,

160 561 395 624 utAlexandrino
408 563 640 640 atqueAiricano
655 560 734 621 bello
744 563 936 630 interessem;
954 578 1029 638 quae
1044 559 1121 622 bella

160 661 343 723 quamquam
353 664 389 706 ex
403 653 488 726 parte
501 645 589 706 nobis
601 645 734 706 Caesaris
745 663 883 706 sermone
898 653 968 706 sunt
981 651 1060 714 nota,
1077 651 1120 703 ta·

159 747 227 789 men
243 729 328 791 aliter
348 730 483 791 audimus
505 747 553 799 ea,
577 744 651 806 quae
666 746 770 790 rerum
785 730 913 790 novitate
928 735 979 790 aut
993 728 1119 788 admira-

159 814 239 874 tione
250 831 305 874 nos
312 815 439 892 capiunt,
453 813 546 882 aliter,
564 828 707 896 quaetpro
719 813 886 872 testimonio
894 831 996 873 sumus
1002 812 1119 872 dicturi.

127 901 143 953 t
159 896 218 970 Sed
235 914 289 975 ego
304 899 453 967 nimirum,
471 896 540 957 dum
556 914 660 956 omnes
675 897 871 957 excusationis
887 914 989 957 causas
1005 895 1120 971 colligo,

159 998 197 1040 ne
212 999 279 1040 cum
296 981 420 1042 Caesare
442 981 592 1048 conierar,
614 977 672 1039 hoc
685 981 783 1059 ipsum
799 981 912 1040 crimen
933 979 1121 1057 adrogantiae

120 1070 125 1077 '
158 1063 265 1132 subeo,
289 1063 367 1141 quod
386 1083 435 1124 me
449 1063 557 1124 iudicio
573 1063 745 1140 cuiusquam
762 1065 925 1124 existimem
949 1080 1037 1143 posse
1054 1080 1120 1122 cum

70 1180 72 1187 ·
154 1145 284 1208 'Caesare
299 1149 474 1226 comparari.
505 1145 583 1207 Vale.

129 1235 142 1285 1
222 1230 304 1292 Car.
323 1231 345 1290 l.
374 1231 461 1292 Omni
476 1228 568 1291 Gallia
584 1229 695 1290 devicta
717 1230 823 1292 Caesar
846 1248 913 1290 curn
933 1232 1122 1309 asuperiore

159 1319 270 1374 aestate
284 1313 534 1374 nullumbellandi
548 1320 667 1393 tempus
677 1315 886 1375 intermisisset
901 1313 1120 1391 militesquehi-

158 1396 321 1458 bcrnorum
343 1399 443 1474 quiete
463 1397 587 1458 reticere
608 1416 624 1458 a
645 1399 733 1458 tantis
752 1397 905 1458 laboribus
926 1396 1023 1467 vellet,
1041 1414 1121 1456 com-

158 1479 261 1559 plures
284 1480 388 1542 codem
413 1488 549 1561 tempore
576 1482 707 1542 civitates
732 1499 877 1542 renovare
902 1480 974 1541 belli
1000 1480 1121 1542 consilia

126 1571 143 1619 2
157 1563 371 1626 nuntiabantur
387 1566 666 1642 coniurationesque
681 1565 788 1626 facere.
812 1565 901 1627 Cuius
916 1566 962 1624 rei
976 1565 1120 1625 verisimi-

157 1647 194 1709 lis
210 1666 297 1709 causa
312 1648 511 1720 adserebatur,
528 1648 606 1727 quod
613 1647 703 1710 uallis
714 1648 850 1710 omnibus
866 1649 1015 1727 cognitum
1032 1655 1120 1729 esset,

158 1747 256 1809 neque
270 1731 329 1793 ulla
344 1732 532 1794 multitudine
542 1734 574 1793 in
585 1751 678 1794 unum
692 1731 791 1794 locum
804 1739 904 1794 coacta
919 1733 1018 1793 resisti
1032 1750 1122 1811 posse

88 1884 90 1893 ,
157 1815 314 1887 Romanis,
330 1835 402 1888 nec,
423 1819 448 1878 si
464 1817 578 1878 diversa
597 1816 675 1877 bella
691 1815 850 1896 conplures
866 1815 969 1877 eodem
986 1823 1122 1895 tempore

157 1899 327 1961 intulissent
347 1902 492 1971 civitates,
514 1902 585 1961 satis
606 1900 705 1961 auxilii
726 1907 776 1962 aut
797 1902 883 1980 spatii
904 1906 955 1960 aut
969 1901 1120 1979 copiarum

157 1981 781 2063 habiturumexercitumpopuliliomaniad
789 1986 888 2045 omnia
898 1983 1119 2064 persequenda,

126 2069 142 2121 3
156 2084 217 2126 non
233 2085 299 2128 esse
313 2074 413 2128 autem
428 2068 515 2128 alicui
530 2069 637 2128 civitati
653 2073 764 2129 sortem
778 2067 958 2129 incommodi
979 2086 1120 2129 recusan·
1173 2082 1174 2085 ’

158 2149 240 2218 dam,
262 2151 287 2210 si
308 2149 358 2210 tali
372 2169 455 2212 mora
475 2150 608 2228 reliquae
628 2159 798 2230 possentne
813 2152 963 2213 vindicare
983 2154 1014 2211 in
1029 2150 1119 2211 liber·

157 2239 257 2292 tatem.

128 2321 140 2371 1
220 2317 256 2376 ll.
294 2318 375 2389 Quae
395 2335 434 2378 ne
454 2319 553 2398 opinio
575 2317 728 2381 Gallorum
755 2319 995 2388 confirmaretur,
1015 2317 1121 2378 Caesar

157 2399 288 2461 Marcum
294 2402 454 2462 Antonium
467 2408 654 2479 quaestorem
666 2405 727 2464 suis
737 2404 880 2483 pracfecit
890 2401 1039 2469 hibernis;
1056 2402 1121 2480 ipse

158 2485 292 2559 equitum
305 2484 453 2564 praesidio
468 2485 564 2565 pridie
574 2485 637 2547 llal.
651 2487 800 2548 lanuarias
812 2485 848 2547 ab
864 2485 972 2566 oppido
984 2484 1121 2546 Bibracte

157 2567 355 2645 proficiscitur
377 2568 413 2628 ad
432 2568 579 2647 legionem
593 2590 673 2640 1111,
695 2586 783 2647 quarn
804 2588 864 2631 non
878 2569 968 2648 longo
982 2587 998 2630 a
1013 2568 1121 2629 finibus

39 2662 49 2678 ⁸
156 2649 326 2712 Aeduorum
342 2651 545 2714 conlocauerat
559 2654 590 2713 in
604 2653 712 2715 finibus
722 2655 897 2732 Biturigum,
915 2655 1002 2730 eique
1017 2652 1119 2712 adiun-

126 2734 200 2810 2git
220 2733 367 2813 legionem
385 2756 439 2805 xn,
463 2753 538 2814 quae
558 2739 694 2815 proxima
713 2739 820 2799 iuerat.
851 2738 932 2799 Binis
949 2735 1120 2798 cohortibus

157 2817 193 2879 ad
208 2819 417 2898 impedimenta
432 2820 542 2881 tuenda
556 2820 667 2882 relictis
682 2821 830 2898 reliquum
847 2821 1010 2881 exercitum
1024 2820 1055 2880 in
1071 2838 1120 2880 co·

157 2903 341 2980 piosissimos
363 2921 449 2981 agros
464 2905 631 2982 biturigum
651 2903 779 2976 inducit,
796 2905 855 2982 qui,
873 2923 940 2966 cum
956 2904 1033 2965 latos
1047 2904 1121 2964 fines

102 3043 105 3048 .
158 2992 188 3044 et
203 2986 356 3066 complura
371 2987 479 3067 oppida
491 2987 650 3058 baberent,
667 2991 756 3050 unius
770 2988 896 3066 legionis
911 2988 1045 3048 hibernis
1061 3004 1120 3046 non

156 3072 310 3146 potuerint
325 3073 484 3141 contineri,
507 3073 578 3148 quin
599 3070 871 3152 bellumpararent
886 3072 1119 3133 coniurationes-

159 3167 217 3228 que
231 3153 375 3215 iacerent.

129 3241 141 3291 1
221 3235 270 3296 ΙΙΙ.
302 3236 468 3317 Repentino
484 3238 611 3301 adventu
626 3239 759 3301 Caesaris
774 3240 888 3309 accidit,
906 3238 985 3317 quod
999 3240 1118 3318 inpara-

157 3319 194 3377 tis
210 3317 399 3398 disiectisque
414 3322 549 3385 accidere
570 3324 626 3384 fuit
640 3340 779 3394 neeesse,
800 3331 834 3385 ut
848 3325 913 3385 sine
934 3323 1041 3384 umore
1056 3321 1117 3382 ullo

156 3419 228 3463 rura
242 3402 374 3467 colentes
386 3407 470 3485 prius
476 3406 522 3467 ‘ab
535 3409 667 3485 equitatu
679 3408 928 3486 opprimerentur,
945 3423 1033 3484 quam
1049 3424 1118 3467 con·

109 3485 295 3561 erogarem
310 3490 419 3570 oppida
431 3498 567 3572 possent
594 3491 728 3570 Namque
744 3493 832 3552 etiam
846 3490 920 3554 illud
935 3490 1056 3570 vulgare
1071 3491 1118 3552 in·
