2356 3870
160 203 220 263 ιιι
261 173 265 178 ’
488 200 646 256 ιιιιιιο
663 199 802 257 onnon

158 366 223 426 fore
244 366 369 425 tutiores
389 363 588 433 arbitrantur,
615 366 787 443 repentmae
809 365 986 426 incursionis
1015 368 1123 426 timore

127 448 283 510 esublato.
316 449 389 509 Cum
404 447 514 509 bellum
530 449 629 508 civitas
651 457 702 509 aut
720 448 845 508 inlatum
866 448 997 509 defendit
1012 458 1062 509 aut
1076 453 1122 510 in·

158 535 226 602 fert,
248 534 451 611 magistratus,
469 535 519 608 qui
535 535 561 592 ei
576 532 654 592 bello
669 534 816 611 praesint,
844 539 878 592 nt
891 533 968 592 vitae
982 537 1123 611 necisque

126 617 286 678 ohabeant
300 624 488 696 potestatem,
506 616 686 694 deliguntur.
717 616 751 676 ln
765 635 839 694 pace
859 616 960 677 nullus
976 626 1022 677 est
1042 636 1122 678 com·

159 703 257 762 munis
272 702 470 779 magistratus,
485 700 536 761 sed
547 702 698 779 principes
708 704 864 778 regionum
876 709 965 777 atque
977 719 1122 779 pagorum

127 787 235 846 (linter
251 804 321 846 suos
343 788 389 845 ius
410 785 512 846 dicunt
535 787 811 862 controversiasque
833 786 980 845 minuunt.
1018 785 1120 845 Latro·

159 871 234 929 cinia
250 869 361 929 nnHam
377 869 487 929 habent
500 870 665 938 infamiam,
691 885 767 945 quae
783 877 866 928 extra
879 868 954 928 fines
977 872 1123 946 cuiusque

159 955 283 1014 civitatis
297 954 386 1022 liunt,
409 961 498 1030 atque
520 971 553 1013 ea
567 954 728 1012 iuventutis
744 952 926 1012 exercendae
941 971 975 1013 ac
990 952 1120 1013 desidiae

127 1041 142 1095 l
156 1037 335 1098 minuendae
350 1055 438 1097 causa
452 1037 517 1097 lieri
531 1036 710 1115 praedicant.
733 1037 828 1113 Atque
844 1035 895 1096 ubi
906 1039 974 1113 quis
989 1055 1025 1096 ex
1039 1040 1122 1115 prin-

159 1120 276 1199 cipibus
291 1123 322 1181 in
338 1120 462 1180 concilio
476 1121 565 1189 dixit,
588 1138 621 1180 se
636 1119 743 1179 ducem
758 1121 838 1188 fore,
856 1122 906 1197 qui
921 1122 1006 1198 sequi
1020 1120 1121 1191 velint,

158 1205 370 1283 profiteantur,
393 1211 578 1282 consurgunt
598 1206 633 1272 ii,
658 1204 709 1281 qui
731 1211 760 1262 et
781 1221 900 1264 causam
921 1211 950 1264 et
971 1199 1144 1264 hominem'

158 1288 301 1366 probant,
319 1304 467 1364 suumque
481 1288 623 1348 auxilium
639 1287 818 1366 pollicentur
834 1294 923 1364 atque
937 1287 974 1349 ab
989 1287 1123 1348 multitu·

128 1371 228 1432 adine
244 1370 475 1439 conlaudantur;
498 1375 549 1448 qui
574 1390 609 1431 ex
631 1371 676 1431 his
691 1372 786 1431 secuti
805 1389 866 1431 non
881 1381 959 1441 sunt,
975 1373 1007 1432 in
1021 1371 1122 1432 deser·

160 1462 260 1516 torum
281 1473 315 1516 ac
335 1455 523 1534 proditorum
544 1474 668 1516 numero
690 1455 854 1524 ducuntur,
872 1457 1063 1533 omniumque
1078 1455 1124 1515 his

128 1546 145 1598 9
161 1557 264 1601 rerum
278 1546 384 1618 postea
407 1538 480 1600 fides
501 1539 670 1617 derogatur.
708 1538 863 1617 Hospitem
878 1538 990 1601 violare
1004 1540 1048 1600 las
1063 1558 1123 1599 non

158 1631 279 1704 putant:
298 1626 349 1701 qui
364 1640 550 1700 quacumque
565 1623 601 1684 de
617 1642 704 1685 causa
720 1622 756 1684 ad
772 1640 823 1682 eos
838 1631 999 1693 venerunt,
1020 1622 1056 1684 ab
1078 1625 1123 1682 in·

158 1711 235 1769 iuria
255 1708 429 1786 prohibent,
453 1716 571 1768 sanctos
591 1707 715 1774 habent,
738 1705 843 1784 hisque
864 1710 998 1769 omnium
1018 1706 1124 1767 domus

159 1799 263 1872 patent
276 1795 430 1870 victusque
446 1793 688 1852 communicatur.

66 1891 69 1897 ·
130 1885 143 1936 l
223 1876 339 1938 Xllllll.
377 1878 417 1939 hc
437 1877 494 1937 fnit
515 1884 599 1935 antea
619 1884 751 1953 tempus,
775 1892 843 1936 curn
865 1875 1028 1937 Germanos
1049 1876 1123 1937 Galli

160 1963 268 2021 virtuto
281 1967 467 2039 superarent,
485 1958 563 2019 ultro
576 1958 652 2019 bella
663 1960 818 2028 inferrent,
835 1967 959 2039 propter
970 1958 1122 2020 hominum

161 2043 381 2105 multitudinem
391 2046 514 2121 agrique
525 2045 656 2121 inopiam
671 2041 896 2104 transRhenum
908 2042 1038 2104 colonias
1055 2046 1121 2103 mit·

130 2137 146 2185 2
162 2134 269 2188 terent.
301 2127 403 2205 ltaque
420 2145 469 2196 ca,
486 2144 562 2204 quae
577 2127 757 2188 fertilissima
773 2127 949 2188 Germaniae
964 2136 1042 2195 sunt,
1078 2160 1082 2169 ι
1098 2158 1131 2185 »ι

161 2213 274 2273 circum
285 2210 460 2291 Hercyniam
471 2211 583 2279 silvam,
601 2227 689 2287 quam
699 2209 888 2272 Eratostheni
902 2218 932 2271 et
946 2209 1048 2287 quibu
1077 2236 1112 2263 ·«
1148 2254 1153 2259 -

161 2295 281 2357 Graecis
296 2296 373 2355 fama
386 2304 486 2356 notam
502 2313 567 2354 esse
582 2295 676 2364 video,
693 2311 780 2372 qnam
795 2293 838 2354 illi
850 2293 1006 2374 Orcyniam
1022 2294 1123 2374 appel·

160 2378 232 2448 lant,
243 2377 348 2440 Volcae
356 2377 1123 2458 Tectosagesoccupaveruntatqueibiconsedernnt3

129 2471 145 2521 3
160 2480 235 2540 quae
241 2481 314 2541 gens
327 2462 362 2523 ad
369 2462 426 2524 hoc
436 2471 554 2542 tempus
565 2463 611 2525 his
621 2462 814 2524 sedibussese
821 2464 952 2523 continet
963 2480 1124 2522 summam·

130 2556 146 2605 t
162 2565 220 2625 que
232 2546 320 2608 habet
330 2548 459 2608 iustitiae
472 2554 500 2607 ot
510 2547 633 2608 bellicae
647 2548 743 2608 laudis
755 2548 932 2626 opinionem.
952 2546 1124 2623 Nuncquod

161 2634 190 2691 in
204 2631 306 2692 eadem
317 2633 425 2711 inopia,
439 2639 568 2708 egestate
580 2635 779 2711 patientiaque
787 2631 927 2693 Germani
936 2638 1123 2709 permanent,

129 2723 145 2773 ιι
161 2716 265 2776 eodem
279 2717 358 2776 victu
379 2723 408 2776 et
429 2715 510 2776 cultu
526 2718 661 2795 corporis
676 2724 815 2784 utuntur,
831 2713 922 2776 Gallis
938 2720 1038 2776 autern
1051 2732 1123 2794 pro-

161 2802 324 2861 vinciarum
343 2802 548 2898 propinquitas
570 2807 599 2860 et
618 2800 882 2861 transmarinarum
901 2816 1005 2859 rerum
1020 2799 1123 2859 notitia

130 2891 147 2940 6
161 2883 253 2944 multa
268 2885 304 2944 ad
320 2887 434 2963 copiam
450 2891 538 2961 atque
558 2903 630 2944 usus
649 2884 787 2962 largitur,
803 2882 946 2961 paulatim
961 2882 1125 2944 adsuefacti

162 2971 298 3046 superari
312 2968 474 3044 multisque
489 2969 558 3028 victi
572 2968 710 3047 procliis,
731 2985 769 3028 ne
790 2985 823 3027 se
844 2966 991 3044 quidem
984 2968 1041 3045 rpsi
1055 2983 1125 3027 cum

162 3051 221 3111 illis
237 3053 344 3112 virtute
360 3062 541 3131 comparant.

130 3146 144 3197 1
223 3134 309 3195 XXV
340 3134 434 3195 Huius
446 3136 608 3216 Hercyniae
620 3136 717 3204 silvae,
735 3153 811 3213 quae
822 3154 912 3215 supra
924 3135 1124 3197 demonstrata

164 3227 217 3287 est,
234 3218 358 3278 latitudo
373 3237 479 3280 novem
494 3220 612 3281 dierum
626 3222 683 3280 iter
699 3219 835 3298 expedito
850 3227 947 3299 patet;
969 3237 1029 3280 non
1045 3221 1124 3279 enim

163 3302 248 3362 aliter
270 3302 348 3362 finiri
369 3310 481 3381 potest,
508 3321 605 3381 neque
625 3322 782 3365 mensuras
804 3306 946 3366 itinerum
966 3311 1115 3365 noverunt

132 3396 147 3444 2
163 3386 265 3448 Oritur
280 3385 316 3446 ab
332 3385 532 3449 Helvetiorum
549 3388 739 3449 etNemetum
755 3395 785 3449 et
798 3388 1003 3451 Rauracorum
1017 3385 1126 3448 linibus

160 3480 305 3548 rectaque
319 3470 449 3534 fluminis
464 3471 587 3532 Danuvii
602 3474 723 3550 regione
744 3475 873 3554 pertinet
887 3474 923 3535 ad
944 3474 1016 3535 lines
1032 3473 1125 3534 Daco-
