2354 3864
403 242 501 297 LIBRI
515 242 563 297 DE
580 242 774 300 ANALOGIA.
1007 239 1068 304 12?

103 398 201 472 ipsum
222 415 285 455 rem
307 397 554 472 valentissimam,
571 398 687 456 nullum
708 417 816 459 nomen
838 398 953 459 duabus
975 401 1067 460 mutis

104 486 264 545 terminari.
311 484 371 559 (Os.
398 485 545 559 Eeeerpta
576 504 610 544 erc
638 485 745 546 Cornea
777 491 810 547 irc
835 488 943 548 Doaot.
990 490 1067 549 Kett.

103 577 140 633 ib.
158 592 190 647 p.
207 573 292 646 326.)
308 605 349 614 -
367 591 400 647 p.
417 575 489 633 108.
503 575 540 631 L.
559 573 647 645 (Keil.
669 577 706 634 ib.
724 594 756 649 p.
774 576 861 649 144.)
896 574 976 636 Albo
998 578 1066 636 civi-

104 666 165 720 tas:
187 662 238 719 alii
261 662 362 719 dicunt
384 660 532 729 Albanas,
560 663 612 720 alii
634 661 777 722 Albeasts.
800 695 842 706 -
871 663 1065 740 011111111-

104 752 171 808 dem
206 751 238 807 in
274 751 358 810 libris
395 751 556 825 analogicis
587 751 683 809 voluit
718 752 815 811 dicare
851 752 1065 812 discretionem.

102 838 156 896 Ait
178 839 220 897 sic
243 835 352 896 Caesar
378 839 409 896 in
437 839 521 897 libris
548 841 715 914 analogiae:
760 841 848 898 Daue
874 845 942 899 arnt
962 840 1068 909 Albae,

103 928 164 985 atio
186 930 256 993 isto,
279 944 367 999 qoam
384 929 516 986 novimas
538 929 570 986 ia
586 926 704 995 Aricia,
729 930 833 987 etalio
852 929 898 987 bic
914 931 947 987 ira
963 930 1065 989 Italia.

109 1016 238 1074 Voleates
260 1014 388 1074 Romani
410 1017 605 1074 discretionem
627 1017 723 1089 soem
744 1019 814 1075 istos
834 1015 966 1076 Albanos
989 1019 1066 1076 diee-

103 1108 185 1169 rerrtt,
212 1103 278 1161 illos
304 1102 451 1163 Albenses.
501 1103 569 1162 Non
596 1105 735 1180 quoniam
767 1105 944 1177 nescientes,
976 1124 1065 1164 unam

103 1192 317 1250 derivationem
340 1210 417 1264 esse,
444 1193 499 1251 hoe
521 1192 667 1266 fecerunt,
696 1191 804 1252 Caesar
826 1193 881 1251 hoe
903 1193 989 1266 dixit,
1014 1195 1064 1253 sed

102 1283 137 1337 ut
150 1280 281 1338 facerent
294 1280 500 1339 discretionem
512 1281 591 1339 inter
604 1281 735 1355 colonos,
757 1282 836 1340 inter
857 1282 924 1340 illos
939 1284 969 1340 et
982 1282 1065 1343 istos.
1171 1341 1173 1344 .

150 1386 153 1395 ·
168 1368 399 1426 Praeradiat.
415 1367 547 1428 Gramen.
556 1387 589 1442 p.
605 1371 678 1429 545.
691 1369 724 1427 P.
733 1387 766 1442 p.
784 1371 833 1428 20.
847 1369 902 1427 Kr.
918 1368 1006 1440 (Keil.
1016 1371 1066 1431 ΙΙ.

102 1474 130 1528 p.
140 1457 202 1529 14.)
214 1487 253 1495 -
265 1456 406 1530 Pompetit
415 1476 532 1532 quoque
542 1458 714 1532 genetivum
726 1477 780 1533 per
794 1458 851 1516 tria
864 1460 876 1516 i
889 1459 1065 1531 scribebant,

104 1562 230 1618 quorum
244 1545 301 1601 duo
312 1546 464 1618 superiora
476 1546 540 1604 loco
550 1546 773 1603 consonantium
786 1546 977 1619 accipiebant,
991 1551 1027 1605 ut
1040 1548 1065 1605 si

103 1632 183 1689 dieas
196 1632 351 1704 Pompeltt:
373 1650 443 1689 nam
465 1633 561 1691 tribus
577 1633 709 1691 e'iunotis
724 1633 820 1708 qualis
842 1634 937 1706 possit
951 1635 1065 1710 syllaba

103 1717 309 1792 pronuntiarit
335 1715 417 1792 [narn
434 1722 617 1794 postremum
638 1720 650 1777 i
672 1739 725 1794 pro
738 1721 832 1779 vocali
856 1723 901 1778 est
923 1722 1064 1796 accipian·
1089 1793 1092 1801 Ι

104 1803 187 1881 dum]
221 1806 300 1881 quod
327 1805 446 1866 Caesari
472 1807 641 1866 doctissimo
668 1809 741 1866 artis
766 1809 977 1882 grammaticae
1004 1810 1066 1883 pla-

104 1896 195 1952 citum
217 1912 236 1951 a
257 1893 377 1953 Victore
404 1895 580 1971 quoque'in
603 1898 667 1955 arte
695 1896 890 1970 grammatica
912 1897 949 1955 de
978 1898 1063 1973 sylla-

103 1984 148 2042 bis
172 1985 386 2057 comprobatur.

168 2071 282 2130 Probas
303 2073 377 2130 Iast.
392 2070 458 2131 Art.
474 2074 524 2133 28.
542 2090 575 2147 p.
597 2072 719 2133 15111.
743 2072 832 2145 (Kett.
854 2073 923 2132 III.
940 2091 973 2147 p.
998 2073 1064 2147 50.)

103 2190 144 2199 -
169 2178 236 2218 cum
260 2178 360 2219 omnes
383 2162 456 2219 artis
479 2161 605 2234 latores,
625 2162 841 2237 praecipueque
855 2159 976 2235 Caesar,
999 2180 1064 2237 pro·
1133 2177 1142 2193 ·

101 2250 168 2323 pter
189 2249 335 2306 rationem
356 2250 510 2308 metricam
533 2252 563 2308 et
586 2252 801 2309 structurarum
824 2250 983 2325 qualitates
1007 2251 1064 2309 sin-

103 2338 240 2410 gularum
262 2337 430 2396 litterarum
457 2355 544 2396 sonos
566 2337 775 2412 ponderarent,
805 2339 861 2395 hac
883 2338 998 2397 ratione
1021 2357 1064 2397 se-

102 2425 259 2483 mivocales
283 2427 374 2484 mutis
396 2425 604 2500 praeferendas
626 2425 845 2498 iudicaverrmt,
872 2426 951 2500 quod
979 2427 1064 2485 semi-

101 2513 217 2571 vocales
245 2515 412 2586 geminatae
438 2515 476 2571 ad
499 2532 604 2572 sonum
626 2514 776 2573 vocalibus
805 2515 976 2586 occurrunt,
1008 2513 1063 2572 hoc

103 2605 161 2672 est,
184 2603 219 2658 ut
241 2602 387 2674 syllabam
400 2602 497 2660 iacere
519 2602 642 2676 possint,
664 2603 794 2676 utputa
816 2603 866 2672 rto,
890 2619 950 2669 ors,
972 2618 1064 2668 moras,

101 2691 180 2746 triers
203 2691 233 2746 et
255 2692 353 2747 cetera
375 2691 461 2763 talia3
484 2694 598 2748 atvero
612 2692 713 2756 mutae
735 2690 912 2765 geminatae,
936 2690 962 2748 si
979 2707 1063 2748 voea-

101 2777 179 2834 libus
203 2781 369 2851 occurrant,
392 2795 446 2836 nee
469 2777 614 2853 syllabam
636 2796 690 2836 nea
703 2795 809 2836 sonum
832 2777 944 2834 scilicet
966 2777 1063 2834 faeere

101 2864 224 2939 possint.
266 2862 337 2932 Quis
361 2866 440 2923 enim
462 2867 487 2932 b,
511 2883 534 2933 e,
557 2867 586 2932 d,
609 2866 636 2932 lc,
659 2883 686 2938 q,
709 2870 728 2933 t,
749 2882 769 2938 p
792 2864 958 2939 geminatas
979 2882 1064 2923 voca«
1155 2884 1161 2889 ·

101 2954 179 3011 libus
201 2952 325 3010 misceat
347 2955 377 3012 et
400 2971 504 3012 sonum
527 2954 659 3029 syllabae
680 2955 780 3027 potest
802 2950 925 3010 audire?

465 3066 544 3101 marm
562 3065 700 3102 SECUNDUS.

169 3125 282 3184 Ultoris.
296 3124 362 3184 Art.
378 3122 509 3184 Graiam.
523 3125 551 3183 I.
561 3142 593 3197 p.
611 3125 682 3183 104.
695 3124 729 3182 P.
746 3141 780 3198 p.
796 3125 846 3184 74.
869 3123 907 3182 L.
931 3121 1020 3195 (Keil.
1034 3125 1062 3183 I.

96 3233 128 3288 p.
154 3215 240 3288 130.)
277 3245 317 3255 -
333 3215 417 3287 fopos
432 3210 462 3271 O.
478 3211 587 3272 Caesar
600 3213 637 3271 da
655 3213 793 3288 analogia
807 3212 947 3271 secundo:
969 3214 1062 3286 fagos,

96 3303 228 3377 populos,
250 3303 351 3362 almos.
367 3333 407 3342 -
422 3303 459 3360 ib.
468 3320 501 3375 p.
519 3303 589 3361 109.
599 3301 632 3358 P.
641 3318 674 3375 p.
686 3304 736 3361 78.
746 3301 783 3359 L.
798 3299 1061 3374 (1111111135.)

99 3390 196 3450 Lacer
210 3409 248 3448 an
262 3392 384 3450 loceris?
406 3393 440 3449 ut
454 3395 540 3457 terror,
558 3407 643 3464 puer.
671 3387 819 3464 Ultimum
829 3389 912 3477 ⁴onim
930 3390 1063 3451 vocalem

100 3479 127 3539 si
140 3479 287 3538 ablativus
301 3478 441 3552 amiserit,
456 3479 538 3538 dabit
552 3479 636 3552 scire,
659 3478 755 3553 qualis
770 3496 835 3538 esse
849 3478 956 3543 debeat
968 3477 1061 3534 nomi·

98 3568 226 3627 nativus.
250 3564 384 3626 Ovidius:
406 3566 492 3626 Mille
505 3567 582 3626 lacer
595 3583 731 3641 spargam
744 3567 820 3627 loeis.
850 3563 996 3632 Quodila
1005 3564 1069 3619 dial
