2356 3870
167 241 211 306 48
491 246 540 303 bu
561 246 675 302 BELLO
698 246 807 302 civlul

171 413 271 474 dratas
285 410 403 490 regulas
418 424 472 472 1111
486 414 616 492 patentis
630 412 740 490 digitos
754 412 899 490 defigunt,
916 430 992 493 quae
1005 409 1129 483 lateres,

143 499 224 576 cqui
244 515 335 576 snper
352 497 485 557 musculo
506 503 673 566 struantur,
699 498 880 557 contineant
922 496 964 557 lta
989 497 1129 574 fastigato

172 591 259 660 atque
274 581 433 641 ordinatim
455 581 663 655 structorem,
685 586 718 640 ut
738 579 839 641 trabes
860 589 947 641 erant
971 582 1004 641 in
1022 598 1129 661 capre·
1163 631 1165 637 .

171 665 228 724 olis
249 664 421 733 collocatae,
447 663 592 725 lateribus
610 664 731 744 lutoque
752 665 918 735 musculus,
939 671 973 724 ut
994 663 1031 725 ab
1054 665 1129 742 igni,

145 750 226 828 cqui
250 766 286 808 ex
306 765 392 808 muro
417 750 582 817 iaceretur,
607 755 689 809 tutus
709 756 802 818 esset,
820 750 995 827 contegitur.
1031 745 1130 827 Super

171 832 281 893 lateres
300 833 381 892 coria
400 832 597 901 inducuntur,
619 849 657 891 ne
671 830 825 893 canalibus
846 851 921 912 aqua
942 833 1068 893 inmissa
1086 831 1129 891 la·

172 924 252 977 teres
262 916 376 977 diluere
387 922 497 993 posset
521 916 608 976 Coria
617 922 725 985 autem,
736 934 776 976 ne
784 933 889 976 rursus
899 916 960 994 igni
973 934 1007 976 ac
1020 914 1131 994 lapidi·

145 997 230 1060 abus
253 1006 495 1078 corrumpantur,
522 997 698 1060 centonibus
721 1006 927 1077 conteguntur.
968 999 1032 1060 Hoc
1055 1016 1130 1080 opus

172 1101 259 1143 omne
273 1089 386 1144 tectum
400 1085 496 1143 vineis
511 1082 546 1143 ad
563 1085 658 1162 ipsam
673 1085 782 1143 turrim
797 1085 956 1163 perficiunt
969 1082 1128 1164 subitoque

172 1166 396 1246 inopinantibus
405 1166 541 1228 hostibus
547 1167 765 1228 machinatione
776 1167 881 1238 navali,
889 1167 1044 1247 phalangia
1057 1166 1129 1229 sub·

171 1253 267 1320 lectis,
285 1251 320 1311 ad
338 1253 447 1311 turrim
461 1251 591 1312 hostium
603 1250 769 1321 admovent,
781 1258 814 1312 ut
825 1252 960 1312 aedificio
976 1253 1128 1328 iungatur.

150 1343 164 1391 r
240 1334 292 1394 XI.
322 1333 385 1405 Quo
400 1334 477 1395 malo
496 1336 649 1413 perterriti
665 1334 764 1395 subito
779 1336 920 1415 oppidani
934 1353 1019 1404 saxa,
1041 1352 1129 1414 quam

174 1418 301 1478 maxima
329 1425 466 1497 possunt,
502 1417 637 1478 vectibus
670 1426 845 1497 promovent
874 1421 1130 1499 praecipitataque

172 1518 258 1562 muro
277 1503 309 1561 in
330 1501 496 1563 musculum
516 1501 683 1563 devolvunt.
724 1502 818 1563 letum
838 1504 963 1564 firmitas
987 1505 1130 1564 materiae

173 1587 366 1655 sustinetset
387 1586 532 1665 quidquid
553 1586 673 1655 incidit,
701 1587 817 1664 lastigie
838 1586 964 1648 musculi
990 1584 1130 1647 elabitur.
1167 1598 1169 1602 ’

145 1668 207 1730 ald
221 1669 274 1730 ubi
289 1670 399 1739 vident,
415 1677 530 1730 mumnt
544 1670 715 1730 consilium:
738 1688 828 1749 cupas
848 1671 933 1731 taeda
949 1687 983 1730 ac
999 1671 1068 1748 pice
1081 1688 1130 1730 re·

173 1754 266 1814 fortas
281 1754 445 1814 incendunt
459 1772 568 1833 easque
583 1754 620 1814 de
635 1771 721 1815 muro
736 1756 767 1814 in
782 1754 946 1814 musculum
962 1754 1129 1815 devolvunt

172 1837 321 1898 Involutae
337 1837 492 1908 labuntur,
515 1837 652 1916 delapsae
668 1857 684 1898 a
698 1836 843 1897 lateribus
863 1836 1008 1915 longuriis
1022 1838 1130 1899 furcis·

147 1929 232 2000 aque
248 1921 285 1982 ab
300 1939 390 2000 opere
411 1927 610 1982 remorentur.
644 1921 765 1981 Interim
788 1920 843 1980 sub
864 1921 999 1982 musculo
1019 1921 1131 1983 milites

174 2003 307 2065 vectibus
325 2007 426 2065 intima
446 2023 516 2066 saxa
531 2007 623 2065 turris
644 2004 788 2074 hostium,
810 2004 919 2085 quibus
937 2004 1130 2066 fundamenta

173 2087 418 2158 continebantur,
445 2086 623 2148 convellunt.
663 2087 813 2149 Masculus
834 2108 870 2150 er
896 2092 973 2150 turri
997 2089 1131 2151 latericia

162 2189 190 2230 >a
205 2171 315 2231 nostris
335 2171 404 2232 tells
424 2174 638 2251 tormentisque
661 2171 845 2244 defenditur;
865 2173 966 2234 hostes
987 2190 1023 2232 ex
1045 2191 1131 2234 muro

174 2272 207 2314 ac
228 2252 364 2314 turribus
382 2254 610 2326 submoventur;
625 2275 685 2317 non
707 2257 793 2317 datur
813 2255 907 2317 libera
927 2259 1006 2317 muri
1027 2257 1129 2318 deien-

147 2337 265 2398 4dendi
283 2338 419 2398 facultas.
455 2337 665 2418 Compluribus
683 2341 743 2401 iam
764 2340 913 2420 lapidibus
932 2359 968 2400 ex
984 2359 1034 2411 ea,
1055 2359 1131 2420 quae

173 2420 309 2491 suberat,
331 2424 409 2482 turri
424 2422 578 2483 subductis
595 2425 752 2504 repentina
766 2425 853 2486 ruina
874 2441 945 2502 pars
959 2426 1024 2484 eius
1037 2425 1132 2485 turris

173 2506 312 2575 concidit,
328 2524 399 2584 pars
412 2507 527 2584 reliqua
543 2525 727 2586 consequens
741 2506 972 2587 procumbebat,
995 2524 1063 2567 cum
1077 2507 1131 2568 bo·

173 2595 233 2649 stes
253 2588 337 2650 urbis
357 2590 524 2669 direptione
551 2594 706 2668 perterriti
731 2594 863 2653 inermes
883 2609 951 2651 cum
974 2591 1079 2652 iniulis
1099 2608 1131 2653 se

173 2679 258 2750 porta
273 2672 351 2733 foras
365 2675 499 2734 universi
517 2677 703 2754 proripiunt,
725 2674 762 2736 ad
781 2676 895 2754 legatos
910 2682 998 2755 atque
1015 2677 1132 2737 exerci-

174 2764 239 2818 tum
254 2757 404 2836 supplices
416 2775 521 2818 manus
534 2758 670 2820 tendunt.

149 2846 163 2896 t
237 2840 301 2900 Xll.
336 2840 398 2911 Qua
418 2860 492 2903 nova
518 2860 551 2902 re
572 2842 670 2905 oblata
691 2845 788 2904 omnis
813 2845 1032 2905 administratio
1059 2839 1131 2905 belli

174 2926 310 2985 consistit
323 2925 493 3005 militesque
508 2929 603 2987 aversi
625 2946 642 2988 a
662 2928 776 3007 proelio
792 2928 828 2988 ad
843 2928 975 2989 studium
990 2927 1132 2989 audiendi

146 3014 205 3067 aet
224 3009 422 3085 cognoscendi
445 3011 593 3071 feruntur.
622 3011 682 3072 Ubi
707 3012 809 3073 hostes
828 3011 863 3074 ad
884 3012 998 3090 legatos
1017 3013 1131 3072 exerci-

173 3099 295 3170 tumque
321 3102 537 3170 pervenerunt,
566 3096 698 3156 universi
724 3113 756 3155 se
782 3095 819 3156 ad
843 3096 936 3174 pedes
964 3098 1131 3175 proiciunt;

146 3180 273 3244 corant,
300 3185 333 3235 ut
359 3177 501 3238 adrentus
521 3177 655 3239 Caesaris
676 3186 858 3258 expectetur.
901 3179 1021 3258 Captam
1048 3197 1133 3241 suam

173 3256 280 3319 urbem
299 3260 416 3332 videre;
438 3280 528 3340 opera
547 3264 695 3342 perlecta,
717 3266 825 3323 turrim
839 3262 1009 3325 subrutam:
1030 3265 1132 3343 itaque

172 3340 210 3402 ab
232 3343 404 3405 defensione
424 3346 580 3406 desistere.
620 3345 736 3408 Nullam
755 3348 867 3408 exoriri
891 3366 1006 3409 moram
1031 3365 1120 3427 posse

172 3444 230 3505 quc
251 3429 366 3498 minus,
389 3445 457 3489 cum
477 3431 621 3500 venisset,
647 3431 672 3490 si
693 3433 836 3510 imperata
857 3449 916 3493 non
938 3433 1073 3493 lacerent
1095 3392 1133 3491 ad

135 3515 280 3584 tantam,
298 3530 316 3575 a
333 3513 458 3595 vestigio
473 3514 689 3602 diriperentur.
716 3514 841 3587 bocent,
858 3517 889 3577 si
901 3517 1023 3577 omnino
1037 3516 1132 3578 turris
