2356 3870
232 232 346 290 COMM.
360 234 410 290 111.
436 233 513 289 cAP.
527 233 852 291 cxxxvi-mm.
962 229 1019 294 11]

61 399 224 478 Pompeius
239 399 437 461 existimabat.
463 399 604 478 Reliquas
618 401 698 460 inter
710 402 803 461 aciem
816 401 945 462 mediam
957 419 1022 461 eor·

62 502 181 561 nuaque
203 485 395 543 interiecerat
413 501 595 562 numeroque
617 484 754 544 cohortes
774 495 819 544 cx
842 485 1021 564 expleverat.

62 567 143 628 llaec
159 573 245 628 erant
259 568 343 628 milia
357 580 437 637 xnv,
458 574 647 628 evocatorum
665 553 788 628 circiter
803 568 870 639 duo,
893 588 968 649 quae
984 576 1047 630 exc

62 650 265 712 beneficiariis
275 652 465 730 superiorum
477 653 663 711 exercituum
674 652 710 712 ad
726 670 793 712 oum
806 661 1021 724 convenerant;

62 754 138 814 qnae
147 742 214 811 ,tota
222 752 285 795 acre
293 735 487 814 disperserat
509 734 649 813 Reliquas
664 736 858 796 cohortisvn
872 739 1023 798 incastris

61 821 300 918 propinquisque
320 819 449 880 castellis
468 819 618 897 praesidio
642 819 841 898 disposuerat.
878 820 1048 881 Dextrums

62 921 157 963 cornu
172 905 239 963 eius
253 905 336 963 rivus
334 902 473 992 quidam
488 902 641 982 impeditis
655 905 732 981 ripis
746 901 917 974 muniebat;
934 923 1022 984 qnam

62 987 101 1048 ob
117 1004 236 1048 causam
252 976 391 1047 cunctum
406 988 584 1065 equitatum,
608 988 777 1064 sagittarios
797 950 1021 1069 funditoresque
1075 1014 1078 1022 ,

61 1089 165 1132 omnes
180 1072 303 1131 sinistro
318 1089 411 1131 cornu
426 1069 587 1131 obiecerat.

125 1153 318 1216 LXXXVllll.
359 1155 468 1216 Caesar
488 1156 627 1233 superius
646 1157 815 1216 institutum
844 1174 965 1217 servans
985 1166 1047 1218 x.1

60 1240 210 1317 legionem
224 1241 256 1298 in
272 1239 376 1299 dextro
391 1257 493 1308 cornu,
509 1256 619 1299 nonam
633 1240 666 1299 in
681 1241 804 1300 sinistro
817 1240 1020 1312 collocaverat,

60 1324 180 1384 tametsi
196 1329 262 1383 erat
275 1321 490 1402 Dyrrhachinis
504 1323 629 1403 proeliis
644 1323 837 1385 vehementer
853 1325 1020 1395 adtenuata,

61 1415 92 1468 et
105 1407 177 1467 huic
192 1408 235 1467 sic
251 1407 387 1467 adiunxit
401 1414 549 1476 octavam,
570 1414 603 1466 ut
623 1424 718 1487 paene
738 1425 829 1468 unam
849 1426 886 1470 cx
907 1408 1023 1470 duabus

60 1493 208 1560 efficeret,
239 1497 327 1570 atque
352 1492 475 1552 alteram
499 1491 586 1551 alteri
611 1491 762 1569 praesidio
788 1511 853 1553 esse
881 1494 1020 1554 iusserat.

60 1575 204 1637 Cohortes
219 1576 251 1634 in
267 1578 330 1635 acie
345 1588 442 1639 cxxx
456 1577 632 1635 constitutas
649 1574 792 1645 habebat,
815 1595 890 1656 quae
905 1586 1048 1637 summat

61 1668 126 1720 erat
147 1658 263 1719 milium
283 1672 377 1729 xxm
399 1659 537 1719 cohortes
556 1658 630 1718 duas
651 1661 756 1719 castris
777 1660 928 1738 praesidio
949 1660 1020 1720 reli·

60 1750 177 1823 querat.
204 1743 332 1803 Sinistro
347 1761 440 1804 cornu
451 1742 621 1812 Antonium,
634 1743 738 1802 dextro
747 1742 780 1803 P.
789 1743 909 1813 Sullam,
921 1744 1046 1804 mediae

60 1831 124 1889 acie
141 1827 194 1889 Gn.
207 1826 369 1887 Domitium
383 1833 607 1906 praeposuerat.
643 1826 711 1905 lpse
727 1835 830 1888 contra
844 1826 1021 1907 Pompeium

59 1913 207 1973 constitit.
237 1910 332 1970 Simul
346 1911 394 1971 his
408 1908 500 1971 rebus
514 1910 735 1980 animadversis,
748 1929 821 1990 quas
836 1911 1049 1972 demonstra-4

59 1998 166 2064 vimus,
183 1997 301 2064 timens,
322 2013 360 2055 ne
376 2014 392 2055 a
407 1995 597 2055 multitudine
618 1997 753 2074 equitum
773 1995 910 2056 dextrum
928 2013 1021 2056 cornu

59 2081 344 2148 circumveniretur,
368 2079 508 2138 celeriter
524 2097 560 2139 ex
579 2081 670 2138 tertia
690 2081 754 2139 acie
769 2079 900 2158 singulas
915 2079 1020 2140 cohor·

58 2175 105 2225 tes
128 2163 260 2223 detraxit
280 2170 368 2242 atque
384 2181 421 2223 ex
441 2162 489 2222 bis
510 2170 644 2241 quartam
665 2165 797 2223 instituit
817 2165 1021 2243 equitatuique

59 2248 202 2327 opposuit
215 2254 253 2317 et,
266 2247 339 2326 quid
354 2248 420 2307 lieri
432 2246 528 2316 vellet,
545 2247 675 2307 ostendit
684 2249 868 2325 monuitque,
881 2250 946 2307 eius
961 2248 1021 2308 diei

58 2333 214 2392 victoriam
238 2334 270 2390 in
292 2349 394 2390 earum
414 2330 581 2390 cohortium
607 2331 715 2392 virtute
736 2338 883 2393 constare.
924 2330 1047 2392 Simulo

59 2417 167 2476 tertiae
184 2416 260 2474 aciei
280 2417 395 2493 totique
417 2416 563 2473 exercitui
580 2416 753 2492 imperavit,
775 2432 813 2474 ne
833 2417 952 2475 iniussu
967 2433 1021 2475 suo

58 2508 270 2560 concurreret.
306 2517 354 2568 se,
376 2515 444 2558 cum
459 2497 491 2558 id
506 2498 571 2557 lieri
587 2498 691 2566 vellet,
713 2497 820 2558 vexillo
835 2500 953 2576 signum
969 2499 1020 2559 da·

58 2595 170 2645 turum.

123 2666 268 2730 Lxxxx.
302 2666 474 2726 Exercitum
495 2683 564 2726 cum
582 2666 706 2726 militari
726 2684 809 2726 more
831 2666 868 2726 ad
889 2675 1046 2745 pugnaml

59 2752 266 2812 cohortaretur
287 2768 406 2851 'suaque
431 2753 463 2810 in
489 2768 556 2810 eum
586 2752 724 2829 perpetui
752 2752 940 2829 temporiso
923 2751 1022 2811 ollicia

59 2835 263 2915 praedicaret,
285 2836 424 2914 inprimis
439 2837 696 2905 commemoravit,
719 2833 849 2894 testibus
864 2850 896 2894 se
918 2833 1020 2893 militi·

60 2921 119 2981 bus
138 2921 183 2980 uti
201 2937 305 2999 posse,
332 2925 442 2997 quanto
463 2917 562 2978 studio
581 2934 686 2996 pacem
707 2919 846 2996 petisset,
868 2934 943 2996 quae
966 2935 1022 2996 per

58 3005 232 3064 Vatinium
224 3023 256 3064 1n
271 3002 437 3081 colloquiis,
454 3020 529 3081 quae
544 3019 599 3080 per
610 3001 717 3062 Aulum
724 3000 858 3061 Clodium
872 3017 939 3060 cum
956 3000 1020 3061 Sci·

59 3080 151 3167 plone
166 3091 290 3165 egisset,
312 3086 421 3166 quibus
440 3085 539 3146 modis
559 3085 595 3146 ad
618 3085 739 3146 Oricum
761 3103 829 3145 cum
848 3083 961 3145 Libone
983 3085 1021 3145 dc·

60 3173 217 3233 mittendis
235 3172 342 3248 legatis
362 3170 573 3231 contendisset
609 3169 711 3248 Neque
729 3187 761 3229 se
782 3186 922 3248 umquam
937 3167 1047 3230 abutia

59 3257 189 3318 militurn
203 3257 349 3333 sanguine
370 3272 467 3334 neque
488 3252 703 3333 rempublicam
724 3254 868 3314 alterutro
887 3255 1021 3313 exercitu

59 3343 179 3418 privare
195 3340 332 3400 voluisse.
370 3339 431 3400 Hac
452 3337 553 3400 habita
569 3340 703 3401 oratione
719 3336 948 3418 exposcentibus
963 3339 1047 3397 mid

59 3424 165 3486 litibus
180 3434 210 3484 et
225 3424 321 3485 studio
336 3441 454 3503 pugnae
472 3421 648 3483 ardentibus
663 3421 735 3483 tuba
751 3425 870 3502 signum
885 3421 980 3480 dedit.

122 3507 278 3570 lxxxxi.
312 3504 384 3568 Erat
407 3507 561 3570 Crastinus
581 3515 726 3572 evocatus
745 3509 784 3572 in
804 3506 951 3570 exerens
962 3503 1076 3562 uae-x
