2356 3870
160 197 205 262 44
291 268 298 279 ,
483 201 532 257 nn
553 200 667 258 cunco
691 200 800 257 orvn1

163 369 242 428 ultro
256 367 346 428 illatis
361 367 547 427 detrimentis
562 384 627 436 eos,
650 369 700 445 qni
717 368 905 446 eruptionem
924 366 1069 439 fecerant,
1089 369 1122 429 in

72 448 74 452 ’
164 452 306 532 oppidum
320 450 495 512 reiciebant.

135 545 154 593 v1
232 534 283 596 lll.
311 536 434 595 luterim
454 534 488 594 L.
504 533 643 596 Nasidius
663 533 700 594 ah
721 535 773 596 Cu.
789 535 929 614 Pompeio
945 554 1013 604 cum
1027 536 1125 598 classo

165 622 285 680 navium
299 631 371 687 xv1,
387 622 419 678 iu
435 618 543 697 quibus
564 634 674 697 paucae
690 626 776 679 erant
791 626 921 689 aeratae,
945 619 977 680 L.
994 620 1125 681 Domitio

165 702 460 781 Massiliensibusque
482 701 616 763 subsidio
642 704 751 763 missus
774 703 852 762 lreto
872 703 991 765 Siciliae
1017 705 1124 783 inpru-

140 787 255 847 adente
276 792 364 866 atque
386 788 560 866 inopinante
580 785 708 846 Curione
734 787 908 865 pervehitur
933 787 1124 866 adpulsisque

166 871 329 931 Messanam
344 870 470 931 navibus
484 877 573 949 atque
596 869 665 929 inde
686 876 809 948 propter
823 873 1011 949 repentinum
1026 878 1124 931 terro·

165 973 229 1014 rem
244 957 415 1034 principum
432 972 466 1015 ac
481 959 602 1014 senatus
618 953 688 1030 luga
708 954 787 1014 lacta
802 974 837 1014 ex
852 953 1006 1015 navalibus
1020 972 1124 1016 eorum

137 1046 254 1098 tunam
274 1037 404 1098 deducit.
438 1037 500 1098 Hac
520 1037 658 1098 adiuncta
678 1037 714 1097 ad
740 1036 871 1116 reliquas
890 1055 980 1099 naves
1002 1055 1125 1098 cursum

165 1121 326 1182 Massiliam
342 1139 445 1181 versus
459 1122 577 1200 perlicit
589 1122 812 1200 praemissaque
828 1122 902 1182 olam
919 1121 1054 1182 navicula
1065 1121 1124 1181 Do·

166 1207 284 1265 mitium
309 1203 562 1284 Massiliensisque
588 1205 625 1264 de
651 1222 704 1264 suo
731 1204 858 1264 adventu
884 1206 1028 1266 certiores
1051 1205 1125 1266 iacit

62 1325 66 1332 ·
166 1306 276 1367 eosque
291 1305 470 1366 magnopere
484 1287 637 1358 hortatur,
657 1297 690 1348 ut
709 1305 814 1348 rursus
834 1306 902 1349 cum
922 1288 1008 1349 Bruti
1029 1287 1124 1350 classe

167 1373 275 1432 additis
290 1373 352 1432 suis
366 1371 486 1433 auxiliis
499 1372 668 1449 confligant.

142 1465 156 1512 1
231 1454 296 1516 llll.
326 1454 525 1517 Massilienses
540 1464 607 1535 post
621 1458 759 1535 superius
773 1457 993 1518 incommodum
1007 1463 1126 1518 veteres

168 1540 204 1600 ad
225 1538 352 1600 eundem
366 1556 523 1600 numerum
539 1558 575 1600 ex
589 1538 743 1600 navalibus
762 1541 922 1619 productas
942 1542 1025 1601 navis
1044 1541 1125 1600 rele-

168 1630 271 1683 cerant
284 1640 455 1702 summaque
469 1624 615 1685 industrIa
630 1632 816 1685 armaverant
831 1625 1048 1703 -remigum,
1070 1641 1125 1701 gu·

140 1707 360 1767 ahernatorum
386 1724 493 1784 magua
519 1709 604 1787 copia
631 1707 865 1786 suppetebat-
889 1710 1126 1788 piscatoriasque

169 1792 338 1851 adiecerant
358 1799 445 1870 atque
466 1798 674 1861 contexerant,
696 1799 730 1851 ut
749 1799 848 1852 essent
862 1791 900 1852 ab
920 1793 982 1853 ictu
997 1791 1126 1853 telorum

169 1876 299 1952 remiges
313 1876 385 1935 tuti:
407 1875 461 1935 has
482 1876 644 1953 sagittariis
660 1878 875 1955 tormentisque
890 1876 1126 1955 compleverunt.

140 1957 234 2018 arou
254 1957 342 2018 inodo
362 1960 507 2018 instructa
527 1959 620 2019 classe
643 1961 773 2019 omnium
801 1961 969 2030 seniorum,
996 1968 1125 2022 matrum

167 2041 314 2109 familiae,
335 2043 490 2118 ‘virgiuum
515 2041 657 2120 precibus
682 2050 712 2102 et
736 2042 808 2102 lietu
829 2045 963 2113 excitati,
990 2050 1127 2105 extremo

167 2132 302 2204 tempore
324 2126 437 2185 civitati
458 2125 660 2195 subvenirent,
681 2143 741 2186 non
757 2129 870 2187 minore
888 2130 985 2187 animo
1001 2146 1034 2187 ac
1049 2128 1125 2189 fidu·

141 2211 230 2277 ecia,
251 2225 339 2287 quam
356 2218 422 2268 aute
438 2209 665 2279 dimicaverant,
686 2228 774 2271 naves
797 2211 1008 2271 conscendunt.
1039 2211 1126 2272 Com·

168 2294 251 2351 muni
266 2293 345 2351 enim
359 2292 392 2352 flt
407 2293 478 2352 vitio
489 2301 623 2362 naturae,
639 2300 672 2353 ut
690 2295 852 2372 inprovisis
867 2291 1019 2374 [latitatis]
1036 2301 1126 2374 atquc.

167 2378 326 2452 incognitis
350 2375 441 2437 rebus
467 2378 562 2454 magis
582 2377 763 2438 confidamus
784 2377 1046 2457 vehementiusque
1073 2397 1125 2438 ex·
1163 2430 1167 2437 .

170 2468 351 2530 terreamur;
375 2465 408 2520 ut
431 2468 494 2520 turn
523 2461 642 2520 accidit.
682 2461 832 2522 Adventus
859 2463 938 2521 enim
961 2460 995 2521 L.
1010 2461 1126 2522 Nasidii

141 2548 284 2604 osumma
309 2560 361 2622 spe
387 2550 418 2602 et
442 2544 588 2605 voluntate
614 2546 764 2604 civitatem
791 2545 998 2623 compleverat.
1038 2545 1125 2606 Nacti

169 2627 309 2687 idoneum
323 2633 444 2687 ventum
459 2645 495 2687 ex
509 2634 597 2707 portu
611 2635 721 2710 exeunt
736 2636 766 2688 et
780 2627 962 2698 Tauroenta,
984 2629 1064 2708 quod
1080 2636 1128 2689 est

169 2708 321 2770 castellum
336 2709 578 2782 Massiliensium,
601 2712 638 2773 ad
653 2711 808 2773 Nasidium
830 2714 1008 2791 perveniunt
1021 2710 1127 2793 ibique

168 2811 258 2854 naves
284 2792 445 2873 expediunt
469 2813 632 2876 rursusque
662 2814 693 2856 se
719 2796 755 2856 ad
781 2795 999 2875 coulligendum
1026 2799 1127 2856 animo

169 2879 345 2939 confirmant
363 2887 393 2940 et
413 2878 534 2940 consilia
556 2878 783 2940 communicant.
820 2880 930 2940 Dextra
944 2896 1016 2958 pars
1034 2879 1128 2940 adtri-

61 2972 65 2979 ·
170 2961 271 3021 buitur
285 2960 527 3033 Massiliensibus,
544 2965 664 3024 sinistra
680 2962 811 3024 Nasidio.

142 3054 158 3101 ,ι
233 3045 266 3104 V.
296 3044 407 3106 Eodem
427 3046 538 3108 Brutus
558 3047 711 3108 contendit
737 3036 823 3108 arieto
842 3051 963 3108 navium
988 3065 1127 3109 numero.

169 3127 244 3188 Nam
260 3128 295 3188 ad
312 3146 370 3198 eas,
387 3148 462 3209 quae
477 3131 572 3191 iactae
587 3136 673 3191 eraut
687 3131 803 3192 Arelate
818 3151 873 3211 per
888 3133 1061 3201 Caesarem,
1078 3150 1127 3192 ca·
1149 3174 1156 3186 .

168 3213 267 3290 ptivae
282 3210 510 3275 Massiliensium
531 3223 716 3275 accesserant
736 3233 797 3276 sex.
838 3216 897 3276 llas
917 3214 1129 3294 superioribus

142 3302 159 3354 t
172 3294 278 3356 diebus
293 3297 441 3359 reiecerat
455 3307 543 3378 atque
555 3298 693 3359 omnibus
705 3298 796 3360 rebus
809 3301 1001 3361 instruxerat.
1023 3298 1128 3379 ltaque

80 3413 82 3418 ·
169 3396 238 3439 suos
261 3379 446 3453 cohortatus,
473 3400 546 3462 quos
566 3384 697 3460 integros
719 3386 952 3463 superavissent,
980 3389 1013 3465 ut
1034 3384 1144 3442 victos.

165 3471 405 3538 contemnerent,
430 3466 539 3547 plenus
562 3468 625 3548 spei
648 3465 742 3528 bonae
764 3475 851 3549 atque
875 3467 965 3528 animi
986 3466 1130 3528 adversus
