2356 3870
308 224 421 281 GOMM.
435 225 457 281 I.
480 223 555 281 CAP.
570 224 840 281 XXVHI—XXXII.
1013 222 1050 286 17

93 402 142 456 tus
157 394 256 453 omnia
272 390 331 451 sibi
346 409 411 452 esse
427 390 463 451 ad
478 391 589 451 bellum
605 398 672 470 apta
687 409 721 451 ac
735 399 837 470 parata
852 394 1052 453 confirmavis-
1122 396 1130 403 “’

92 484 148 538 set.
179 477 259 537 Haec
275 477 306 536 in
322 477 459 535 contione
475 484 597 554 questus
613 494 649 536 ex
665 478 817 554 provincia
832 477 918 553 sugit.

157 560 264 622 XXXI.
294 559 380 620 Nacti
394 577 501 620 vacuas
516 559 553 619 ab
571 562 705 639 imperiis
721 559 888 621 Sardiniam
904 561 1048 631 Valerius,
1062 572 1076 620 t

93 645 183 708 Curio
199 644 334 704 Siciliam
348 662 416 704 cum
437 643 619 704 exercitibus
639 662 674 705 eo
694 646 881 722 perveniunt.
919 644 1076 715 Tuberoa
1121 678 1124 684 ·

94 748 162 790 cum
177 731 209 788 in
224 729 355 790 Africam
370 729 511 798 venisset,
527 729 640 789 invenit
656 730 687 788 in
701 730 854 806 provincia
869 747 936 789 curn
957 732 1051 809 impe·

94 816 140 874 rio
155 815 265 874 Attium
277 812 402 882 Varum;
418 814 469 891 qui
486 812 521 872 ad
536 813 703 882 Auximum,
720 819 753 873 ut
767 830 856 891 supra
869 813 1052 873 demonstra·

94 900 203 966 rimus,
231 898 347 957 amissis
367 896 542 957 cohortibus
565 898 703 974 protinus
723 915 759 956 ex
779 897 849 973 iuga
872 896 902 956 in
922 897 1052 958 Africam

94 987 273 1061 pervenerat
299 989 385 1060 atque
411 999 476 1041 eam
501 998 555 1041 sua
579 988 684 1058 sponte
710 998 832 1041 vacuam
858 989 1052 1060 occupaverat

95 1065 270 1144 delectuque
296 1065 398 1125 habito
420 1064 492 1125 duas
517 1065 650 1142 legiones
670 1064 822 1134 effecerat,
849 1064 1001 1126 hominnm
1021 1073 1052 1125 et

94 1149 228 1210 locorum
242 1151 347 1210 notitia
369 1154 399 1208 et
418 1167 476 1209 usu
496 1152 561 1209 eius
581 1150 752 1227 provinciae
773 1157 881 1223 nactus
898 1148 995 1210 aditus
1015 1148 1051 1209 ad

95 1253 129 1294 ea
152 1233 298 1302 conanda,
324 1233 402 1312 quod
427 1235 531 1311 paucis
556 1240 624 1293 ante
650 1235 736 1293 annis
761 1251 797 1293 ex
822 1239 960 1310 praetura
986 1252 1052 1292 eam

94 1320 278 1397 provinciam
302 1317 481 1378 obtinuerat.
524 1317 579 1377 llic
599 1320 766 1377 venientem
787 1317 902 1378 Uticam
928 1317 1078 1378 navibusa

93 1402 286 1463 Tuberonem
300 1408 390 1480 portu
405 1408 492 1480 atque
508 1401 616 1481 oppido
635 1401 775 1480 prohibet
789 1419 887 1479 neque
904 1402 1051 1462 adiectum

94 1486 255 1547 valitudine
275 1486 368 1546 tilium
384 1504 532 1565 exponere
548 1489 581 1546 in
595 1493 707 1547 terram
721 1488 843 1566 patitur,
859 1485 911 1546 sed
927 1486 1052 1546 sublatis

95 1572 214 1631 ancoris
229 1571 373 1631 excedere
389 1589 423 1630 eo
438 1571 502 1631 loco
517 1573 606 1648 cogit.

157 1653 278 1715 XXXII.
305 1655 358 1716 His
374 1654 463 1715 rebus
475 1655 621 1715 conlectis
632 1654 749 1723 Caesar,
765 1661 799 1715 nt
813 1655 962 1734 reliquum
976 1661 1078 1714 tem-1

95 1758 151 1819 pus
167 1758 182 1798 a
198 1738 299 1800 labore
314 1741 580 1809 intermitteretur,
602 1738 713 1799 milites
727 1741 758 1798 in
775 1742 910 1817 proxima
925 1740 1051 1798 munici-

95 1825 144 1903 pia
160 1823 295 1893 deducit;
317 1825 382 1902 ipse
398 1823 434 1883 ad
455 1823 561 1883 urbem
582 1823 791 1902 proficiscitur.
824 1823 931 1884 Coacto
945 1831 1078 1884 senatur

96 1909 223 1969 iniurias
237 1909 426 1967 inimicorum
442 1914 662 1968 commemorat.
695 1906 801 1975 Docet,
823 1925 855 1967 se
872 1908 986 1968 nullum
1001 1925 1052 1967 ex·

96 1992 327 2052 traordinarIum
343 1991 486 2051 bonorem
502 1993 660 2070 appetisse,
677 1992 729 2051 sed
750 1999 904 2070 expectato
919 1992 1053 2069 legitimo

95 2083 229 2154 tempore
251 2076 421 2137 consulatus
441 2094 477 2136 ec
497 2077 589 2136 luisse
609 2081 794 2142 contentum.
815 2076 893 2156 quod
914 2074 1053 2137 omnibus

96 2158 212 2220 civibus
238 2167 362 2238 pateret.
413 2159 517 2221 Latum
545 2159 582 2220 ab
607 2174 631 2219 x
656 2159 786 2221 tribunis
811 2160 909 2239 plebis
933 2166 1078 2220 contra-3

96 2242 266 2305 dicentibus
281 2246 428 2314 inimicis,
450 2245 559 2305 Catone
574 2261 643 2304 vero
664 2247 808 2305 acerrime
823 2250 1008 2323 repugnante
1023 2252 1054 2303 et

95 2329 222 2407 pristina
243 2329 456 2389 consuetudine
477 2327 595 2389 dicendi
616 2345 699 2389 mora
720 2329 785 2389 dies
806 2329 992 2397 extrahente,
1020 2336 1053 2387 ut

96 2415 142 2472 sui
158 2414 234 2472 ratio
250 2412 382 2472 absentis
402 2412 579 2483 haberetur,
600 2414 666 2490 ipso
687 2413 808 2473 consule
824 2413 979 2491 Pompeio;
1000 2413 1052 2490 qui

96 2497 123 2556 si
137 2495 349 2574 improbasset,
370 2514 425 2556 cur
439 2497 514 2557 terri
528 2514 633 2574 passus
647 2497 744 2557 esset?
765 2499 790 2557 si
807 2495 976 2575 probasset,
999 2512 1053 2555 cur

97 2597 129 2640 se
146 2581 189 2640 uti
204 2582 308 2660 populi
330 2581 474 2641 beneficio
494 2580 718 2660 prohibuisset?
752 2581 930 2642 Patientiam
944 2585 1081 2658 propo-t

96 2665 143 2724 nit
156 2680 256 2734 suam,
279 2683 345 2725 cum
367 2665 403 2725 de
423 2664 606 2726 exercitibus
626 2666 810 2726 dimittendis
826 2665 904 2726 ultro
924 2664 1053 2744 postula·

97 2748 203 2818 visset;
225 2750 256 2808 in
272 2767 330 2828 quo
350 2752 495 2810 iacturam
511 2750 665 2826 dignitatis
680 2758 767 2827 atque
788 2749 911 2809 honoris
931 2748 1024 2828 ipset
1041 2779 1053 2792 ·

96 2838 201 2892 cturus
215 2840 303 2893 esset.
339 2833 538 2894 Acerbitatem
558 2834 745 2893 inimicorum
763 2833 862 2902 docet,
885 2834 951 2910 qui,
973 2832 1079 2911 quodb

97 2914 135 2976 ab
151 2915 243 2976 altero
258 2918 454 2997 postularent,
476 2920 508 2977 in
524 2936 555 2977 se
569 2926 742 2978 recusarent
763 2925 851 2996 atque
866 2919 963 2976 omnia
984 2933 1053 2995 per·

97 3001 219 3061 misceri
235 3001 365 3070 mallent,
382 3020 470 3081 quam
489 3003 649 3079 imperium
667 3004 875 3081 exercitusque
892 3000 1052 3060 dimittere.

97 3083 240 3145 Iniuriam
257 3087 288 3145 in
304 3087 467 3165 eripiendis
481 3085 649 3164 legionibus
664 3086 825 3175 praedicat,
847 3085 1080 3146 crudelitatemn

97 3175 129 3228 et
141 3170 329 3230 insolentiam
351 3173 383 3230 in
398 3169 681 3232 circumscribendis
700 3171 831 3231 tribunis
851 3169 962 3248 plebis:
984 3188 1053 3230 con·

96 3252 263 3315 dicionesa
284 3272 315 3314 se
337 3254 427 3335 latas,
448 3257 576 3334 expetita
597 3254 742 3334 colloquia
763 3263 793 3316 et
810 3255 953 3329 denegata
973 3272 1053 3314 com·

96 3344 252 3399 memorat.
281 3338 339 3399 Pro
355 3338 464 3419 quibus
478 3339 571 3400 rebus
584 3339 719 3400 hortatur
734 3358 768 3400 ac
782 3337 919 3418 postulat,
932 3344 965 3397 ut
975 3345 1078 3397 rem-t

95 3420 247 3499 publicam
262 3425 427 3503 suscipiant
447 3430 534 3502 atque
551 3442 609 3484 una
630 3441 731 3486 secum
751 3423 977 3485 administrent.
1001 3421 1063 3479 Sin

96 3506 204 3565 timore
226 3505 390 3583 defugiant,
417 3507 478 3570 lllis
497 3527 530 3570 se
554 3512 642 3574 oneri
664 3529 728 3576 non
749 3513 896 3575 lutnrum
914 3515 951 3567 et
966 3520 1025 3583 per
1047 3519 1085 3559 sn

134 3615 157 3650 c.
174 3615 233 3651 run.
254 3618 332 3655 oasa.
352 3617 383 3656 11.
860 3614 883 3663 (ι.
