2356 3870
263 208 380 264 INDEX
397 209 573 267 NOMINUM
590 209 640 267 ΕΤ
656 209 794 267 RERUM.
956 211 1020 276 195

51 348 155 403 Divico
173 349 229 404 dux
241 351 434 407 Helvetiorum
451 352 515 423 1515,
560 353 663 409 Caesar
688 351 800 423 Hispali
829 352 860 408 in
891 353 1020 409 contione

53 419 95 473 ib.
108 426 149 488 13,
159 422 206 489 2.(
225 423 242 490 .)
559 423 693 494 Hispanis
711 425 870 493 exprobrat,
887 424 921 479 Η.
938 429 981 493 42,
992 430 1018 478 4.

31 493 84 557 (c.)
104 493 140 558 γ.)
162 521 195 530 -
210 521 244 532 -
260 522 292 532 -
316 493 402 547 frater
425 493 516 549 minor
560 526 593 535 -
611 495 679 550 Inde

54 558 110 614 Gai
124 563 179 630 (a),
197 562 308 634 legatus
327 562 460 632 Caesaris,
478 565 515 619 ab
542 564 713 634 Cassiani,
732 581 781 620 eae
794 564 928 637 legiones,
946 581 1018 634 quae

59 631 114 684 hoc
137 632 167 684 in
185 631 359 687 Thessaliam
383 634 514 702 mittitur,
561 634 591 690 in
619 634 697 690 Cassi
726 634 817 690 officio
848 637 1018 702 manserant,

57 699 88 754 C.
107 701 154 769 III,
173 709 216 771 34,
231 709 255 756 2.
275 709 318 771 35,
333 710 359 771 2,
379 704 516 773 Scipionis
561 722 597 760 ne
614 705 651 759 ad
666 705 775 760 Baetim
788 705 815 759 fl.
830 722 905 774 aqua
918 705 1016 760 aMar-

56 771 181 826 adverto
189 773 255 827 inde
264 773 391 842 discedit,
405 781 448 843 36,
457 782 482 828 2.
490 782 515 830 4.
561 775 633 830 celle
660 775 895 845 intercludantur,
924 775 1019 830 Uliam

56 848 87 906 53
113 842 303 898 eunomiae
328 844 445 900 Calvino
468 862 517 914 ap·
560 845 717 914 discedunt,
736 845 779 900 nl.
799 851 842 915 61,
861 853 886 899 2.

54 912 264 981 propinquante
278 913 372 984 Scipio
392 932 456 969 eum
474 932 515 970 se-
544 917 589 985 (e.)
622 914 654 982 Q.
682 914 819 971 Cassius
847 916 957 987 legatus
986 915 1018 980 Q.

55 981 106 1050 qui
129 982 251 1051 desistit,
273 984 311 1038 ib.
332 990 356 1038 7.
373 990 403 1052 83
430 985 516 1041 Acar·
561 984 640 1040 Cassi
654 985 714 1040 Lon
736 985 775 1039 'ni
794 986 842 1055 (d.)
861 985 1019 1041 aMunatio
1103 1042 1107 1057 ,

55 1052 171 1106 naniam
180 1054 459 1124 Amphilochiamque
472 1073 515 1112 re·
560 1055 661 1110 Flacco
679 1075 696 1110 v
728 1059 850 1123 neratur,
867 1056 911 1110 Al.
931 1062 974 1123 52,
992 1062 1018 1123 3,
1041 1116 1045 1123 .

55 1122 139 1192 cipit,
167 1139 231 1177 cnm
255 1124 286 1190 Q.
308 1125 387 1180 Fufio
412 1125 515 1182 Caleno
559 1125 616 1180 dux
633 1127 856 1195 XXX-alegifflil
879 1125 1020 1196 ΗῙΒΡΒᾸῙΠι
1065 1148 1109 1215 ,ζ
1143 1148 1147 1155 ’

53 1192 86 1246 in
107 1193 244 1248 Achaiam
267 1194 404 1265 mittitur,
423 1202 470 1266 55,
490 1203 514 1252 1.
558 1197 689 1266 mittitur,
708 1202 832 1266 57,1.4.

57 1268 82 1316 2.
103 1264 149 1331 (3.)
170 1295 203 1305 -
221 1264 311 1320 Huius
329 1270 466 1338 cognatus
542 1299 574 1310 -·
593 1268 670 1337 Inde,
688 1267 706 1321 i.
717 1284 740 1322 e.
756 1266 898 1322 anomine
913 1265 1019 1336 Cassio,

37 1333 87 1402 (dt)
103 1335 139 1415 d.)
156 1334 187 1400 Q.
202 1367 235 1376 -
247 1336 311 1404 (-),
325 1336 436 1407 legatus
446 1337 513 1394 Cae·
542 1336 718 1406 Cassiana,
733 1339 845 1391 turma
862 1339 928 1407 post
939 1353 1018 1407 proe-

55 1419 135 1472 sarrs,
143 1405 271 1460 tribunus
278 1406 369 1474 plebis
378 1423 403 1461 a.
411 1407 513 1463 DCCV.
559 1407 628 1461 lium
648 1408 684 1462 ad
703 1407 828 1464 Sorieam
852 1408 958 1462 factum
982 1408 1018 1462 ob

57 1474 172 1542 iniquae
206 1475 238 1530 in
273 1475 420 1532 Caesarem
457 1477 514 1533 Sci·
559 1479 693 1533 virtutem
711 1494 729 1532 a
747 1478 863 1534 Caesare
885 1477 1021 1547 praemiis

54 1544 147 1613 pionis
175 1546 331 1601 sententiae
357 1547 514 1617 intercedit,
560 1548 688 1616 afficitur,
707 1548 741 1602 H.
762 1555 804 1617 26,
824 1555 848 1603 1.

56 1614 119 1683 C.I,
134 1622 158 1683 2,
174 1621 198 1684 7,
216 1616 369 1686 Hispaniae
387 1619 515 1673 ulteriori
541 1615 822 1673 Cassivellaunus
855 1619 1018 1688 (postquam

54 1685 217 1754 provinciae
234 1687 402 1756 praeficitur,
419 1688 453 1757 H,
473 1695 514 1758 19,
559 1704 622 1741 cum
640 1686 755 1756 reliquis
770 1688 933 1742 Britanniae
951 1688 1019 1742 civi-

58 1762 82 1808 1.
102 1761 144 1824 21,
155 1763 179 1823 4,
198 1773 271 1811 anno
284 1759 350 1827 post
362 1757 515 1826 imperator
559 1757 665 1812 tatibus
701 1758 874 1811 continenter
909 1758 1016 1812 bellum

56 1826 98 1880 ibi
121 1827 279 1895 appellatus
296 1843 414 1897 magnae
430 1845 515 1898 pecu·
559 1827 657 1898 gessit)
686 1845 807 1882 summus
831 1828 888 1880 dux
909 1827 1018 1883 Britan·

54 1896 118 1950 nias
136 1898 237 1968 exigit,
257 1914 364 1952 summo
382 1899 445 1954 odio
463 1901 515 1968 est,
558 1914 658 1952 norum
676 1900 800 1966 creatur,
819 1896 851 1952 G.
870 1897 907 1966 V,
928 1904 973 1967 11,
993 1904 1017 1953 8.

54 1967 101 2021 Al.
111 1973 154 2036 48,
164 1974 188 2021 1.
199 1971 281 2037 (-3.)
296 1974 338 2022 43.
347 1974 399 2037 50,
418 1972 516 2024 contra
560 1970 608 2037 (9.)
625 1968 778 2036 Postquam
792 1967 895 2024 Caesar
910 1967 942 2022 in
960 1969 1019 2025 eius

56 2038 155 2091 Iubam
164 2055 259 2108 regem
273 2038 438 2094 inAfricam
451 2056 514 2108 pro·
559 2039 628 2092 fines
645 2038 786 2120 ingressus
800 2040 856 2104 est,
876 2044 966 2108 18,1,
984 2055 1019 2093 ex

20 2168 23 2173 ,
55 2108 142 2162 ficisci
160 2109 249 2162 iussus
264 2109 416 2164 exercitum
430 2110 513 2180 cogit,
560 2108 638 2163 silvis
665 2125 724 2164 erus
752 2109 903 2164 exercitum
925 2112 1018 2178 vexat,

55 2184 104 2245 51,
132 2185 154 2232 1.
174 2181 239 2249 (-)
259 2185 288 2248 4,
321 2179 466 2236 Cordubae
497 2197 516 2235 a
561 2185 602 2248 19,
623 2185 646 2233 1.
662 2181 718 2249 (2.),
737 2180 931 2248 Trinobantes,
951 2195 1017 2248 quo·

55 2249 208 2304 coniuratis
231 2250 321 2304 vitam
344 2250 404 2305 eius
431 2267 515 2321 appe·
558 2267 622 2304 rum
638 2266 668 2304 re
689 2267 745 2319 em,
764 2252 878 2332 patrem
900 2250 1019 2304 Mandu-

56 2319 182 2374 tentibus
195 2320 356 2375 vulneratus
375 2337 393 2375 a
411 2322 515 2376 satelli·
559 2320 651 2388 braci,
669 2269 743 2374 Cass.
761 2320 952 2388 interfecerat,
971 2337 1018 2390 pe·

56 2389 132 2443 tibus
156 2390 247 2444 salse
270 2390 367 2445 mortis
389 2391 515 2461 periculo
559 2392 626 2444 tunt
661 2393 760 2460 (atque
800 2390 967 2459 impetrant)
1001 2406 1019 2444 a

55 2459 185 2528 eripitur,
205 2466 332 2529 52-54,
352 2465 381 2528 1,
404 2463 433 2514 15
452 2477 516 2515 con·
560 2459 687 2528 Caesare,
696 2460 967 2514 utMandubracium
982 2462 1017 2515 ab

55 2529 162 2584 iuratos
191 2529 366 2584 severissime
391 2530 516 2585 animad-
560 2529 619 2584 eius
643 2528 745 2583 iniuria
763 2529 907 2598 defendat,
926 2535 973 2598 20,
994 2537 1019 2584 1.

54 2599 155 2666 vertit,
174 2605 216 2666 55,
237 2605 304 2653 1.·4.
324 2601 409 2668 (-5.)
434 2600 515 2655 Anno
561 2601 657 2668 (-)3;
676 2599 779 2668 oppido
798 2599 888 2654 elusa
901 2599 1018 2656 Caesare

21 2732 25 2737 ¹
55 2671 128 2737 post,
143 2669 386 2724 duminAfricam
396 2669 515 2726 traicere
560 2672 728 2738 expugnato,
740 2677 782 2739 21,
791 2671 913 2739 2.(-e.),
927 2670 1019 2725 Cantii

54 2741 146 2808 parat,
165 2755 228 2792 cum
245 2739 412 2794 tilbertus
430 2742 460 2795 et
476 2740 514 2795 Μ.
559 2739 671 2808 regibus
701 2740 833 2810 imperat,
865 2743 898 2794 ut
926 2743 1019 2795 castra

55 2808 206 2863 Marcellus
220 2826 283 2863 curn
301 2809 459 2880 legionibus
477 2812 514 2865 ab
559 2809 674 2864 navalia
696 2809 822 2864 Caesaris
847 2812 1020 2880 oppugnent,

56 2895 89 2934 eo
109 2878 288 2948 defecissent,
307 2881 451 2950 Bogudem
472 2897 514 2936 re·
560 2879 661 2948 quibus
687 2879 797 2935 reiectis
825 2897 853 2933 se
881 2880 907 2934 ei
932 2880 1021 2950 dedit,

56 2967 122 3020 gem
144 2951 174 3003 et
198 2950 235 3003 M.
254 2949 392 3019 Lepidum
410 2951 514 3006 auxilio
559 2956 603 3019 22,
623 2956 647 3004 1.
666 2956 691 3004 3.
711 2956 735 3004 5.
755 2951 844 3018 (-23,
864 2951 898 3019 1.)

56 3022 286 3089 vocatia-59,
296 3019 376 3077 Uliae
386 3020 515 3077 obsessus
543 3019 704 3076 Casticus
724 3019 867 3089 Sequanos
882 3021 918 3074 ab
933 3019 1020 3103 Orge-

55 3090 166 3158 aliquot
187 3091 300 3159 proeliis
322 3090 404 3145 factis
427 3091 515 3147 libere
559 3090 614 3146 tc'
636 3106 651 3146 e
680 3090 849 3159 concitatur,
876 3093 909 3145 ut
930 3093 1018 3146 totius

55 3161 120 3215 inde
131 3161 292 3231 dimittitur,
304 3161 514 3228 eo.-63.;Tre·
560 3160 636 3216 Cal’
694 3161 844 3232 potiendae
867 3177 1016 3216 causare

55 3230 156 3286 bonius
183 3249 247 3287 cum
275 3232 311 3286 ed
342 3231 516 3302 provinciam
560 3248 647 3359 gnum
659 3231 691 3286 in
704 3249 755 3287 sua
764 3231 879 3286 civitate
892 3234 1017 3304 occupet,

56 3301 239 3357 obtinendam
266 3303 402 3372 venisset,
430 3319 515 3359 naves
587 3302 677 3372 .Ι,3,
695 3308 720 3357 4.
741 3303 823 3371 (-7.)

56 3372 226 3441 conscendit,
239 3373 269 3428 in
281 3372 380 3428 Hiberi
393 3373 421 3427 fl.
436 3372 516 3428 ostiis
543 3371 676 3443 Castor,
694 3390 720 3427 v.
740 3357 999 3428 Tarcondarius.
1115 3385 1117 3389 ’

56 3441 203 3513 naufragio
221 3443 307 3512 perit,
326 3450 369 3513 64,
389 3449 412 3498 1.
428 3450 452 3499 2.
468 3446 514 3513 (3.)
539 3443 667 3501 Caetra
702 3441 955 3511 Corneliam),
990 3461 1019 3506 ,5.

54 3513 123 3568 Eius
154 3513 337 3569 interficiendi
368 3514 515 3570 consilium
559 3516 626 3586 post
642 3512 838 3572 Cornelius.
864 3570 868 3577 ,

822 3599 880 3656 lb*
