2356 3870
158 213 200 280 78
480 218 529 274 DE
550 217 665 288 BELLO
689 217 797 274 01va

134 387 261 447 tdurior
276 388 413 447 inventus
428 392 473 446 est
488 384 615 447 Coelius.
657 385 709 446 Set
728 384 765 450 ab
779 385 836 445 hoc
851 385 1003 463 proiectus
1018 386 1120 458 initio,

159 489 196 531 ne
221 472 333 530 frustra
358 472 511 547 ingressus
537 477 653 548 turpem
678 487 797 530 causam
822 470 989 540 videretur,
1020 470 1122 548 legem

157 555 363 634 promulgavit,
379 561 412 614 ut
426 555 550 616 sexenni
565 554 613 614 die
630 555 693 614 sine
709 556 809 614 usuris
824 555 954 614 creditae
970 556 1123 633 pecuniae

156 639 320 699 solvantur.

132 731 147 781 1
221 723 297 783 xxi.
332 724 404 785 Cum
420 725 574 784 resisteret
589 722 733 783 Servilius
748 723 850 783 consul
871 723 1041 802 reliquique
1055 741 1122 784 ma·

158 809 314 885 gistratus,
336 815 366 867 et
385 809 483 867 minus
503 809 643 885 opinione
664 826 718 868 sua
738 808 885 876 efficeret,
907 807 943 867 ed
963 807 1122 868 hominum

158 892 313 954 excitanda
334 891 431 952 studia
452 889 567 953 sublata
592 893 693 970 priore
718 891 783 968 lege
811 891 883 951 duas
909 890 1119 972 promulgavit,

158 993 261 1044 unam,
284 993 341 1054 qua
356 974 509 1035 mercedes
523 974 740 1036 habitationum
756 993 870 1035 annuas
884 974 1123 1035 conductoribus

131 1069 146 1116 2
159 1060 287 1127 donavit,
303 1059 391 1119 aliam
405 1056 574 1119 tabularum
588 1077 746 1128 novarum,
762 1061 934 1138 impetuque
949 1058 1119 1119 multitudi-

157 1145 204 1203 nis
226 1145 257 1203 in
277 1142 309 1203 C.
331 1141 513 1202 Trebonium
539 1144 618 1203 lacto
640 1149 669 1202 et
689 1142 840 1203 nonnullis
864 1141 1028 1202 vulneratis
1048 1161 1121 1204 eum

130 1227 195 1287 ude
210 1226 353 1287 tribunali
368 1225 545 1287 deturbavit.
577 1227 620 1286 [le
632 1225 741 1305 quibus
752 1226 844 1287 rebus
855 1226 999 1287 Servilius
1014 1226 1119 1288 consul

158 1311 195 1371 ad
210 1317 345 1370 senatum
359 1310 474 1378 retulit,
495 1318 675 1386 senatusque
690 1311 823 1372 Coelium
846 1309 883 1370 ab
898 1309 1053 1389 republica
1068 1329 1120 1371 re·

158 1394 335 1454 movendum
350 1395 477 1454 censuit.
513 1393 575 1454 Hoc
591 1395 710 1454 decreto
726 1413 793 1455 eum
810 1392 912 1455 consul
927 1401 1032 1454 senatu
1047 1413 1118 1473 pro·

132 1477 259 1539 4ltibuit
278 1485 308 1537 et
328 1479 495 1538 contionari
520 1485 674 1538 conantem
696 1479 732 1538 de
757 1480 864 1540 rostris
886 1479 1019 1538 deduxit.
1063 1478 1118 1539 llle

157 1563 318 1640 ignominia
334 1569 365 1622 et
380 1561 480 1622 dolore
495 1569 649 1639 permotus
667 1563 764 1640 palam
780 1581 811 1622 se
826 1564 977 1641 proticisci
992 1562 1027 1622 ed
1043 1562 1118 1623 Cae·

157 1665 254 1706 sarem
275 1647 441 1716 simulavit;
471 1647 546 1707 clam
573 1648 689 1706 nuntiis
708 1647 745 1707 ad
765 1646 903 1706 Milonem
923 1647 1037 1714 missis,
1064 1648 1117 1726 qui

157 1731 258 1792 Clodio
278 1729 435 1790 interiecto
456 1749 491 1790 eo
512 1733 632 1791 nomine
654 1739 718 1791 erat
738 1731 908 1799 damnatus,
929 1738 1017 1809 atque
1033 1748 1069 1790 eo
1085 1733 1118 1791 in

156 1815 271 1876 ltaliam
291 1823 426 1887 evocato,
451 1815 531 1894 quod
550 1816 666 1892 magnis
686 1813 861 1874 muneribus
881 1815 958 1874 datis
972 1813 1117 1891 gladiato·

155 1902 218 1959 riae
235 1899 365 1959 familiae
380 1899 525 1976 reliquias
539 1897 683 1968 habebat,
700 1897 759 1959 sibi
774 1901 929 1959 coniunxit
943 1905 1032 1976 atque
1046 1916 1118 1958 eum

130 1985 189 2042 oin
213 1982 378 2043 Thurinum
401 1982 438 2042 ad
458 1982 656 2042 sollicitandos
680 1990 815 2061 pastores
839 1984 1005 2061 praemisit.
1048 1981 1117 2061 lpse

157 2084 225 2127 cum
241 2065 401 2126 Casilinum
417 2067 555 2135 venisset,
573 2084 691 2145 unoque
706 2074 840 2146 tempore
856 2069 940 2143 signa
956 2069 1021 2126 eius
1035 2064 1117 2126 mili·

156 2151 232 2210 tarta
247 2156 334 2226 atque
351 2167 431 2209 arma
443 2149 559 2227 Capuae
571 2158 670 2210 essent
684 2168 859 2230 comprensa
870 2158 900 2210 et
914 2150 1028 2210 familia
1038 2151 1118 2211 Nea·

155 2232 215 2312 poli
231 2234 307 2301 visa,
329 2250 405 2311 quae
425 2233 629 2310 proditionem
648 2235 752 2313 oppidi
766 2242 938 2314 appararet,
960 2235 1118 2312 patefactis

140 2315 289 2376 consiliis
304 2317 441 2377 exclusus
457 2315 555 2396 Capua
571 2326 600 2378 et
614 2319 780 2396 periculum
794 2320 919 2387 veritus,
945 2318 1025 2397 quod
1044 2336 1115 2378 con·

155 2409 261 2460 ventus
276 2418 358 2460 arma
373 2410 493 2479 ceperat
509 2409 596 2480 atque
612 2416 681 2464 eum
695 2403 790 2463 hostis
804 2404 868 2463 loco
883 2401 1053 2462 habendum
1065 2420 1118 2462 ex·

154 2484 315 2554 istimabat,
331 2485 456 2545 consilio
471 2486 585 2546 destitit
599 2496 687 2566 atque
701 2506 737 2547 eo
752 2489 861 2547 itinere
876 2504 942 2546 sese
956 2487 1073 2546 avertit.

130 2577 144 2624 1
219 2566 312 2628 XXII.
334 2567 458 2628 Interim
469 2569 537 2629 llilo
553 2570 683 2630 dimissis
697 2573 810 2631 circum
821 2572 983 2649 municipia
994 2570 1116 2640 litteris,

154 2667 187 2713 se
201 2670 251 2720 ea,
273 2669 348 2730 quae
363 2653 490 2722 laceret,
512 2656 596 2714 iussu
617 2663 705 2734 atque
723 2657 852 2734 imperio
866 2657 965 2715 lacere
979 2653 1115 2732 Pompei,

157 2754 233 2815 quae
247 2736 384 2796 mandata
401 2737 437 2796 ad
453 2755 484 2797 se
499 2756 555 2816 per
569 2738 731 2800 Vibullium
748 2740 843 2800 delata
859 2745 972 2806 essent,
989 2756 1064 2817 quos
1078 2755 1117 2798 ex

127 2829 227 2880 eaere
243 2820 338 2880 alieno
349 2820 485 2881 laborare
499 2821 710 2893 arbitrabatur,
727 2823 913 2884 sollicitabat.
943 2822 1028 2901 Apud
1041 2840 1117 2901 quos

155 2923 223 2964 cum
239 2906 385 2983 prolicere
401 2905 477 2965 nihil
492 2915 606 2984 posset,
636 2906 813 2985 quibusdam
836 2907 940 2967 solutis
955 2905 1117 2982 ergastulis

155 2988 259 3049 Cosam
286 2990 318 3048 in
343 3007 415 3066 agro
440 2990 574 3050 Thurino
599 3009 770 3069 oppugnare
797 2993 905 3070 coepit.
948 2990 992 3050 Eo
1014 3008 1116 3052 cuma

154 3070 188 3140 Q.
215 3071 307 3131 Pedio
333 3081 470 3150 praetore
498 3066 566 3134 culn
594 3073 710 3151 legione
758 3119 984 3143 ..........
1015 3073 1115 3153 lepide

127 3157 230 3216 lictus
245 3173 282 3215 ex
296 3174 380 3216 muro
394 3159 497 3236 periit.
533 3157 571 3217 Et
585 3158 703 3219 Coelius
716 3160 883 3236 proiectus,
900 3168 932 3219 ut
947 3157 1114 3228 dictitabat,

154 3239 190 3299 ad
212 3239 369 3300 Caesarem
385 3244 525 3320 pervenit
545 3241 683 3302 Thurios.
719 3242 777 3303 Ubi
797 3261 864 3304 cum
885 3243 1030 3320 quosdam
1048 3245 1117 3304 eius

152 3325 310 3402 municipii
330 3323 505 3386 sollicitaret
525 3326 736 3404 equitibusque
757 3327 893 3388 Caesaris
914 3327 1005 3387 Gallis
1025 3335 1115 3406 utque

153 3406 308 3485 Hispanis,
330 3411 381 3486 qui
402 3428 437 3469 eo
457 3411 601 3487 praesidii
623 3428 710 3471 cause
730 3413 814 3471 missi
833 3419 934 3481 erant,
956 3413 1116 3490 pecuniam

120 3491 356 3568 aporrrcereror,
379 3492 416 3555 ab
430 3493 480 3557 bis
495 3501 541 3556 est
554 3495 743 3557 interiectus.
781 3495 826 3559 lta
838 3513 1013 3574 magnarum
1027 3497 1115 3557 initia
