2356 3870
146 214 206 278 118
342 280 346 287 ,
471 216 519 272 nn
539 215 654 271 nunno
675 214 785 293 enum

142 387 321 463 nuntiosque
337 384 475 444 dimissos
497 382 533 443 ad
554 401 620 452 eos,
642 382 745 460 quise
766 398 803 441 ex
823 381 893 458 luga
914 381 946 441 in
960 380 1105 442 finitimas

143 470 277 531 civitates
292 469 442 547 recepisse
460 467 641 535 dicerentur,
663 483 701 525 ne
716 463 904 526 Antiochiam
918 464 1049 526 adirent:
1070 463 1105 527 id

117 555 170 614 tsi
185 555 335 621 iecissent,
351 568 458 629 magno
468 569 571 611 eorum
581 548 687 630 capitis
700 547 835 629 periculo
849 550 994 610 loturum.
1020 547 1105 610 Idem

142 637 199 699 hoo
213 636 247 698 L.
262 636 402 704 Lentulo,
424 637 475 712 qui
496 637 650 714 superiore
671 651 748 694 anno
768 633 870 694 consul
889 633 1002 702 iuerat,
1024 640 1055 694 et
1068 633 1102 694 P.

142 721 268 782 Lentulo
282 720 431 782 consulari
451 737 486 779 ac
499 718 649 780 nonnullis
667 717 733 779 aliis
754 716 903 778 acciderat
917 716 1029 787 Rhodi;
1050 718 1105 796 qui

143 821 211 866 cum
232 823 268 865 er
293 806 363 882 iuga
383 804 557 883 Pompeium
583 809 781 882 sequerentur
803 809 891 880 atque
916 803 949 861 in
974 801 1105 862 insulam

141 891 308 959 venissent,
330 888 439 968 oppido
454 905 488 948 ac
508 894 597 966 portu
617 887 734 965 recepti
756 903 816 945 non
837 894 922 951 erant
942 887 1103 964 missisque
1162 924 1165 930 -

142 973 178 1033 ad
194 991 245 1034 eos
260 975 384 1042 nuntiis,
401 979 434 1032 ut
449 991 485 1032 ex
499 972 545 1032 his
566 970 641 1030 locis
655 968 859 1038 discederent,
881 977 984 1031 contra
1000 967 1103 1029 volun·

114 1063 234 1118 litatem
250 1075 332 1118 suam
346 1074 436 1117 naves
451 1055 611 1116 solverunt.
638 1053 757 1132 lamque
770 1052 807 1113 de
824 1051 959 1114 Caesaris
973 1053 1105 1114 adventu

141 1143 219 1202 lama
235 1141 271 1200 ad
287 1143 424 1201 civitates
437 1137 655 1220 perferebatur.

116 1234 131 1284 1
206 1223 280 1285 Clll.
313 1222 428 1295 Quibus
447 1223 572 1300 cognitis
598 1221 688 1283 rebus
707 1221 866 1300 Pompeius
892 1222 1027 1301 deposito
1050 1222 1103 1283 ad·

142 1309 256 1370 eundae
280 1308 385 1387 Syriae
410 1307 532 1368 consilio
560 1308 687 1385 pecunia
711 1306 863 1366 societatis
887 1305 1003 1367 sublata
1029 1313 1060 1366 et
1085 1325 1104 1367 a

142 1392 320 1473 quibusdam
345 1395 468 1470 privatis
490 1400 605 1468 sumpta
626 1397 656 1450 et
680 1390 759 1451 aeris
778 1407 885 1468 magno
909 1391 1042 1470 pondere
1065 1391 1104 1451 ad

141 1477 302 1537 militarem
316 1494 402 1537 usum
417 1479 449 1536 in
462 1492 553 1536 nares
572 1477 702 1553 inposito
717 1474 891 1554 duobusque
906 1473 1029 1535 milibus
1048 1474 1103 1535 bo-

140 1563 255 1621 minum
271 1563 407 1630 armatis,
428 1561 537 1641 partim
552 1577 627 1638 quos
641 1578 678 1620 ex
691 1558 816 1618 familiis
829 1560 1005 1620 societatum
1020 1558 1102 1619 dele·

141 1650 233 1722 gerat,
248 1647 357 1724 partim
372 1663 389 1706 a
403 1643 641 1722 negotiatoribus
656 1647 807 1720 coegerat,
829 1659 961 1722 quosque
982 1661 1018 1703 ex
1039 1645 1103 1704 suis

141 1730 267 1809 quisque
283 1728 320 1790 ad
333 1729 410 1789 banc
425 1747 488 1789 rem
504 1728 627 1790 idoneos
642 1725 846 1796 existimabat,
867 1726 1018 1788 Pelusium
1032 1745 1102 1806 per·

114 1815 232 1872 tvenit.
262 1812 308 1873 lbi
323 1831 394 1874 casu
408 1831 461 1873 rex
477 1820 541 1872 erat
554 1811 750 1880 Ptolemaeus,
771 1828 847 1890 puer
862 1818 967 1880 aetate,
985 1813 1102 1888 magnis

141 1899 234 1976 copiis
249 1915 317 1957 cum
332 1915 433 1958 sorore
449 1896 603 1978 Cleopatra
618 1893 729 1956 bellum
743 1911 867 1972 gerens,
889 1913 976 1974 quam
996 1897 1102 1975 paucis
1128 1946 1133 1954 .

140 1989 208 2041 ante
229 1980 383 2042 mensibus
403 1983 458 2060 pe'r
474 1997 543 2040 suos
563 1981 745 2059 propinquos
766 1988 855 2055 atque
876 1981 987 2040 amicos
1006 1996 1101 2056 regno

141 2064 309 2142 expulerat;
322 2070 486 2143 castraque
502 2063 675 2143 Cleopatrae
690 2082 750 2124 non
768 2063 856 2140 longo
871 2065 966 2141 spatio
981 2060 1018 2123 ab
1034 2065 1101 2124 eius

114 2155 129 2204 8
141 2149 248 2207 castris
260 2147 416 2208 distabant.
442 2147 485 2208 Ad
498 2165 565 2208 eum
577 2147 737 2232 Pompeius
748 2147 837 2216 misit,
853 2153 886 2208 ut
899 2164 955 2226 pro
969 2147 1101 2225 hospitio

140 2237 227 2309 atque
249 2234 380 2292 amicitia
400 2234 494 2310 patris
508 2231 685 2292 Alexandria
704 2234 893 2310 reciperetur
910 2239 998 2310 atque
1018 2230 1101 2293 illius

113 2314 249 2394 topibus
262 2318 294 2375 in
304 2315 467 2376 calamitate
483 2322 646 2392 tegeretur.
670 2315 729 2376 Sed
744 2317 796 2396 qui
811 2315 847 2375 ab
860 2333 896 2375 eo
907 2317 991 2375 missi
1002 2322 1098 2386 erant,

139 2400 274 2460 coniecto
298 2399 456 2477 legationis
480 2401 578 2461 officio
603 2399 729 2461 liberius
754 2418 821 2460 cum
846 2398 992 2460 militibus
1017 2400 1100 2476 regis

138 2483 265 2563 colloqui
281 2493 444 2562 coeperunt
459 2502 568 2564 eosque
582 2484 708 2554 hortari,
720 2493 754 2544 ut
768 2501 855 2544 suum
870 2484 998 2543 oliicium
1009 2483 1098 2544 Pom·

111 2568 205 2645 bpeio
220 2575 406 2643 praestarent
419 2586 494 2628 nere
509 2571 574 2629 eius
589 2569 739 2629 fortunam
754 2568 952 2647 despicerent.
986 2565 1020 2635 ln
1039 2567 1098 2628 hoc

138 2660 223 2711 erant
243 2669 369 2711 numero
389 2652 557 2731 complures
576 2652 700 2732 Pompei
722 2652 847 2722 milites,
873 2669 947 2730 quos
968 2671 1005 2712 ex
1030 2653 1099 2712 eius

137 2737 272 2796 exercitu
287 2743 424 2814 acceptos
438 2738 470 2796 in
486 2735 571 2816 Syria
586 2736 729 2798 Gabinius
738 2736 943 2797 Alexandriam
957 2735 1098 2796 traduxe-

137 2827 184 2880 rat
209 2819 345 2899 belloque
367 2820 502 2879 conlecto
524 2821 600 2899 apud
621 2820 836 2890 Ptolemaeum,
865 2827 979 2899 patrem
1000 2820 1096 2899 pueri,

136 2904 309 2983 reliquerat.

113 2996 126 3042 t
199 2987 286 3048 Cllll.
321 2987 375 3048 His
395 2995 466 3049 tunc
481 2991 608 3066 cognitis
622 2989 713 3050 rebus
727 2990 817 3049 amici
836 2989 915 3067 regis
952 2991 1003 3069 qui
1024 2980 1096 3068 pro·

137 3078 203 3149 pter
223 3077 349 3132 aetatem
369 3074 434 3132 eius
453 3075 653 3134 incuratione
675 3081 762 3133 erant
781 3076 883 3150 regni,
907 3073 967 3133 sire
989 3075 1096 3135 timore

137 3154 264 3224 adducti,
282 3162 313 3215 ut
327 3162 429 3234 postea
443 3156 664 3234 praedicabant,
681 3157 836 3217 sollicitato
851 3160 985 3218 exercitu
1000 3158 1093 3235 regio,

136 3256 173 3298 ne
193 3238 351 3317 Pompeius
371 3239 579 3301 Alexandriam
593 3241 815 3321 Aegyptumque
837 3248 1009 3320 occuparet,
1030 3245 1094 3303 sive

135 3322 274 3401 despecta
290 3325 354 3383 eius
368 3325 497 3393 iortuna,
513 3331 547 3385 ut
560 3325 734 3405 plerumque
749 3325 959 3386 incolomitate
971 3328 1094 3386 exami-

135 3408 178 3466 cis
192 3407 307 3467 inimici
323 3409 462 3476 existunt,
479 3407 537 3477 his,
554 3411 605 3488 qui
627 3416 712 3470 erant
731 3408 768 3468 ab
785 3427 820 3469 eo
837 3411 928 3478 missi,
946 3407 1041 3487 palam
1056 3408 1093 3469 li-

125 3487 274 3551 heraliter
281 3490 506 3576 responderunt
516 3511 643 3576 eumque
656 3493 694 3555 ad
703 3496 913 3572 regemrenire
922 3495 1092 3566 iusserunt;
