2356 3870
180 219 239 280 100
499 217 538 272 iti.
553 215 657 273 netto
673 215 811 271 cantico

148 386 161 437 1
240 379 432 441 xxxxviiii.
478 379 553 439 Galli
572 397 604 438 re
626 380 742 455 cognita
760 397 815 457 per
837 377 1039 456 exploratores
1055 377 1134 440 obsi·

179 461 1134 539 diurnemrelinquunt,adCaesaremomnibuscopilsconteudunt.

148 546 258 607 cllaec
273 554 357 607 erant
377 552 488 606 armata
499 547 617 606 circiter
636 544 716 605 utilia
730 565 780 605 ux.
801 543 903 604 Cicero
914 543 981 605 data
995 544 1136 606 lacrxltate

179 628 294 690 Gallum
306 630 342 691 ab
356 630 460 690 eodem
472 630 638 697 Verticone,
655 645 743 704 quem
758 646 848 706 supra
859 626 1135 697 demonstravimus,

178 714 301 792 repetit,
318 714 369 791 qui
391 713 504 774 litteras
525 712 561 773 ad
576 712 731 773 Caesarem
746 710 874 778 deierat;
891 709 970 772 hunc
986 711 1136 781 admonet,

148 797 236 856 aiter
251 804 336 858 caute
350 796 564 874 diligenterque
576 796 677 863 laclat;
693 794 851 875 perscribit
864 793 1018 865 inlitteris,
1034 794 1137 857 bostes

179 879 216 940 ab
237 899 269 940 se
285 881 455 941 discessisse
477 895 654 955 omnemque
673 878 710 939 ad
737 896 805 939 eum
825 877 1044 940 multitudinem
1065 897 1136 941 oon·

149 965 312 1024 avertisse.
350 963 463 1034 Quibus
484 962 591 1023 litteris
611 964 730 1023 circiter
749 961 845 1023 media
859 969 947 1022 nocte
963 962 1070 1024 Caesar
1085 961 1136 1023 ad·

179 1045 245 1107 latis
267 1065 338 1106 suos
358 1048 428 1108 iacit
452 1047 595 1107 certiores
621 1062 731 1123 eosque
758 1044 794 1105 ad
821 1044 1018 1106 dimicandum
1038 1047 1136 1106 animo

150 1135 166 1186 5
182 1131 343 1189 confirmat
373 1129 498 1191 Postero
512 1129 561 1189 die
580 1128 646 1188 luce
666 1131 762 1208 prima
781 1136 880 1189 movet
894 1136 991 1190 castra
1005 1137 1035 1188 et
1050 1130 1136 1190 circi·

180 1221 225 1273 ter
241 1213 319 1273 milia
333 1230 476 1291 passuum
490 1219 630 1290 quattuor
643 1229 820 1291 progressus
835 1219 917 1274 trans
930 1212 1036 1273 vallem
1051 1218 1082 1273 et
1094 1214 1136 1273 ri·

149 1295 811 1374 ovurnmultitudinemhostiumconspicatur.
828 1296 1004 1374 liratmagni
1010 1295 1137 1375 periculi

179 1397 243 1447 res,
265 1379 386 1440 tantulis
407 1381 499 1458 copiis
519 1381 621 1456 iniquo
636 1377 702 1439 loco
723 1378 878 1447 dimicare:
895 1387 973 1450 tum,
996 1381 1136 1457 quoniam

180 1460 332 1523 obsidione
353 1462 511 1524 liberatum
531 1462 704 1523 Ciceronem
723 1462 843 1532 sciebat,
864 1479 959 1540 aequo
974 1464 1072 1524 animo
1087 1481 1136 1524 re·

149 1545 355 1606 amittendum
375 1546 412 1607 de
433 1545 583 1606 celeritate
604 1545 808 1606 existumabat.
838 1545 979 1607 Consedit
993 1553 1031 1616 et,
1048 1563 1137 1624 quam

180 1631 357 1706 aequissimo
371 1629 437 1690 loco
452 1636 563 1708 potest,
587 1637 681 1690 castra
697 1630 859 1690 communit
872 1636 962 1706 atque
976 1629 1064 1699 baec,
1081 1631 1138 1692 etsi

181 1715 437 1793 erantcxiguaper
451 1731 492 1783 se,
508 1712 715 1773 rixbominnm
724 1711 838 1773 milium
863 1719 987 1792 septem,
998 1731 1136 1793 praeser-

69 1794 72 1801 “
180 1797 233 1855 tim
244 1795 332 1857 nullis
343 1815 411 1858 curn
421 1795 639 1874 inpedimentis,
652 1803 751 1857 tamen
761 1797 903 1874 angustiis
912 1798 1034 1866 viarum,
1048 1813 1136 1874 mam

180 1881 307 1940 maxime
320 1887 428 1958 potest,
445 1879 592 1940 contrabit
607 1897 642 1939 eo
657 1877 789 1948 consilio,
811 1881 890 1940 utin
903 1898 1049 1941 summam
1065 1898 1136 1941 con·

148 1963 373 2042 stemptlonem
400 1962 534 2023 hostibus
559 1964 665 2023 veniat.
707 1963 830 2023 Interim
850 1963 1087 2042 speculatoribus
1105 1966 1137 2025 in

181 2062 284 2105 omues
298 2054 397 2123 partes
410 2045 539 2106 dImissis
551 2044 693 2125 explorat,
710 2063 769 2122 que
781 2046 1019 2109 commodissime
1029 2048 1136 2108 itinere

181 2125 272 2188 valles
287 2130 407 2189 transiri
421 2131 523 2207 possit

150 2218 162 2267 1
242 2211 273 2270 L.
304 2211 347 2271 Eo
363 2211 409 2271 die
423 2210 552 2290 parvulis
573 2210 760 2288 equestribus
780 2213 901 2291 proeliis
921 2213 958 2274 ad
972 2230 1079 2291 aquarn
1093 2215 1136 2274 la·

149 2302 166 2351 2
181 2294 235 2354 ctis
250 2295 369 2371 utrique
384 2313 451 2356 sese
465 2313 519 2356 suo
539 2295 606 2355 loco
621 2295 789 2365 continent,
813 2296 901 2366 Galli,
918 2297 998 2374 quod
1013 2297 1136 2377 amplio-

149 2384 165 2434 3
179 2394 229 2437 res
236 2380 345 2456 copias,
357 2395 432 2455 quae
438 2378 570 2439 nondum
576 2386 781 2448 convenerant,
795 2379 1006 2459 expectabant,
1019 2381 1136 2450 Caesar,

181 2460 206 2520 si
220 2460 298 2522 forte
313 2463 428 2522 timoris
443 2461 631 2522 simulatione
645 2459 747 2522 hostes
760 2463 791 2523 in
811 2481 899 2524 suum
913 2463 1012 2525 locum
1027 2463 1138 2525 elicere

181 2551 290 2621 posset,
307 2553 341 2605 ut
354 2546 428 2606 citra
441 2544 545 2606 vallem
561 2563 617 2623 pro
633 2546 737 2607 castris
755 2545 871 2625 proelio
886 2547 1096 2615 contenderet;
1111 2549 1138 2608 si

181 2626 211 2685 id
233 2628 352 2688 efficere
378 2646 437 2688 non
462 2637 577 2706 posset,
606 2632 640 2688 ut
661 2628 820 2707 exploratis
839 2629 996 2692 itineribus
1021 2631 1138 2692 minore

149 2718 248 2770 acum
263 2709 397 2789 periculo
411 2711 517 2771 vallem
532 2713 688 2788 rivumque
701 2714 852 2774 transiret.
883 2714 982 2775 Prima
1000 2713 1069 2775 luce
1082 2712 1137 2774 bo·

181 2795 270 2854 stium
287 2796 434 2871 equitatus
449 2794 485 2856 ad
491 2802 587 2856 castra
602 2794 715 2855 accedit
728 2795 935 2874 proeliumque
946 2814 1015 2858 cum
1026 2799 1139 2858 nostris

150 2881 166 2933 o
182 2877 329 2953 equitibus
342 2880 504 2939 committit.
534 2878 639 2939 Caesar
651 2877 785 2939 consulto
797 2881 911 2957 equites
923 2880 1030 2942 cedere
1044 2897 1138 2958 seque

182 2963 212 3019 in
227 2971 322 3021 castra
333 2964 468 3041 recipere
478 2961 575 3030 iubet;
591 2960 679 3021 simrd
690 2979 727 3022 ex
741 2962 879 3024 omnibus
892 2963 1027 3043 partibus
1041 2971 1138 3025 castra

182 3042 286 3104 altiore
302 3043 375 3104 vallo
389 3047 499 3106 muniri
509 3051 669 3123 portasque
680 3044 793 3106 obstrui
804 3053 892 3124 atque
905 3049 937 3108 in
951 3046 997 3109 bis
1012 3046 1136 3109 admini-

182 3127 310 3188 strandis
330 3127 421 3188 rebus
442 3144 530 3204 quam
550 3129 676 3189 maxime
697 3131 869 3191 concursari
888 3138 1001 3193 etcum
1016 3131 1137 3193 simula·

182 3211 262 3271 tione
277 3212 324 3288 agi
338 3212 452 3272 timoris
466 3211 558 3272 iubet
662 3264 665 3269 .

152 3299 163 3350 t
244 3293 288 3355 tn.
320 3293 432 3365 Quibus
454 3293 590 3357 omnibus
608 3296 700 3359 rebus
714 3294 815 3359 hostes
833 3299 948 3359 invitati
962 3300 1062 3378 coplas
1075 3306 1137 3359 tra·

151 3376 293 3438 tducunt
318 3380 471 3456 aciemque
496 3378 598 3455 iniquo
623 3379 690 3442 loco
715 3382 911 3450 constituunt,
932 3384 1043 3442 nostris
1064 3400 1137 3444 vero

183 3463 270 3521 etlam
285 3461 323 3524 de
337 3462 411 3523 vallo
421 3461 564 3533 deductis,
580 3467 701 3544 propius
712 3465 855 3527 accedunt
870 3472 899 3527 et
909 3464 968 3526 tela
981 3467 1058 3527 intra
1070 3485 1136 3528 mu·
