2356 3870
158 196 221 260 176
380 187 498 251 INDEX
514 196 695 251 NOMINUM
711 195 760 251 ΕΤ
777 196 915 251 RERUM.

173 337 275 393 Caesar
301 338 328 392 11
358 337 482 406 legiones
511 337 632 392 frumen·
659 336 774 392 Aricia
794 337 940 419 (oppidum
962 337 1053 406 Latii)
1078 338 1150 393 falso

173 409 253 462 tandi
280 424 363 462 causa
385 408 426 462 ibi
452 407 483 462 in
508 408 633 463 hibernis
677 424 728 477 pro
750 408 874 463 Marsis
897 407 1004 476 posits,
1032 408 1089 463 ubi
1116 411 1149 465 si·

173 479 337 547 collocatas,
355 477 408 531 Vll
441 485 488 546 90,
508 484 536 546 ’1,
567 479 633 534 inde
677 482 738 532 tum
757 478 800 532 est
822 476 957 547 oppidum
976 479 1086 548 Alba,
1104 480 1147 535 Fr.

173 549 267 603 educit
285 550 382 602 contra
396 520 540 614 Carnutes,
557 549 633 617 VIII,
677 567 704 617 p.
725 554 784 602 127.
803 567 829 602 v.
851 554 875 601 7.

174 624 203 686 4,
222 625 247 673 3.
659 617 1146 688 AriminumoppidumUmbriae,

156 691 311 744 aratores
322 689 496 758 stipendiarii
504 688 634 743 inAfrica
676 689 726 743 ubi
736 687 838 743 Caesar
855 705 918 743 cum
937 689 1052 745 duobus
1066 690 1146 746 Pom·

172 759 289 828 Pompei
311 762 402 813 castra
425 759 504 829 sequi
531 776 632 828 cogun-
678 759 788 828 peianis
811 759 993 828 colloquitur,
1019 759 1145 831 c.1,s‚

174 832 228 898 tur,
246 829 304 884 Afr.
324 837 366 898 20,
386 836 411 883 4.
679 836 702 883 1.
723 831 819 897 (-4.),
839 830 1004 898 aPompeio
1017 830 1090 887 inde
1103 847 1144 886 ex-

155 901 347 969 Arduenna,
376 900 477 970 silva,
505 915 577 968 quae
604 900 634 954 in
678 899 776 955 cedere
799 899 903 968 iussus,
929 907 975 970 10,
995 907 1020 954 3.
1049 908 1099 969 11,
1123 908 1144 969 1,

174 971 267 1040 Belgis
285 986 303 1023 a
320 971 417 1025 Rheno
435 971 462 1024 fl.
482 971 518 1025 ad
531 971 632 1025 Remos
676 969 713 1023 M.
732 970 884 1025 Antonium
910 970 977 1024 inde
1000 971 1144 1027 Arretium

173 1041 345 1110 Nerviosque
359 1041 488 1109 pertinet.
510 1040 632 1095 Indutio·
677 1039 779 1108 mittit,
797 1041 858 1110 ipse
872 1041 1014 1095 delectum
1032 1040 1079 1097 ibi
1098 1043 1143 1097 ba

174 1127 266 1165 marus
302 1111 427 1165 homines
456 1113 492 1166 ad
527 1111 633 1166 bellum
678 1111 739 1179 bet,
757 1110 794 1165 ib.
813 1117 838 1164 3.

172 1181 288 1235 inutiles
303 1181 333 1235 in
352 1198 412 1236 eam
433 1182 523 1250 abdit,
548 1181 581 1236 G.
599 1182 632 1251 V,
659 1181 908 1236 Ariobarzanes
923 1182 1001 1251 (III.)
1022 1199 1076 1237 rex
1094 1182 1142 1238 Co·

174 1258 203 1320 3,
222 1258 252 1318 4,
285 1250 387 1306 Caesar
405 1267 458 1322 per
477 1269 539 1307 eam
556 1252 633 1307 Basi-
678 1251 813 1322 pastoriae
827 1252 935 1320 equites
944 1252 1085 1321 Pompeio
1098 1254 1141 1308 ed·

173 1323 232 1376 lum
255 1324 352 1377 contra
369 1322 511 1378 Eburones
536 1322 632 1390 mittit,
678 1322 765 1390 ducit,
785 1322 815 1378 C.
833 1323 884 1391 ΠΙ,
903 1328 933 1390 4,
955 1328 986 1388 3,
1019 1321 1073 1377 On.
1091 1324 1140 1379 Do

107 1428 113 1437 -
173 1393 224 1460 VI,
243 1399 291 1460 29,
315 1399 345 1460 4,
377 1410 494 1460 quorum
517 1409 583 1461 pars
604 1393 634 1446 in
677 1392 785 1461 mitius,
814 1409 877 1446 cum
909 1409 957 1447 rex
989 1392 1139 1453 Deiotarus

174 1462 633 1601 Ctsssairitfiintiidrizleirffetipseis
677 1463 1139 1602 {litiesStiSPtstrseriAcdlliidlssideeg'elt'ii

174 1605 307 1672 sequitur,
326 1609 368 1672 33,
387 1609 412 1658 3.
432 1603 486 1672 (A.)
677 1605 897 1672 vastareturque‚
914 1603 1025 1672 equites
1046 1605 1075 1661 ei
1091 1606 1137 1661 im·

156 1673 357 1742 Arecomici,
376 1692 402 1727 v.
421 1673 556 1728 Volcae.
677 1676 770 1742 perat,
788 1674 831 1727 Al.
846 1681 892 1742 34,
914 1681 941 1742 1,
966 1680 997 1741 4,
1029 1677 1138 1744 partem

155 1746 294 1803 Arelate
331 1743 463 1813 oppidum
498 1744 632 1813 Sallyum,
677 1744 757 1813 regni
775 1743 802 1797 ei
819 1744 954 1812 concedit,
974 1751 1017 1813 66,
1040 1751 1067 1799 5.

173 1815 221 1869 ubi
244 1814 346 1869 Caesar
367 1830 452 1869 naves
475 1814 572 1884 longas
595 1815 632 1868 ad
659 1813 853 1868 Ariovistus
870 1831 919 1869 rex
933 1813 1136 1871 Sueborumeb

173 1886 277 1939 bellum
286 1884 459 1939 Massiliense
472 1885 532 1938 fieri
545 1886 631 1952 iubet,
675 1884 807 1938 Arvernis
835 1887 864 1938 et
881 1884 1019 1953 Sequanis
1048 1903 1136 1941 aecer-

173 1955 202 2009 C.
222 1956 243 2023 Ι,
262 1961 304 2023 36,
323 1961 348 2009 4.
367 1956 400 2023 Π,
420 1962 445 2023 3,
466 1962 488 2009 1.
676 1954 745 2009 situs
764 1954 913 2009 crudeliter
931 1955 961 2009 in
975 1954 1074 2011 Gallia
1090 1958 1136 2011 im·

154 2024 374 2080 Aremoricae
393 2024 630 2080 civitatesCal-
676 2027 764 2093 perat,
783 2023 846 2093 G.I,
861 2032 903 2093 31,
924 2032 965 2081 10.
987 2033 1135 2082 131313.

172 2095 228 2150 1133
251 2094 373 2149 Celticae
396 2097 425 2149 ot
443 2095 572 2164 Belgicae
595 2096 630 2149 si·
676 2101 719 2160 32,
738 2102 763 2149 4.
782 2102 807 2148 t.
826 2103 869 2164 33,
889 2104 912 2150 1.
933 2103 957 2149 2.
977 2104 1008 2163 3,
1036 2096 1137 2153 Caesar

171 2168 218 2219 tae
232 2165 261 2217 in
276 2181 324 2219 ora
339 2165 488 2246 maritima.
511 2167 631 2246 Magnae
675 2164 734 2220 eius
757 2165 871 2247 epiricus
892 2167 1064 2221 retracturus
1083 2168 1135 2249 fiu-

170 2235 631 2386 {surrecturum}
675 2237 733 2374 u?
748 2236 1136 2387 At?‘¹t¹}m1?bisst.ttt

172 2376 212 2430 tio
226 2375 261 2429 de
270 2376 436 2431 Nerviorum
450 2376 529 2430 clade
543 2377 630 2431 allato
675 2376 805 2444 querellis
836 2379 978 2445 permotus
1003 2379 1043 2431 ad
1075 2395 1135 2433 eum

171 2446 328 2514 aufugiunt,
354 2447 385 2501 G.
405 2446 438 2513 V,
458 2453 500 2516 53,
520 2454 548 2512 6,
580 2465 629 2500 nu·
677 2446 821 2501 contendit
847 2447 1063 2518 Vesontionem,
1095 2454 1134 2515 31,

170 2534 277 2571 merum
313 2516 433 2570 militum
465 2533 483 2570 a
514 2516 630 2572 33331113
676 2523 701 2570 2.
721 2522 745 2570 ὅ.
765 2524 788 2571 6.
808 2523 850 2586 38,
872 2523 899 2583 1,
920 2534 955 2571 33
974 2534 1039 2573 eum
1057 2520 1134 2574 time

171 2585 314 2641 Gallorum
327 2587 495 2656 imperatum
504 2588 630 2655 mittunt,
675 2589 737 2656 ant,
759 2587 864 2643 milites
882 2589 1022 2656 hortatur,
1043 2595 1093 2659 33,
1111 2596 1133 2643 t.

170 2658 233 2725 VII,
254 2662 301 2724 75,
320 2662 350 2723 4,
375 2673 438 2710 eum
464 2656 630 2713 Carnutibus
675 2663 718 2726 40,
737 2664 762 2712 2.
781 2664 811 2723 8,
840 2675 902 2711 oum
920 2675 1007 2727 prope
1024 2660 1135 2715 abesset

171 2727 201 2782 C.
228 2726 316 2781 Fabio
348 2743 378 2782 se
409 2726 529 2796 dedunt,
556 2728 629 2794 VIII,
674 2744 693 2781 a
711 2727 837 2796 Caesare,
856 2729 889 2782 A.
909 2729 1085 2797 colloquium
1101 2730 1134 2785 ab

170 2805 212 2866 31,
231 2804 257 2852 4.
674 2815 706 2853 eo
725 2800 869 2867 impetrat,
889 2806 931 2867 41,
950 2805 975 2853 5.
1001 2806 1047 2869 43,
1069 2808 1093 2857 1.
1110 2806 1133 2855 4.

152 2868 336 2938 Arguetius
374 2868 425 2934 (de
464 2885 519 2936 quo
560 2869 629 2922 nibil
675 2875 722 2936 43,
744 2876 824 2936 1-3‚
844 2869 932 2938 quod,
951 2886 1015 2923 oum
1035 2870 1134 2927 Caesar

170 2940 314 3006 praeterea
356 2940 480 3007 constat)
522 2937 630 3005 aliquot
675 2942 927 3008 commemorasset,
959 2956 1025 2995 eum
1058 2942 1132 3013 cupi·

170 3008 256 3077 signis
292 3008 509 3078 Saguntinorum
541 3008 630 3077 captis
674 3009 785 3064 dissime
807 3011 905 3080 populi
921 3011 1044 3067 Romani
1069 3012 1134 3069 smi-

171 3095 233 3131 oum
264 3079 393 3146 equitatu
420 3078 456 3131 ad
484 3078 630 3133 Caesarem
675 3080 770 3135 citiam
810 3081 951 3150 appetisse
996 3082 1134 3154 huiusque

169 3149 254 3216 venit,
272 3149 306 3202 Η.
327 3156 369 3217 10,
390 3155 413 3203 1.
675 3167 734 3204 3333
753 3149 887 3220 Galliam,
909 3167 964 3205 non
982 3152 1075 3223 illius,
1094 3160 1134 3221 44,

155 3219 353 3273 Ariarathes
384 3220 471 3273 frater
499 3220 628 3275 Ariobar-
676 3226 700 3274 1.
724 3226 819 3289 43,1,
847 3221 986 3276 dirimitur
1014 3226 1053 3279 ab
1079 3225 1134 3280 eius

170 3290 258 3358 nanis,
286 3289 359 3344 filius
381 3290 577 3344 Ariobarzanis
594 3292 628 3345 Π.
674 3292 826 3360 equitibus,
845 3299 888 3360 46,
909 3300 932 3346 1.
951 3300 981 3357 4,
1014 3295 1134 3351 alterum

169 3362 243 3430 regis
262 3358 464 3430 Cappadociae,
484 3360 629 3416 aCaesere
674 3362 844 3431 colloquium
865 3362 950 3431 petit;
978 3364 1093 3434 legatos
1118 3382 1134 3420 3

166 3434 278 3502 partem
314 3431 393 3501 regni
429 3431 544 3500 accipit,
584 3432 627 3487 Al.
673 3431 790 3487 Caesare
808 3433 916 3500 missos,
935 3450 1058 3501 quorum
1076 3437 1133 3493 uui·

162 3511 205 3576 36,
226 3510 251 3561 6,
673 3519 709 3557 us
726 3503 849 3571 bospitio
871 3504 1019 3572 utebatur,
1040 3507 1075 3565 in
1091 3524 1134 3563 os·
