2356 3870
490 187 663 243 CAESARIS

387 365 424 403 ΑΒ
436 366 460 409 Q.
474 366 591 403 wutron
603 365 759 402 cIcsnorcffl.

387 432 430 499 [A.
449 431 482 485 c.
501 430 530 486 c.
548 430 765 501 neurim]

160 506 218 570 Oa.
237 508 295 582 Ep.
314 510 353 569 cd
372 508 404 582 Q.
423 509 461 581 fr.
475 508 508 576 I,
525 506 562 583 2,
583 511 632 567 11.
677 507 720 566 Ut
742 508 858 582 opinor,
885 507 984 567 Flavii
1008 509 1061 567 ali·

94 598 211 675 quando
233 615 297 656 rem
320 599 350 657 et
371 596 528 671 Pompeius
552 601 582 658 et
596 594 704 654 Caesar
726 597 782 655 tibi
805 596 1061 657 commendarunt

162 767 243 828 Caes.
258 768 296 827 Β.
313 767 349 828 G.
369 768 403 834 V,
419 690 758 840 45ii3Ulliiniiiriiilam
773 786 808 826 ex
826 767 977 842 equitibus
992 765 1062 829 Gel-

92 857 130 916 lis
144 857 259 932 magnis
282 857 421 932 praemiis
443 857 613 930 persuadet,
635 855 681 913 uti
703 855 741 914 ad
756 853 926 914 Ciceronem
948 856 1062 930 epistu-

94 947 155 1004 lam
178 944 299 1004 deferat.
344 944 429 1003 Hane
451 943 571 1003 Graecis
594 943 790 1016 conscriptam
816 943 925 1002 litteris
955 943 1062 1016 mittit,

93 1053 131 1092 ne
153 1034 317 1106 intercepta
340 1032 468 1107 epistula
480 1034 583 1091 nostra
597 1033 634 1091 ab
657 1031 793 1090 hostibus
807 1031 930 1090 consilia
953 1047 1062 1106 cogno-

95 1123 223 1180 scantur.
258 1119 294 1177 In
316 1119 423 1178 litteris
438 1119 554 1192 scribit,
578 1137 610 1179 se
623 1137 691 1177 cum
712 1119 881 1194 legionibus
893 1118 1063 1193 protectum

94 1209 230 1267 celeriter
243 1207 347 1281 affore3
370 1207 519 1281 hortatur,
542 1210 577 1265 ut
598 1206 754 1281 pristinam
767 1207 909 1265 virtutem
923 1207 1063 1267 retineat.

207 1337 243 1373 co
261 1337 285 1373 n.
303 1336 454 1374 consanum
471 1336 579 1373 sennan
596 1318 728 1385 (aaaron)
746 1336 779 1371 ar
796 1336 820 1376 c.
840 1333 944 1372 cerrum

450 1383 492 1455 [A.
509 1385 543 1440 u
562 1385 591 1439 c.
610 1383 701 1452 nco]

163 1475 222 1537 Cic
235 1477 293 1551 Fsp.
308 1478 348 1536 cd
362 1477 393 1551 Q.
407 1479 445 1550 fr.
459 1479 507 1544 II,
525 1479 574 1550 12,
589 1480 617 1536 4.
663 1477 707 1536 De
722 1475 848 1538 Caesare
870 1479 992 1552 fugerat
1014 1498 1064 1539 me

95 1566 134 1624 ed
147 1568 178 1624 te
193 1567 332 1624 scribere:
346 1565 431 1624 video
446 1567 533 1638 enim,
542 1583 616 1640 quas
629 1568 664 1624 tu
677 1566 793 1624 litteras
807 1566 978 1641 expectaris.
1004 1565 1064 1626 Sed

96 1654 147 1714 ille
170 1653 288 1728 scripsit
301 1654 339 1712 ad
352 1653 488 1726 Balbum,
512 1653 685 1713 fasciculum
707 1654 793 1712 illum
807 1654 1012 1729 epistularum,
1031 1656 1064 1714 in

2 1743 4 1747 ’
96 1759 155 1817 quo
181 1741 280 1801 fuerat
306 1759 372 1800 mea
400 1745 430 1800 et
456 1741 557 1813 Balbi,
588 1744 686 1800 totum
718 1742 775 1800 sibi
804 1760 882 1818 aqua
907 1742 1064 1802 madidum

96 1830 245 1889 redditum
268 1847 346 1901 esse,
375 1832 469 1888 utne
491 1830 566 1887 illud
588 1829 708 1904 quidem
731 1830 818 1902 sciat,
844 1848 941 1888 meam
968 1830 1064 1890 fuisse

97 1918 229 1992 aliquam
252 1919 417 1992 epistulam.
457 1916 515 1976 Sed
538 1935 573 1975 ex
594 1917 682 1976 Balbi
705 1917 832 1994 epistula
854 1935 948 1992 pauca
968 1921 1065 1978 verbe

97 2005 297 2077 intellexerat,
320 2005 357 2062 ad
380 2023 456 2079 quae
478 2005 629 2079 rescripsit
651 2005 698 2063 his
716 2005 828 2065 verbis:
864 2005 912 2063 Dc
924 2004 1065 2066 cicerone

97 2097 124 2151 te
136 2095 216 2152 video
231 2093 368 2164 quiddam
382 2095 544 2165 serpsisse,
567 2093 643 2166 quod
665 2110 713 2166 epo
727 2111 786 2152 ccc
807 2094 946 2152 intellecti:
969 2112 1064 2165 caan·

98 2184 158 2238 tum
181 2183 276 2238 actem
298 2181 460 2238 coniectura
482 2182 684 2253 consecramur,
711 2182 743 2239 ld
766 2185 828 2240 erat
850 2183 1003 2249 eiusmodi,
1030 2187 1065 2241 at

98 2268 192 2340 mapis
214 2268 372 2339 optandum
394 2285 481 2339 quom
503 2269 680 2340 perandum
696 2273 841 2341 macron.
886 2268 988 2327 Iocum
1011 2287 1065 2328 au-

97 2356 159 2413 tem
180 2354 261 2412 illius
285 2355 321 2411 de
345 2372 398 2412 sua
412 2358 545 2430 egestate
566 2375 604 2415 ne
627 2357 668 2415 sis
682 2359 864 2431 aspernatus.
880 2388 920 2396 -
944 2357 1015 2424 III,
1036 2361 1064 2430 1,

100 2443 129 2515 5,
146 2445 195 2502 18.
233 2439 317 2511 Quod
331 2442 471 2502 interiore
486 2444 613 2519 epistula
626 2445 739 2517 scribis,
753 2463 800 2502 me
813 2444 915 2502 Idibus
930 2442 1064 2518 Septem-

98 2531 200 2590 bribus
214 2529 353 2604 Pompeio
376 2532 509 2606 legatum
531 2532 582 2604 iri,
604 2531 634 2589 id
658 2550 713 2606 ego
727 2550 786 2590 non
809 2533 922 2604 audivi,
945 2533 1064 2608 scripsi-

99 2636 156 2692 que
179 2618 217 2674 ad
241 2615 406 2690 Caesarem,
428 2636 517 2691 neque
529 2618 694 2678 Vibullium
709 2618 844 2678 Caesaris
866 2621 1008 2679 mandata
1026 2622 1064 2680 de

99 2723 165 2763 mea
196 2705 348 2763 mansione
379 2705 417 2762 ad
448 2706 620 2781 Pompeium
651 2709 809 2782 pertulisse
839 2726 894 2767 nec
926 2706 1064 2784 Oppium.

99 2790 163 2861 Quo
195 2791 337 2850 consilio?
387 2792 572 2870 Quamquam
603 2793 731 2871 Oppium
763 2814 818 2870 ego
849 2798 945 2868 tenui,
984 2798 1065 2872 quod

98 2881 211 2956 priores
233 2884 333 2955 partes
355 2879 481 2940 Vibullii
504 2887 603 2942 erant:
631 2903 698 2942 cum
721 2901 755 2943 eo
778 2884 857 2943 enirn
879 2901 978 2943 coram
992 2883 1065 2944 Cae·

99 2986 149 3029 sar
171 2971 287 3044 egerat,
309 2969 348 3026 ad
371 2968 498 3045 Oppium
521 2972 686 3046 scripserat

444 3065 719 3135 noemma

168 3137 225 3198 co.
240 3139 298 3212 Ep.
313 3140 352 3198 act
365 3138 424 3199 Au.
445 3142 558 3209 VIIII,
575 3145 602 3215 6,
620 3145 646 3200 1.
687 3143 780 3201 Roma
803 3144 921 3218 scripsit
942 3144 1067 3218 Balbus,

100 3227 235 3286 cohortes
258 3246 322 3300 sex,
351 3246 426 3303 quae
448 3228 544 3290 Albae
566 3231 705 3304 fuissent,
728 3233 766 3290 ad
790 3230 912 3291 Curium
934 3232 1067 3292 Minucia.

101 3314 256 3386 transisse,
283 3315 314 3373 id
338 3313 494 3376 Caesarem
521 3319 559 3376 ad
582 3337 613 3377 se
636 3320 800 3394 scripsisse,
829 3324 859 3378 et
882 3320 964 3379 brevi
992 3324 1067 3383 tem-

100 3421 171 3478 pore
194 3421 262 3461 eum
284 3403 322 3461 ad
345 3407 450 3465 urbem
472 3406 614 3466 futurum.
661 3400 719 3485 (Cf.
744 3406 826 3474 Caes.
849 3409 888 3467 B.
904 3407 935 3468 C.
959 3409 988 3476 I,
1014 3412 1067 3481 24,

97 3483 144 3571 3.)
172 3523 213 3533 -
246 3488 320 3555 Μ’.
368 3493 509 3552 Caesar
529 3495 652 3565 oppio
671 3495 844 3551 cornelio
861 3498 932 3550 cal.
985 3496 1069 3556 Gaas.
