2356 3870
369 270 373 277 ,
475 214 683 272 EPISTULAE,
998 215 1061 281 145
1142 211 1145 218 ’

94 371 147 430 deo
173 369 342 437 mehercule,
369 386 420 429 eos
445 370 611 444 sipmfieare
632 371 747 438 litteris,
775 389 863 445 qaam
889 375 973 433 oalde
989 392 1060 448 pro-

95 459 166 518 betis
197 475 244 525 ea,
276 475 349 532 paee
381 458 461 531 apud
492 457 654 530 Cordaima
684 464 753 533 caat
785 465 873 533 pecta
933 461 1060 522 (locedio

94 550 188 606 oestro
209 550 279 605 ator
306 547 435 614 libenter,
464 550 491 605 et
516 547 567 605 boc
593 547 741 614 libentius,
768 550 855 621 meod
868 566 935 609 mea
961 555 1060 624 sponte

95 636 192 707 tacere
214 636 430 702 constitueram,
452 638 485 694 at
507 651 595 708 auem
617 636 797 699 aspamam
818 653 864 696 me
879 639 1059 712 praeberem,
1084 670 1086 675 ·

96 722 312 796 etPompeiam
339 724 440 782 dorem
461 739 579 796 operam
604 728 638 783 at
662 725 886 791 receaeiliarem.
932 726 1060 800 Tempta-

95 829 161 869 mms
183 812 234 870 boc
256 811 353 879 modo,
376 813 590 884 eipoesaams,
614 813 745 872 ommium
764 813 924 874 aelimmtes
944 832 1060 889 recube-

95 915 165 958 rare
188 904 215 958 et
235 901 375 960 diatmma
397 901 519 959 otdorto
539 902 597 968 ati,
619 902 756 974 quereiam
768 901 872 974 reliqui
894 903 1061 962 crudelitate

95 988 194 1047 odiam
226 990 348 1062 effapcre
377 1004 436 1046 moa
459 992 618 1061 potaemmt
646 1005 738 1063 nepae
768 991 919 1055 victoriam
951 991 1061 1061 dictiue

95 1081 190 1135 teroem
210 1081 329 1150 praeter
355 1093 447 1135 mamm
470 1077 511 1135 Ii.
533 1075 660 1146 Sullam,
693 1095 778 1151 mern
810 1080 976 1139 imitatam
1002 1095 1061 1138 mom

95 1182 170 1224 cam
215 1165 298 1225 Haeo
319 1181 395 1223 mooe
416 1167 455 1224 cit
475 1167 551 1225 ratio
578 1167 725 1236 eieceredi,
746 1171 788 1234 ,at
812 1167 1019 1240 misericordia¹
1035 1171 1062 1227 et

96 1252 267 1322 liberalitate
288 1269 342 1312 mes
362 1255 537 1312 mamiomae.
582 1254 623 1314 Id
644 1257 883 1329 quemadmodum
908 1257 975 1327 (leri
991 1273 1060 1329 poe-

96 1344 148 1407 eit,
171 1341 312 1400 amaillo
332 1341 403 1399 milti
425 1343 458 1400 im
479 1344 600 1401 meatem
621 1339 751 1412 reaiaat,
776 1348 802 1403 et
823 1343 915 1403 malta
937 1346 1060 1418 reperiri

91 1434 223 1505 peccaret.
269 1429 316 1488 De
341 1430 386 1488 liic
412 1430 497 1490 robae
522 1447 591 1504 rope
612 1449 664 1492 oes
688 1437 723 1492 mt
748 1434 944 1508 capitationem
971 1433 1060 1492 casei-

92 1519 193 1594 piotic.
229 1517 268 1576 N.
282 1518 432 1591 Mopiam,
454 1517 574 1592 Pompei
580 1522 775 1593 praetectma,
799 1520 977 1594 deprehendi
999 1519 1060 1580 Soi-

97 1608 162 1664 lieet
182 1623 243 1665 meo
265 1608 393 1665 iactitmto
415 1622 487 1664 meac
509 1625 574 1666 sam
596 1611 624 1666 et
649 1625 713 1667 eam
735 1611 832 1669 adtira
853 1611 974 1668 missma
996 1610 1059 1681 feei.

98 1695 168 1752 Iam
190 1695 246 1753 dmo
267 1694 410 1768 praefecti
436 1694 554 1766 fobeam
575 1694 693 1769 Pompei
719 1699 751 1756 ia
777 1713 871 1756 meam
891 1699 1060 1768 potestatem

97 1787 236 1842 amoremt
258 1787 284 1840 et
310 1797 396 1841 ome
417 1784 500 1842 rioci
520 1787 596 1842 secat.
577 1783 675 1842 tSi
696 1785 790 1844 oelmt
778 1785 892 1858 tereti
913 1799 985 1851 ecee,
1014 1785 1060 1843 do-

99 1873 202 1930 bebrmt
213 1871 422 1954 Pompeiam
424 1870 613 1939 berterici
642 1860 727 1957 molit
756 1873 828 1932 mibi
859 1887 919 1930 esse
950 1873 1060 1930 amicas

98 1977 186 2032 amam
207 1961 259 2026 iis,
282 1961 331 2032 pai
354 1963 380 2017 ct
400 1959 566 2020 illietmdei
580 1952 691 2034 semper
712 1957 832 2034 faarai
851 1960 1061 2031 inimicissimi·

98 2065 221 2121 quoram
234 2048 367 2120 amittetis
381 2047 508 2118 effectam
522 2052 570 2116 est,
592 2051 626 2107 at
646 2050 833 2122 respublica
821 2065 853 2108 m
866 2047 1000 2107 lmaosta
1001 2051 1059 2107 tam

92 2139 315 2210 poromiret—
335 2131 485 2203 13..A,1.
511 2136 651 2196 vaccar
664 2136 787 2204 oppio
800 2137 1058 2193 Germeltoaol.

98 2221 178 2283 Ad.
197 2223 418 2284 v11.Id.Mart
441 2222 637 2293 Bramdisimm
659 2223 740 2292 ocal·
763 2221 803 2280 od
823 2236 941 2279 mercem
963 2224 1061 2279 oestro

92 2316 189 2387 posci.
234 2311 387 2386 Pompeias
414 2316 455 2372 eet
443 2311 645 2395 tBraadisii.
690 2308 776 2368 Misit
765 2309 842 2368 tad
863 2322 908 2365 me
930 2306 969 2367 N.
992 2307 1061 2368 Ma·

96 2404 178 2476 piam
200 2402 234 2460 de
251 2417 333 2475 poce
379 2399 459 2474 Quae
480 2402 545 2459 eise
566 2390 646 2464 amc,
668 2385 811 2470 respondi
847 2394 913 2454 Ho'c
934 2400 1062 2455 roseto-

99 2491 150 2549 tim
177 2491 250 2548 scire
276 2490 361 2548 oolmi
407 2486 482 2547 (lam
508 2489 540 2546 ia
566 2502 646 2563 spem
666 2500 769 2543 omero
801 2482 836 2541 dc
863 2485 1061 2556 compositione

98 2574 228 2652 [oliomd
248 2594 294 2635 me
316 2572 532 2651 amarando
532 2575 603 2634 otim
624 2588 674 2632 ooo
696 2573 829 2672 certiores
851 2571 968 2644 faciam.
1001 2563 1060 2652 (Of.
1104 2608 1107 2613 -

100 2656 450 2744 mascam,e)
575 2704 578 2710 .

356 2754 745 2847 mecummm
1155 2808 1160 2815 ,

165 2838 202 2897 ib.
219 2837 316 2903 XIII,
337 2838 387 2910 31,
407 2838 435 2895 3
472 2832 516 2894 Dc
539 2834 616 2909 epist
603 2834 666 2891 tula
692 2831 731 2890 ad
754 2828 911 2889 Caesarem
929 2821 1058 2904 κέκρικα.

98 2927 199 3001 Atque
216 2927 273 2984 id'
266 2944 376 3000 1psum,
400 2924 478 3000 qued
500 2923 552 2981 isti
569 2922 654 2979 aiunt
675 2919 761 2978 illum
780 2917 920 2990 cumbere,
948 2933 980 2974 se
1002 2912 1060 2974 nisi

98 3015 268 3075 constitutis
299 3013 387 3071 rebus
418 3028 478 3069 non
509 3011 622 3069 iturum
656 3009 688 3066 in
718 3006 858 3080 Pesthos,
889 3005 968 3064 idem
1005 3020 1060 3077 ege

53 3174 55 3178 ¹
99 3105 259 3164 suadebam
281 3103 314 3160 in
335 3101 389 3159 illa
410 3099 547 3175 epistula.
570 3129 612 3139 -
637 3097 737 3168 46‚·2.
777 3094 905 3154 Balbum
928 3092 1059 3152 conveni.

98 3192 143 3250 Ex
166 3210 200 3253 ce
223 3193 296 3250 haec
322 3189 464 3265 primum:
500 3187 593 3246 Paulo
619 3188 690 3244 ante
716 3200 888 3258 acceperam
909 3200 958 3241 eas
981 3180 1059 3239 litte-
1149 3234 1152 3238 .

97 3298 160 3354 ras,
186 3281 219 3339 in
246 3280 353 3356 quibus
376 3294 484 3354 magno
508 3293 595 3351 opere
617 3273 773 3334 confirmat
794 3273 863 3331 ante
890 3270 975 3330 ludos
1003 3268 1060 3327 Ro·

98 3386 209 3427 manos.
254 3368 329 3443 Legi
351 3367 522 3444 epistulam.
567 3363 664 3423 Multa
690 3361 727 3419 de
753 3378 820 3419 meo
848 3358 972 3430 Catone,
1000 3374 1058 3432 quo

98 3455 270 3531 saepissimo
296 3454 421 3531 legendo
445 3452 572 3513 sedicit
598 3450 794 3527 copiosiorem
819 3448 955 3518 factum„
971 3444 1073 3527 Emis
1166 3526 1169 3531 Ι

98 3543 211 3603 Catone
231 3545 308 3603 lecto
330 3562 364 3604 se
385 3543 443 3604 sibi
466 3543 568 3604 visum
590 3541 753 3603 disertum.

136 3648 156 3678 0,
170 3648 217 3679 WD.
235 3649 331 3682 CAESAR.
353 3650 390 3685 m,
856 3619 894 3667 m

556 3762 666 3801 ,ιι
