2356 3870
154 210 214 274 106
438 211 584 267 BELLUM
599 211 847 268 HISPANIENSE.

39 416 41 421 .
95 382 97 387 ·
154 383 190 427 ox
214 367 258 424 eis
280 364 437 440 fugerunt,
462 361 582 423 Caesari
604 379 668 422 rem
684 369 797 440 gestam
813 360 988 422 detulerunt
1006 405 1119 424 .......

113 457 183 511 let
209 447 414 528 speculatores
444 445 478 505 ad
509 446 652 524 oppidum
680 447 825 528 Ateguam
854 448 1013 507 miserunt.
1059 447 1119 519 Qui

151 551 218 595 cum
240 540 356 593 certum
380 532 612 608 comperissent,
636 529 802 607 legatorum
818 546 963 608 responsa
983 533 1028 590 ita
1050 549 1119 592 esse

149 624 242 695 gesta,
266 614 513 694 quemadmodum
530 615 575 675 illi
590 613 792 682 rettulissent,
816 612 854 673 ab
870 613 1030 693 oppidanis
1044 632 1118 676 con·

151 719 241 762 cursu
263 701 344 760 facto
367 717 451 767 eum,
475 700 528 777 qui
549 698 664 776 legatos
686 698 867 775 iugulasset,
890 697 1025 776 lapidare
1041 707 1074 760 et
1088 702 1117 761 ei

113 792 258 845 tmanus
280 786 429 844 intentare
453 789 631 861 coeperunt:
656 780 738 842 illius
760 800 898 860 operase
922 785 1049 861 perissa.
1074 783 1117 845 lta

149 872 197 930 vix
220 869 357 948 periculo
380 867 527 927 liberatus
549 868 637 944 petiit
653 864 691 926 ab
707 865 880 946 oppidanis,
903 868 986 927 utel
1008 866 1118 929 liceret

149 953 280 1031 legatum
303 951 340 1011 ad
362 952 518 1012 Caesarem
548 951 715 1031 proficisci:
746 950 792 1010 illi
820 967 852 1010 se
880 952 1116 1012 satisfacturum.

112 1046 128 1095 t
150 1038 299 1099 Potestate
315 1036 381 1096 data
397 1053 465 1095 cum
482 1035 551 1096 inde
573 1044 653 1097 esset
667 1037 837 1113 profectus,
860 1034 1013 1113 praesidio
1032 1053 1116 1096 com·

148 1128 267 1200 parato,
291 1137 360 1179 curn
383 1118 460 1179 bene
476 1136 612 1198 magnam
629 1137 751 1180 manum
774 1121 897 1180 fecisset
918 1127 948 1179 et
964 1127 1117 1181 nocturno

38 1232 43 1241 ·
148 1212 284 1283 tempore
307 1220 362 1282 per
384 1203 536 1264 fallaciam
559 1206 591 1264 in
614 1202 758 1282 oppidum
781 1211 860 1264 esset
885 1211 1043 1282 receptus,
1068 1206 1116 1264 iu·

148 1290 331 1366 gulationem
353 1304 491 1364 magnam
513 1288 585 1348 lacit
607 1287 869 1366 principibusque,
893 1289 943 1366 qui
962 1287 1024 1358 sibi
1042 1306 1117 1349 con·

147 1376 234 1434 trarii
257 1374 400 1438 luissent,
425 1373 593 1453 interfectis
609 1371 752 1450 oppidum
775 1374 912 1431 insuam
934 1378 1116 1451 potestatem

111 1465 127 1515 '1
149 1459 268 1535 recipit.
313 1456 376 1516 Hoc
399 1456 563 1532 praeterito
584 1464 720 1534 tempore
736 1458 816 1516 servi
837 1456 1012 1533 transfugae
1035 1473 1114 1517 nun·

148 1543 314 1609 flaverunt,
344 1538 563 1618 oppidanorum
592 1539 669 1600 bona
692 1541 795 1599 venire
818 1556 916 1619 neque
945 1546 1028 1600 extra
1051 1541 1114 1602 ral-

151 1626 214 1686 lum
237 1626 331 1685 licere
354 1625 436 1684 exiro
452 1625 512 1683 nisi
529 1624 727 1692 discinctum,
750 1623 867 1684 idcirco
881 1623 975 1702 qnod,
1001 1642 1037 1684 ex
1053 1643 1115 1703 quo

148 1710 196 1770 die
224 1708 367 1787 oppidum
395 1709 507 1785 Ategua
537 1717 615 1768 esset
643 1715 778 1785 captum,
814 1717 897 1768 metu
931 1711 1115 1771 conterritos

148 1794 318 1873 complures
345 1793 505 1870 profugere
532 1794 563 1852 in
585 1792 773 1859 Baeturiam
802 1809 899 1870 neque
931 1791 991 1853 sibi
1020 1791 1114 1854 ullam

147 1896 230 1957 spem
252 1878 397 1937 victoriae
418 1878 604 1954 propositam
620 1875 747 1944 habere,
771 1883 802 1936 at
823 1878 849 1935 si
871 1877 925 1954 qul
946 1893 981 1936 ex
997 1879 1114 1937 nostris

146 1963 356 2037 transfugerit,
392 1961 423 2019 in
456 1961 550 2020 lavem
569 1968 751 2021 armaturam
775 1961 871 2019 conici
895 1977 1024 2038 eumque
1050 1979 1113 2022 non

147 2045 274 2123 amplius
295 2056 373 2104 xvn
394 2046 542 2122 accipere.

111 2137 125 2186 1
209 2127 314 2187 XXlll.
364 2126 536 2206 Insequenti
567 2136 702 2207 tempore
731 2128 838 2189 Caesar
871 2129 980 2189 eastris
1013 2137 1112 2189 castra

150 2212 276 2274 contulit
299 2219 328 2272 et
350 2210 507 2271 brachium
530 2212 566 2271 ad
588 2213 700 2274 fiumen
722 2212 840 2273 Salsum
863 2211 976 2274 ducere
998 2215 1110 2292 coepit.

109 2296 203 2358 attic
231 2297 300 2356 dum
330 2297 361 2356 in
390 2313 482 2375 opere
510 2298 606 2356 nostrl
637 2297 759 2357 distenti
786 2305 902 2365 essent,
938 2297 1112 2374 complures

147 2400 183 2442 ex
216 2383 373 2460 superiore
406 2381 472 2441 loco
506 2379 746 2442 adversariorum
780 2380 1020 2441 decucurrerunt
1053 2398 1111 2442 nac

146 2464 371 2542 defugientihus
403 2467 515 2525 nostris
548 2465 651 2525 multis
683 2464 752 2525 telis
784 2466 905 2525 iniectis
938 2464 1111 2543 complures

109 2549 324 2610 svulneribus
346 2549 492 2610 adiecere.
537 2550 593 2610 llic
615 2558 694 2617 tum,
723 2555 756 2607 ut
783 2550 826 2607 ait
851 2548 983 2616 Ennius,
1013 2551 1113 2607 austri

145 2650 260 2693 cessere
276 2649 456 2708 parumper.
500 2633 602 2713 ltaque
623 2640 744 2712 praeter
763 2631 1011 2692 consuetudinem
1039 2649 1110 2692 cum

146 2714 193 2797 [a]
209 2718 321 2777 nostris
336 2716 575 2777 animadversum
591 2724 670 2778 esset
691 2716 842 2785 accidere,
862 2717 1056 2776 centuriones
1071 2733 1110 2776 ex

145 2802 263 2880 legione
286 2815 319 2860 v.
348 2800 460 2861 flumen
490 2802 670 2878 transgressi
698 2800 757 2860 duo
779 2800 978 2860 restituerunt
1000 2800 1108 2869 aciem,

146 2887 313 2966 acriterque
337 2886 446 2946 eximia
461 2888 573 2945 virtute
596 2883 697 2963 plures
712 2902 781 2944 eum
797 2891 936 2962 agerent,
960 2902 996 2944 ex
1018 2901 1109 2962 supe·

145 2972 227 3031 riore
255 2969 323 3030 loeo
350 2969 541 3030 multitudine
569 2968 699 3029 telorum
722 2968 798 3029 altar
828 2986 933 3028 eorum
961 2967 1107 3028 concidit.

108 3053 191 3115 alta
212 3071 280 3113 eum
304 3054 370 3112 eius
392 3070 513 3132 compar
534 3056 635 3126 impar
656 3052 808 3130 proelium
830 3054 930 3113 facere
947 3054 1107 3130 coepisset,

145 3155 215 3198 cum
236 3136 370 3216 undique
394 3155 425 3197 se
448 3136 658 3198 circumveniri
681 3139 813 3196 animum
836 3136 1029 3205 advertisset,
1059 3138 1104 3196 in·

108 3229 267 3298 agressus
288 3222 393 3300 pedem
417 3220 549 3281 offendit.
594 3221 633 3280 In
656 3221 744 3282 huius
768 3219 973 3289 concidentis,
1001 3227 1107 3281 centu·

144 3306 240 3366 rionis
263 3323 297 3365 ac
320 3306 379 3365 viri
401 3307 506 3374 fortis,
530 3307 660 3384 insignia
682 3323 752 3366 cum
774 3303 944 3383 complures
967 3304 1106 3365 adversa·

144 3391 261 3449 riorum
283 3406 464 3450 concursum
485 3391 635 3458 facerent,
664 3390 780 3468 equites
802 3390 897 3449 nostri
925 3390 1107 3466 transgressi

138 3475 288 3536 inferiore
308 3473 378 3536 loco
400 3473 587 3537 adversarios
609 3473 647 3535 ad
674 3474 784 3535 vallum
811 3491 901 3551 agere
929 3480 1107 3552 coeperunt.
