2356 3870
363 208 439 266 CAP.
453 209 708 267 lellI-LXVII.
975 208 1016 274 37

52 357 230 428 mebantur;
253 362 285 420 in
296 359 434 439 Bithynia
457 379 491 421 ac
513 359 608 422 Ponto
623 361 691 441 plus
707 364 809 423 oneris
824 360 943 423 videbat
958 362 1018 423 sibi

55 443 240 522 impendere.
294 443 359 504 Non
392 446 556 506 excessisse
589 449 670 507 enim
702 445 798 508 Ponto
833 446 1055 509 Pharnaccm3
1084 465 1090 472 ’

54 526 211 596 audiebat,
246 546 343 606 neque
379 547 574 591 excessurum
602 529 742 609 putabat,
780 550 848 592 cum
885 530 1018 594 secundo

56 612 173 691 proelio
196 611 387 672 vehementer
408 622 489 677 esset
511 613 646 683 inllatus,
676 615 755 694 quod
784 621 889 676 contra
917 615 1018 676 bomi-

56 699 133 757 tium
156 695 308 758 Calvinum
331 696 453 759 lecerat.
504 697 710 760 commoratus
732 699 855 760 lercin
878 699 1019 762 omnibus
1038 704 1057 754 4

57 780 244 850 ciuitatibus,
267 799 343 859 quae
366 785 479 844 maiore
503 790 572 844 sunt
594 784 755 862 dignitate,
785 786 919 862 praemia
942 783 1020 844 bene

56 866 176 925 meritis
199 874 228 927 ct
249 865 365 926 viritim
387 875 416 927 et
437 866 559 946 publice
587 867 711 938 tribuit,
740 866 776 928 de
805 869 1022 930 controversiis

57 947 212 1010 veteribus
234 953 388 1027 cognoscit
410 969 445 1013 ac
467 953 585 1020 statuit;
608 969 709 1028 reges,
737 959 898 1030 tyrannos,
928 951 1021 1030 dyna-

58 1041 120 1094 stas
141 1035 315 1113 prorinciae
337 1035 490 1106 finitimos,
515 1037 564 1113 qui
586 1054 691 1098 omnes
713 1034 750 1096 ad
772 1053 842 1097 eum
858 1053 1022 1098 concurre·

58 1126 137 1186 rant,
161 1126 301 1197 receptos
322 1120 353 1179 in
375 1120 465 1181 fidem
488 1119 720 1181 condicionibus
742 1121 884 1198 inpositis
898 1121 1022 1199 provin·

59 1205 125 1264 ciac
143 1202 270 1263 tuendae
293 1221 327 1264 ac
350 1203 553 1265 detendendae
577 1205 700 1265 dimittit
722 1211 752 1266 ct
774 1204 835 1266 sibi
857 1212 888 1266 et
910 1204 1023 1283 populo

59 1287 193 1348 Romano
216 1289 423 1348 amicissimos.

123 1369 221 1432 LXVI.
265 1371 373 1431 Paucis
396 1370 503 1433 diebus
531 1372 563 1432 in
591 1391 626 1434 ea
654 1375 809 1452 provincia
837 1373 1023 1452 consumptis
1046 1381 1059 1430 1

59 1456 183 1516 Sextum
199 1455 364 1524 Caesarem,
387 1459 518 1517 amicum
540 1463 570 1517 ct
584 1459 790 1518 necessarium
809 1476 907 1528 suum,
930 1456 1024 1536 legio·

59 1539 152 1600 nibus
174 1538 337 1618 Syriaeque
360 1541 523 1617 praefecit;
547 1542 611 1619 ipse
635 1542 737 1603 cadem
761 1541 870 1611 classe,
893 1559 952 1620 qua
973 1551 1025 1601 vc·

60 1631 157 1692 nerat,
180 1625 381 1701 proficiscitur
404 1626 434 1684 in
458 1624 605 1685 Ciliciam.
650 1625 742 1687 Cuius
762 1627 935 1704 provinciae
952 1625 1061 1685 civi-2

59 1716 137 1768 tates
160 1725 265 1768 omncs
287 1715 390 1769 evocat
412 1709 553 1777 Tarsum,
577 1709 657 1787 quod
678 1709 823 1787 oppidum
844 1711 909 1770 lere
931 1712 1025 1769 totius

61 1792 185 1853 Ciliciae
214 1791 438 1854 nobilissimum
465 1793 724 1872 fortissimumque
752 1800 808 1853 est.
857 1792 903 1852 lbi
931 1790 1061 1854 rebus3

61 1874 204 1938 omnibus
225 1878 398 1954 provinciae
422 1884 453 1937 et
473 1876 668 1938 finitimarum
684 1878 839 1937 civitatum
855 1878 1025 1938 constitutis

62 1961 228 2039 cupiditate
250 1960 461 2040 proficiscendi
484 1960 522 2020 ad
544 1959 656 2022 bellum
685 1961 852 2039 gerendum
874 1978 936 2022 non
958 1961 1025 2021 diu·

60 2046 123 2105 tius
158 2052 294 2105 moratur
327 2047 503 2123 magnisque
538 2045 700 2106 itineribus
726 2064 781 2124 per
809 2044 1026 2125 Cappadociam

62 2129 211 2191 conlectis
239 2129 365 2191 biduum
392 2129 528 2190 Mazacae
556 2137 757 2192 commoratus
779 2129 907 2206 Comana
937 2133 1025 2197 venit,

62 2214 299 2275 vetustissimum
322 2222 353 2275 et
375 2216 586 2275 sanctissmum
609 2218 640 2276 in
668 2213 855 2294 Cappadocia
884 2213 1026 2276 Bellonae

61 2297 219 2376 templum,
243 2298 323 2375 quod
345 2305 427 2360 tanta
442 2298 590 2376 religione
607 2298 732 2368 colitur,
756 2307 789 2359 ut
804 2299 945 2361 sacerdos
960 2300 1027 2360 eius

63 2383 137 2442 deae
158 2382 323 2452 maiestate,
346 2384 484 2462 imperio,
507 2386 642 2460 potentia
657 2383 807 2446 secundus
829 2401 846 2443 a
867 2400 939 2459 rege
955 2401 1026 2442 con·

63 2483 155 2536 sensu
183 2469 282 2543 gentis
310 2466 393 2528 illius
418 2465 576 2527 habeatur.
636 2466 670 2528 ld
696 2468 812 2528 homini
839 2464 1064 2527 nobilissimot

63 2551 224 2630 Lycomedi
244 2551 384 2629 Bithyuio
406 2550 603 2621 adiudicavit,
631 2553 684 2632 qui
710 2554 796 2628 regio
819 2549 1027 2629 Cappadocum

62 2652 177 2712 genere
199 2643 287 2696 ortus
305 2643 429 2715 propter
451 2634 606 2696 adversam
628 2637 780 2698 fortunam
794 2635 943 2697 maiorum
957 2653 1027 2696 suo·

64 2737 134 2780 rum
155 2722 412 2800 mutationemque
434 2722 555 2797 generis
576 2721 653 2790 iure,
676 2722 800 2782 minime
816 2718 920 2788 dubio,
944 2726 1027 2779 vetu-

64 2811 141 2864 state
164 2811 265 2865 tamen
287 2806 460 2866 intermisso
475 2804 678 2866 sacerdotium
691 2803 724 2864 id
739 2802 905 2882 repetebat.
927 2803 1028 2884 Fratri
1047 2808 1065 2859 t

65 2894 166 2950 autem
188 2889 403 2950 Ariobarzanis
418 2888 580 2958 Ariaratbi,
604 2906 673 2950 cum
695 2886 772 2948 bene
794 2889 923 2948 meritus
944 2893 1028 2948 uter·

65 2990 124 3053 que
147 2991 254 3035 corum
276 2973 313 3034 de
335 2973 493 3053 republica
515 2979 610 3042 esset,
639 2989 678 3032 ne
707 2979 759 3032 aut
788 2971 877 3048 regni
909 2969 1029 3031 heredi-

65 3066 111 3118 tas
126 3057 306 3119 Ariarathen
323 3058 499 3120 sollicitarct
520 3065 572 3118 aut
592 3055 682 3118 bores
696 3057 783 3134 regui
798 3061 929 3116 terreret
943 3056 1030 3116 Ario·

66 3142 229 3212 barzanen,
253 3142 409 3213 adtribuit,
433 3141 513 3222 quod
535 3139 591 3202 sub
615 3143 681 3202 eius
702 3140 831 3220 imperio
854 3158 889 3200 ae
911 3138 1031 3200 dicione

66 3236 157 3289 esset.
212 3225 280 3307 lpse
307 3228 366 3289 iter
393 3229 547 3307 inceptum
576 3225 669 3287 simili
696 3224 854 3286 velocitate
883 3225 1031 3285 conticere

67 3315 177 3374 coeit.

122 3330 246 3460 lblllill.
290 3396 364 3459 Cum
393 3399 518 3477 propius
545 3396 675 3456 Pontum
702 3394 837 3473 finesque
859 3392 1075 3469 Gallograe-t

67 3481 131 3543 ciac
154 3482 340 3553 accessisset,
363 3481 532 3555 Deiotarus,
549 3479 722 3545 tetrarches
730 3477 1059 3559 Cabogracdxaetune
