2356 3870
128 227 169 290 58
449 224 489 280 ui
504 224 609 281 usito
624 222 764 279 uaiiico

125 388 248 458 fidebat,
269 387 417 468 lapidibus
432 386 558 466 telisque
573 386 831 448 subministrandis
851 395 882 447 et
896 386 933 447 ad
947 404 1087 465 aggerem

127 472 288 552 cespitibus
303 472 513 551 conportandis
524 473 655 550 speciem
668 477 756 548 atque
770 471 942 548 opinionem
952 486 1086 551 pugnan-

126 558 201 616 tium
215 556 404 635 praeberent,
420 573 489 616 cum
503 559 576 616 item
590 555 627 616 ab
642 553 777 614 hostibus
792 562 963 615 constanter
977 573 1012 618 ac
1027 571 1088 614 non

125 640 228 701 timide
247 647 432 719 pugnaretur
451 639 572 717 telaque
593 657 628 699 ex
655 638 721 698 loco
741 639 897 717 superiore
917 640 1007 698 missa
1028 655 1088 698 non

94 731 111 780 a
124 723 236 786 frustra
247 724 425 793 acciderent,
433 726 549 800 equites
559 723 719 784 circumitis
729 720 860 782 bostium
871 721 1088 782 castrisCrasso

126 809 385 877 renuntiaverunt,
406 825 467 868 non
487 807 590 868 eadem
611 824 677 867 esse
697 804 847 883 diligentia
868 804 905 866 ab
925 805 1089 866 decumana

126 899 213 970 porta
228 898 323 954 castra
333 892 451 952 munita
465 890 642 966 facilemque
657 888 767 949 aditum
782 887 903 950 habere.

95 981 109 1032 1
189 974 289 1036 xxvi.
309 975 433 1035 Crassus
449 975 583 1051 equitum
597 973 765 1051 praefectos
780 972 961 1042 cohortatus,
977 979 1012 1034 ut
1025 991 1087 1033 ma·

127 1060 193 1135 gnis
213 1056 353 1137 praemiis
374 1056 695 1137 pollicitationibusque
715 1072 787 1117 suos
811 1057 990 1126 excitarent,
1018 1056 1088 1134 quid

95 1149 111 1198 2
127 1143 192 1202 lieri
212 1141 296 1211 velit,
318 1141 457 1202 ostendit.
495 1140 555 1209 lili,
576 1148 610 1200 ut
624 1147 689 1201 erat
707 1141 900 1218 imperatum,
923 1140 1037 1200 eductis
1051 1141 1089 1200 iis

126 1224 314 1295 cohortibus,
337 1241 413 1302 quae
432 1223 580 1304 praesidio
600 1225 705 1284 castris
719 1223 841 1285 relictae
859 1225 978 1285 intritae
994 1224 1030 1284 ab
1045 1223 1087 1283 la·

126 1308 199 1370 bore
221 1315 320 1376 erant,
343 1316 373 1369 et
390 1308 526 1386 longiore
545 1308 654 1368 itinere
674 1306 897 1376 circumductis,
917 1325 956 1367 ne
977 1324 1014 1368 ex
1034 1305 1088 1366 ho·

126 1393 217 1452 stium
232 1393 339 1452 castris
354 1394 486 1471 conspici
500 1398 638 1471 possent,
662 1393 795 1451 omniurn
816 1389 909 1452 oculis
924 1390 1086 1467 mentibus·

128 1491 185 1552 que
200 1475 237 1535 ad
250 1491 383 1554 pugnam
396 1477 534 1545 intentis,
556 1474 695 1536 celeriter
716 1474 752 1535 ad
774 1491 838 1542 eas,
862 1491 935 1553 quas
950 1475 1087 1543 diximus,

95 1559 307 1619 emunitiones
327 1565 529 1638 pervenerunt
549 1566 639 1635 atque
658 1556 705 1618 his
726 1559 858 1637 prorutis
879 1561 962 1638 prius
981 1560 1013 1619 in
1033 1557 1086 1618 ho·

127 1645 218 1702 stium
232 1643 337 1703 castris
352 1645 563 1711 constiterunt,
585 1659 675 1720 quam
694 1640 781 1721 plane
801 1641 838 1702 ab
859 1642 905 1704 bis
919 1642 1012 1702 rideri
1026 1649 1085 1710 aut,

95 1733 113 1782 4
128 1725 199 1802 quid
213 1727 259 1787 rel
273 1732 439 1803 gereretur,
455 1728 603 1805 cognosci
621 1734 731 1804 posset
770 1726 845 1786 Tum
866 1744 937 1786 vero
959 1725 1088 1786 clamore

127 1808 163 1869 ab
180 1827 214 1869 ea
229 1817 313 1888 parte
329 1809 428 1871 audito
443 1811 538 1871 nostri
558 1808 767 1886 redintegratis
781 1807 907 1875 viribus,
929 1808 1009 1884 quod
1023 1808 1087 1887 ple·

126 1909 254 1969 rumque
268 1894 300 1953 in
314 1912 368 1972 spe
383 1895 522 1954 victoriae
543 1891 677 1951 accidere
691 1889 857 1955 consuerit,
881 1891 980 1949 acrius
999 1894 1087 1969 inpu-

94 1982 217 2052 tgnare
233 1982 404 2055 coeperunt
442 1974 550 2035 Hostes
570 1972 701 2049 undique
715 1971 908 2031 circumventi
922 1970 1088 2051 desperatis

127 2058 265 2119 omnibus
291 2058 382 2120 rebus
402 2074 509 2137 seper
529 2057 709 2116 munitiones
730 2053 848 2114 deicere
870 2055 988 2133 atinga
1008 2058 1087 2118 salu·

95 2147 188 2202 utem
201 2149 305 2221 petere
315 2141 517 2202 intenderunt.
535 2139 616 2209 Quos
628 2138 776 2214 equitatus
798 2140 990 2217 apertissimis
1005 2158 1083 2201 cam-

126 2227 173 2304 pis
194 2231 394 2292 consectatus,
412 2240 447 2283 ex
462 2221 576 2282 milium
595 2240 615 2281 a
629 2238 769 2291 numero,
791 2237 867 2299 quae
883 2240 918 2283 ex
930 2225 1087 2301 aquitania

127 2307 339 2384 Cantabrisque
354 2305 526 2366 convenisse
540 2303 708 2373 constabat,
728 2307 778 2366 vix
798 2313 902 2382 quarta
916 2315 1001 2386 parte
1015 2308 1085 2368 reli·

127 2399 181 2458 cta,
199 2388 290 2451 multa
304 2397 391 2450 nocte
406 2405 438 2449 se
453 2389 484 2448 in
499 2395 595 2449 castra
609 2390 733 2467 recepit.

95 2477 109 2528 1
189 2472 301 2533 xxvii.
318 2471 379 2532 llac
389 2471 488 2532 audita
498 2489 598 2551 pugna
612 2473 739 2534 maxima
753 2490 822 2552 pars
833 2475 1006 2550 Aquitaniae
1021 2494 1086 2537 sese

127 2554 232 2617 Crasso
247 2553 359 2614 dedidit
371 2553 550 2633 obsidesque
564 2555 643 2617 ultro
654 2558 748 2624 misit:
766 2573 824 2633 quo
839 2559 869 2616 in
884 2575 1009 2618 numero
1020 2560 1085 2620 iue-

126 2645 198 2698 runt
217 2636 361 2706 Tarbelli,
385 2637 589 2718 Bigerriones,
611 2640 894 2715 intermiscens,
915 2638 1084 2712 Tarusates,

127 2720 274 2790 Elusates,
297 2718 401 2792 Getes,
422 2724 524 2790 Ausci,
547 2722 703 2790 Garumni,
726 2721 895 2795 Sibuzates,
911 2724 1083 2794 Cocosates:

94 2812 237 2884 apaucae
262 2803 383 2867 ultimae
411 2807 544 2866 nationes
574 2807 644 2866 anni
672 2813 807 2884 tempore
832 2808 974 2878 conlisae,
1006 2810 1085 2886 quod

126 2887 221 2949 lriems
235 2887 370 2959 suberat,
387 2889 443 2950 hoc
456 2890 555 2949 iacere
569 2888 773 2968 neglexerunt.

96 2979 109 3031 1
189 2970 315 3034 xxviii.
339 2972 450 3034 Eodem
469 2973 534 3033 lere
555 2980 691 3053 tempore
707 2973 822 3043 Caesar,
845 2977 901 3035 etsi
919 2994 1013 3056 prope
1035 2997 1084 3038 ex·

127 3061 191 3117 ecta
205 3056 265 3116 iarn
279 3063 374 3116 aestas
389 3062 460 3124 erat,
476 3063 591 3127 umen,
608 3057 688 3133 quod
703 3059 783 3118 omni
798 3056 890 3118 Galba
904 3069 1006 3138 pacata
1020 3062 1083 3122 llo·

128 3139 186 3201 rlni
200 3137 385 3217 Menapiique
400 3148 586 3218 supererant,
603 3142 700 3217 quiin
715 3142 805 3200 armis
821 3150 923 3203 essent
936 3162 1034 3222 neque
1050 3147 1085 3207 ad

128 3241 197 3286 oum
216 3237 357 3300 umquam
375 3220 488 3301 legatos
509 3223 546 3284 de
566 3242 639 3302 pace
659 3225 824 3294 misissent,
854 3225 1029 3300 arbitratus,
1056 3231 1086 3290 id

127 3307 239 3369 bellum
255 3304 391 3368 celeriter
406 3306 510 3366 coniici
524 3324 627 3386 posse,
645 3323 680 3366 eo
697 3308 860 3368 exercitum
876 3307 1012 3382 adduxit;
1036 3319 1086 3391 qni

128 3388 215 3472 lo'nge
235 3391 291 3453 alie
310 3391 423 3453 ratione
443 3406 477 3451 ac
497 3390 606 3468 reliqui
620 3388 696 3451 Galli
715 3389 827 3452 bellum
847 3409 957 3470 gerare
979 3414 1085 3477 coepe-

93 3484 205 3540 2runt.
243 3475 317 3538 Nam
333 3473 410 3555 quod
430 3473 654 3553 intellegebant,
676 3476 818 3535 maximas
837 3478 987 3549 nationes,
1010 3498 1086 3557 quae
