2356 3870
163 214 223 280 116
396 245 402 257 ·
435 219 582 274 BELLUM
595 217 846 274 HISPANOENSE.

124 383 140 430 3
162 371 199 431 ad
220 369 341 430 Didium
363 387 395 428 se
417 375 582 445 reportant.
626 367 703 428 lluic
725 368 783 428 etsi
797 384 859 428 uon
874 366 978 445 aberat
999 366 1130 445 diligen·

160 459 201 516 tia
225 455 262 514 ad
284 471 374 514 naves
395 451 535 520 tuendas,
565 460 667 512 tamen
689 468 913 529 nonnumquam
944 469 980 512 ex
1001 451 1130 512 castello
1166 511 1168 514 ,

161 546 286 618 propter
308 555 414 598 eorum
437 534 559 596 crebras
575 537 769 596 excursiones
784 534 963 596 eliciebatur
986 542 1016 596 et
1031 553 1129 613 prope

162 623 321 684 cotidianis
350 622 459 699 pugnis
483 664 595 680 .......
618 620 744 679 insidias
769 628 887 697 ponunt
914 628 945 679 ct
970 621 1129 696 tripartito

125 717 142 764 4
163 709 247 784 sigua
271 704 467 764 distribuunt.
500 704 593 765 Erant
608 706 716 783 parati,
739 706 791 782 qui
806 721 896 764 nares
917 703 1127 772 incenderent,

163 792 354 867 incensisque
388 791 439 867 qui
473 787 699 863 subsequentem
730 787 853 848 Didium
887 787 1075 862 resupientes
1107 805 1128 846 a

161 884 245 950 terqo
267 881 422 952 peterent:
446 872 478 932 bi
500 874 545 932 sic
567 873 827 950 dispositierant,
849 879 890 931 'ut
912 891 928 932 a
950 871 1032 931 nullo
1055 889 1128 932 con·

160 962 239 1034 spici
256 965 396 1033 possem,-
418 958 527 1030 reliqui
547 959 579 1016 in
601 965 765 1034 conspectu
787 957 922 1016 omnium
938 955 972 1016 ad
995 973 1127 1034 pugnam

125 1054 141 1100 5
164 1042 358 1103 contendunt.
403 1040 446 1100 lta
469 1058 538 1101 cum
561 1058 598 1101 ex
620 1040 744 1101 castello
765 1040 871 1101 Didius
893 1039 930 1100 ad
952 1039 1126 1119 propellen-

162 1127 233 1187 dum
255 1127 453 1205 processisset
475 1142 543 1184 cum
565 1125 678 1202 copiis,
709 1127 829 1202 signum
851 1142 868 1183 a
890 1124 1041 1185 Lusitanis
1068 1124 1127 1184 tol·

161 1211 250 1278 litur,
274 1227 364 1270 naves
386 1208 605 1278 incenduntur,
630 1209 793 1287 simulque,
817 1211 868 1288 qui
890 1226 927 1269 ex
949 1207 1073 1270 castello
1089 1208 1127 1268 ad

162 1313 292 1374 pugnam
314 1302 540 1372 processerant,
558 1289 670 1354 'eodem
692 1296 792 1372 signo,
812 1294 969 1371 fugientes
985 1293 1128 1354 ⁴latrones

163 1380 234 1440 dum
256 1385 469 1456 persecuntur,
493 1395 510 1436 a
532 1385 617 1454 tergo
641 1378 768 1438 insidiae
784 1376 914 1438 clamore
929 1375 1050 1438 sublato
1064 1378 1127 1436 cir-

126 1465 367 1526 ocumveniunt.
411 1460 517 1521 Didius
538 1478 646 1538 magna
669 1480 737 1522 cum
759 1464 869 1522 virtute
893 1479 963 1522 cum
991 1459 1127 1538 complu·

163 1549 251 1608 ribus
274 1548 472 1624 interficitur3
496 1546 635 1606 nonnulli
657 1565 692 1607 ea
714 1563 814 1625 pugna
835 1546 975 1624 scaphas,
998 1563 1074 1624 quae
1091 1544 1128 1604 ad

164 1634 237 1693 litus
269 1633 404 1699 fuerant,
438 1638 602 1707 occupant,
639 1631 718 1691 iteni
748 1627 916 1708 [nonnulli]
954 1628 1128 1707 complures

166 1715 264 1776 nando
286 1715 324 1776 ad
346 1733 450 1784 naves,
483 1732 559 1793 quae
582 1716 614 1774 in
636 1714 698 1775 salo
726 1715 864 1783 luerunt,
897 1732 929 1774 se
961 1716 1126 1792 recipiunt.

165 1801 286 1861 ancoris
308 1799 435 1859 sublatis
456 1799 580 1877 pelagus
602 1800 694 1859 remis
716 1807 819 1877 petere
841 1804 1020 1876 coeperunt;
1049 1816 1127 1876 quae

127 1895 141 1940 r
163 1902 213 1945 res
235 1902 339 1945 eorum
360 1886 436 1944 vitae
459 1884 518 1943 luit
533 1880 678 1944 subsidio.
722 1882 857 1942 Lusitani
880 1881 989 1960 praeda
1003 1883 1127 1960 potiun-

163 1978 223 2030 tur.
268 1968 377 2029 Caesar
398 1967 531 2029 Gadibus
553 1985 659 2045 rursus
681 1966 718 2027 ad
739 1966 886 2045 Hispalim
909 1969 1051 2027 recurrit.

128 2063 141 2109 1
227 2050 356 2110 xxxxi.
401 2051 511 2112 Fabius
528 2051 689 2121 Maximus,
712 2070 801 2130 quem
816 2050 852 2110 ad
867 2050 1008 2112 Mundam
1039 2068 1127 2127 prae·

163 2133 274 2196 sidium
308 2135 535 2213 oppugnandum
550 2136 724 2215 reliquerat,
742 2135 885 2214 operibus
900 2135 1028 2196 assiduis
1044 2135 1127 2194 diur-

163 2223 210 2279 nis
224 2222 438 2299 nocturnisque
459 2218 624 2298 circum[se
640 2218 827 2299 inter]clusit
841 2221 950 2280 hostes.
987 2218 1045 2288 Oui
1059 2235 1127 2278 cum

163 2306 243 2364 inter
265 2322 297 2364 se
320 2303 492 2364 discordare
508 2307 687 2379 coepissent,
712 2305 790 2363 sacta
813 2303 904 2364 caede
925 2302 1002 2363 bene
1018 2319 1126 2380 magna

126 2399 142 2445 n
164 2390 349 2464 eruptionem
370 2390 494 2448 iaciunt.
538 2387 640 2448 Nostri
662 2387 698 2448 ad
720 2387 864 2466 oppidum
886 2386 1128 2465 recuperandum

164 2475 352 2533 occasionem
382 2491 441 2532 non
470 2474 714 2548 praetermittunt
741 2480 772 2532 et
799 2470 938 2550 ⁸reliquos
965 2471 1048 2530 viros
1076 2486 1126 2528 ca·

126 2559 266 2634 equitent,
300 2568 380 2614 x1111
412 2556 505 2616 milia.
557 2556 724 2616 Ursaonem
760 2558 1010 2634 proficiscuntur;
1048 2553 1128 2632 quod

164 2640 305 2718 oppidum
332 2656 440 2716 magna
469 2641 636 2700 munitione
664 2638 890 2710 continebatur,
925 2642 969 2699 sic
1002 2646 1035 2699 ut
1063 2638 1128 2716 ipse

163 2725 247 2785 locus
269 2742 328 2784 non
351 2724 448 2784 solum
470 2740 572 2801 opere,
595 2723 648 2784 sed
669 2726 758 2784 etiam
773 2731 879 2784 natura
903 2723 1000 2784 aditus
1021 2722 1058 2782 ad
1074 2740 1127 2800 op·

126 2818 143 2866 4
164 2809 357 2887 pugnandum
379 2808 496 2868 bostem
518 2808 679 2886 inpediret.
716 2807 782 2868 lluc
803 2807 973 2876 accedebat,
996 2813 1029 2866 ut
1052 2825 1127 2886 aqua

162 2900 370 2973 praeterquam
392 2895 424 2952 in
448 2894 513 2971 ipso
535 2892 645 2970 oppido
662 2891 857 2953 circumcirca
872 2909 1019 2971 nusquam
1039 2909 1126 2969 repe·

163 2980 276 3038 riretur
304 2979 427 3056 propius
454 2976 536 3036 milia
563 2994 704 3055 passuum
729 2988 810 3044 V1113
839 2994 914 3055 quae
940 2994 989 3036 res
1019 2992 1127 3052 magno

127 3069 143 3118 5
166 3069 230 3122 erat
253 3060 425 3122 adiumento
441 3060 608 3139 oppidanis.
641 3061 717 3121 Tum
736 3067 893 3139 praeterea
909 3057 1079 3127 accedebat,
1095 3068 1128 3119 ut

164 3162 305 3222 aggerem
329 3189 435 3213 .......
464 3148 682 3224 materiesque,
716 3142 795 3203 unde
824 3143 905 3204 soliti
933 3151 1003 3204 sunt
1034 3143 1129 3203 turris

164 3247 199 3288 ac
221 3232 324 3289 vineas
343 3230 465 3301 fucere,
491 3231 615 3307 propius
636 3229 719 3288 milia
741 3246 884 3306 passuum
899 3241 936 3286 vr
958 3246 1019 3288 non
1042 3246 1128 3306 repe-

165 3311 316 3374 riebatur:
347 3333 415 3375 nam
437 3314 611 3392 Pompeius,
645 3319 679 3375 ut
699 3311 842 3392 oppidum
865 3312 901 3373 ad
930 3315 1146 3395 oppugnatio-0

165 3414 234 3458 nem
256 3399 352 3458 tutius
367 3399 517 3468 efficeret,
541 3416 659 3459 omnem
681 3399 838 3459 materiem
854 3399 969 3458 circum
985 3398 1130 3476 oppidum

115 3490 135 3540 6
154 3485 310 3547 succisam
338 3485 422 3547 intro
446 3485 610 3566 congessit.
651 3483 698 3544 lta
716 3484 886 3544 necessario
910 3480 1131 3543 diducebantur
