2356 3870
167 221 210 288 74
489 227 537 290 ΒΕ
558 227 672 284 BELLO
695 227 804 284 etvini

167 396 251 464 citui,
267 393 346 474 quod
361 412 525 474 properans
539 402 656 455 noctem
672 395 732 455 diei
745 396 941 455 coniunxerat
955 410 1056 474 neque
1071 394 1131 454 iter

167 480 384 548 intermiserat,
405 486 439 539 nt
452 495 546 558 paene
562 496 663 539 omnes
679 497 715 538 ex
730 478 821 558 Epiro
836 480 1034 558 finitimisque
1048 481 1130 556 regi·

169 562 277 622 onibus
291 565 376 640 signa
390 562 605 642 relinquerent,
621 563 789 642 complures
804 581 885 623 arma
896 564 1079 642 proicerent,
1094 579 1130 622 ac

142 648 255 724 bingae
270 646 367 707 simile
382 649 440 707 iter
453 646 614 707 videretur.
646 647 704 707 Sed
718 665 786 707 cum
801 665 894 726 prope
909 646 1130 726 Dyrrhachium

167 731 327 809 Pompeius
340 733 524 792 constitisset
538 737 694 810 castraque
714 732 821 792 metari
836 732 987 800 iussisset,
1009 739 1141 809 penten,

168 817 227 875 rito
242 817 331 875 etiam
346 821 409 875 tum
424 816 558 877 exercitu
572 817 712 894 princeps
723 813 873 875 Labienus
883 815 1021 894 procedit
1034 816 1129 875 iurat·

168 917 235 978 que,
259 918 290 960 se
313 917 382 960 enm
402 917 462 960 non
485 898 674 960 deserturum
689 899 876 978 eundemque
892 916 992 959 casnm
1009 897 1129 958 subitu-

141 991 243 1052 trum,
260 1001 476 1063 quemcnmqne
487 986 516 1044 ei
526 983 646 1044 fortuna
656 981 822 1043 tribuisset.
853 982 915 1043 lloc
926 982 1006 1043 idem
1017 981 1129 1061 reliqui

166 1070 269 1128 iurant
288 1067 393 1145 legati;
422 1067 536 1128 tribuni
558 1067 686 1129 militum
705 1069 954 1146 centurionesque
975 1073 1128 1136 secuntur,

140 1158 256 1230 tatque
278 1152 357 1211 idem
378 1153 473 1212 omnis
493 1153 644 1212 exercitus
663 1153 752 1212 iurat.
782 1151 891 1212 Caesar
910 1158 1130 1230 praeoccupato

168 1237 277 1295 itinere
293 1234 330 1295 ad
345 1234 561 1314 Dyrrhachium
581 1236 669 1296 tinem
687 1235 868 1315 properandi
884 1236 956 1296 iacit
970 1242 1128 1314 castraque

162 1320 205 1380 ¹ad
226 1319 336 1379 llumen
352 1318 461 1398 ipsum
480 1322 563 1399 ponit
583 1321 613 1380 in
637 1319 747 1380 tinibus
761 1318 1003 1398 Apolloniatium,
1025 1326 1059 1378 ut
1079 1336 1128 1380 ea·

168 1403 262 1463 stellis
276 1403 443 1482 vigiliisque
454 1402 531 1464 hene
544 1406 668 1464 meritae
680 1406 814 1465 civitates
824 1410 905 1463 tutae
914 1409 1015 1463 essent
1025 1401 1128 1482 [prae-

168 1484 276 1567 sidio],
303 1485 406 1567 ibique
430 1486 613 1567 reliquarum
634 1507 670 1548 ex
690 1488 776 1549 ltalia
796 1488 948 1564 legionum
969 1487 1129 1548 adventum

141 1578 326 1651 despectare
348 1579 379 1632 et
396 1572 452 1633 suh
473 1572 602 1651 pellibus
621 1572 754 1633 hiemare
775 1573 940 1632 constituit.
970 1571 1034 1631 lloc
1047 1571 1128 1631 idem

166 1657 326 1736 Pompeius
346 1657 418 1717 iecit
438 1665 467 1718 et
489 1664 569 1717 trans
590 1657 700 1717 ssumen
720 1658 831 1735 Apsum
850 1658 956 1734 positis
971 1657 1079 1716 castris
1093 1673 1129 1715 eo

107 1807 108 1810 Ἴ
168 1743 270 1820 copias
284 1758 388 1802 omnes
401 1741 568 1820 auxiliaque
584 1741 735 1801 conduxit.

142 1833 157 1882 t
232 1823 323 1884 Xllll.
353 1824 479 1886 Calenus
503 1824 673 1902 legionibus
698 1824 908 1904 equitibusque
928 1824 1070 1886 Brundisi
1096 1828 1128 1886 in

139 1963 142 1967 .
167 1926 258 1970 naves
271 1910 433 1988 impositis,
455 1917 489 1970 ut
504 1916 568 1970 erat
582 1916 775 1988 praecepurm
790 1928 807 1969 a
822 1909 961 1978 Caesare,
984 1915 1128 1986 quantum

167 1994 286 2052 navium
306 1993 478 2053 facultatem
497 1992 640 2062 hahebat,
668 2011 758 2054 naves
778 1993 877 2062 solvit,
907 1993 1088 2073 paulumque
1111 2010 1129 2054 a

167 2084 256 2155 portu
280 2094 456 2156 progressus
480 2077 595 2138 litteras
618 2096 634 2137 a
655 2077 780 2138 Caesare
803 2079 926 2156 accipit,
952 2077 1061 2156 quihus
1082 2085 1130 2138 est

168 2162 279 2220 certior
292 2160 402 2230 iactus,
423 2170 528 2240 portus
548 2161 694 2241 litoraque
716 2163 815 2222 omnia
829 2161 976 2221 classibus
990 2161 1143 2222 adversa?

140 2245 283 2304 trionum
297 2246 405 2304 teneri.
428 2244 492 2315 Quo
507 2248 625 2323 cognito
640 2264 671 2306 se
684 2247 846 2325 in-portum
857 2247 967 2324 recipit
977 2263 1128 2325 navesque

167 2347 270 2388 omnes
285 2334 413 2389 revocat.
451 2329 515 2390 Una
530 2348 566 2390 ex
580 2331 636 2399 his,
651 2348 727 2409 qnae
742 2330 943 2409 perseveravit
958 2347 1055 2409 neque
1072 2332 1128 2390 im-

165 2415 251 2493 perio
267 2413 367 2474 Caleni
383 2417 613 2494 optemperavit,
636 2414 715 2494 quod
736 2421 800 2474 erat
820 2416 885 2475 sine
901 2413 1051 2474 militibus
1064 2416 1129 2492 pri·

165 2504 290 2576 ratoque
305 2499 430 2558 consilio
445 2497 724 2567 administrabatur,
747 2498 843 2559 delata
858 2497 980 2558 Oricum
1000 2505 1091 2576 atque
1112 2517 1130 2560 a

140 2581 275 2642 asstbuto
297 2589 463 2660 expugnata
484 2588 543 2651 est;
570 2583 621 2662 qui
643 2583 679 2642 de
699 2584 796 2643 servis
809 2581 973 2661 liberisque
988 2579 1129 2643 omnihus

165 2666 202 2726 ad
217 2665 389 2744 impuberes
404 2665 582 2745 supplicium
598 2668 689 2727 sumit
705 2667 785 2727 etad
800 2684 892 2728 unum
907 2667 1060 2726 interficit.
1083 2665 1129 2726 lta

165 2752 273 2828 exiguo
300 2757 435 2830 tempore
461 2767 625 2830 magnoque
655 2768 725 2812 casu
750 2753 843 2826 totius
868 2751 1018 2811 exercitus
1047 2748 1129 2813 satus

165 2837 308 2896 constitit.

141 2928 156 2977 t
229 2919 289 2979 XV.
313 2919 452 2991 Bibulus,
472 2926 506 2980 ut
526 2938 615 3000 supra
636 2882 870 2982 demonstratum
891 2927 951 2990 est,
974 2926 1039 2980 erat
1058 2936 1129 2981 curn

165 3004 259 3064 classe
280 3003 317 3064 ad
339 3004 461 3066 Oricum
482 3013 527 3075 et,
548 3007 636 3066 sicuti
658 3007 733 3065 mari
753 3004 948 3085 portibusque
970 3004 1129 3066 Caesarem

165 3085 352 3166 prohibebat,
368 3091 432 3149 ita
424 3107 489 3168 rpse
505 3092 583 3150 omni
600 3097 682 3150 terra
696 3107 798 3150 earum
813 3093 969 3168 regionum
983 3087 1128 3168 prohibe-

139 3170 272 3231 2batur:
298 3173 460 3254 praesidiis
478 3175 558 3234 enim
578 3173 732 3254 dispositis
753 3176 852 3235 omnia
866 3176 952 3235 litora
967 3192 984 3234 a
999 3173 1128 3234 Caesare

164 3255 355 3324 tenebantur,
371 3275 467 3336 neque
483 3258 616 3335 lignandi
632 3266 719 3338 atque
736 3258 864 3336 aquandi
879 3277 976 3358 neque
987 3275 1078 3318 naves
1089 3257 1129 3318 ad

140 3347 279 3400 tterram
294 3340 441 3440 religandi
456 3350 586 3418 potestas
601 3343 699 3403 tiebat
730 3342 802 3403 Erat
816 3361 865 3403 res
880 3345 912 3403 in
926 3360 1032 3442 magna
1047 3341 1128 3404 diiii·

166 3414 289 3494 cultate,
313 3428 495 3504 summisque
517 3430 662 3505 angustiis
683 3444 783 3506 rerum
804 3429 1042 3488 necessariarum
1057 3444 1128 3505 pre·

151 3507 324 3582 medentur,
343 3509 419 3574 adeo
433 3518 464 3574 ut
476 3520 659 3596 cogerentur
670 3513 762 3575 snutr
769 3494 932 3594 reliquum
930 3517 1130 3572 commeatum
