2354 3864
157 236 217 300 126
548 237 721 294 CAESARIS

156 397 321 456 inauditam
352 398 436 468 atqae
466 394 592 453 insolens
622 393 748 453 catam.
802 389 863 463 (Cf.
880 390 977 450 Macr.
1006 389 1068 449 Sat
1091 390 1124 458 I,

156 487 186 558 5,
202 484 244 557 2.)
268 514 309 523 —
335 482 485 550 XVIIII,
510 485 539 557 8,
563 483 591 542 3.
612 499 652 555 sp.
690 478 721 540 O.
737 511 777 521 -
794 477 902 538 Caesar
916 509 957 520 —-
972 479 1004 537 in
1026 479 1124 552 libris,

156 590 230 647 quos
252 570 291 629 ad
313 572 354 630 M.
376 569 545 629 Ciceronem
567 569 604 628 de
625 569 764 643 analogia
786 567 971 643 conscripsit,
993 568 1125 626 harenas

156 661 263 719 vitiosa
285 659 343 718 dici
365 659 528 731 existimat,
550 657 629 734 quod
651 658 762 717 harena
778 674 941 731 numquam
954 655 1125 714 multitudi-

155 748 203 807 nis
225 766 348 807 numero
371 746 547 823 appellanda
569 747 622 820 sit,
649 745 737 804 sicuti
763 763 859 820 neque
886 745 997 804 cadam
1023 762 1127 818 neque

156 838 300 907 triticam·
322 839 425 895 contra
447 837 547 921 autem
569 834 741 908 marleiam,
768 833 885 892 etiamsi
907 850 1011 892 eunus
1033 850 1127 905 unus,

157 943 300 1000 equorum
327 926 469 999 quattuor
495 924 662 981 iunctarum
688 940 796 997 agmen
822 941 915 978 umnn
942 921 994 994 sit,
1021 921 1122 995 plura-

156 1012 219 1072 tivo
243 1031 359 1088 semper
372 1029 494 1070 numero
514 1011 651 1069 dicendas
672 1013 772 1085 putat,
796 1010 872 1068 sicut
894 1027 980 1068 arma
994 1012 1024 1067 et
1045 1025 1126 1067 moe·

157 1104 210 1160 nia
237 1104 268 1158 ct
294 1101 409 1159 comitia
437 1102 468 1158 et
493 1100 661 1158 inimicitias
688 1127 740 1157 -.
791 1098 873 1156 Tunc
899 1098 1015 1172 prolato
1042 1096 1125 1156 libro

158 1189 195 1246 de
218 1188 355 1263 analogia
385 1188 481 1262 primo
503 1188 594 1247 verba
621 1187 692 1245 haec
719 1205 755 1245 ex
780 1204 814 1244 ec
840 1202 935 1261 pauca
960 1185 1123 1244 memoriae

157 1275 304 1335 mandavi.
349 1275 428 1335 Nam
449 1293 517 1334 cum
539 1293 628 1349 supra
650 1274 785 1347 dixisset,
810 1292 906 1348 neque
933 1273 1044 1332 coelam
1070 1292 1122 1332 ne·

159 1384 216 1440 que
239 1367 365 1423 triticam
377 1381 474 1439 neque
496 1364 637 1422 harenam
651 1362 851 1421 multitudinis
874 1360 1124 1442 significationem

157 1453 234 1528 pati,
265 1452 347 1511 Nam
373 1455 419 1518 ta,
451 1452 561 1526 inquit,
592 1451 698 1510 tiaram
728 1468 827 1510 reram
856 1454 966 1510 natma
992 1450 1126 1509 accidere

159 1542 327 1607 arbitraris,
350 1540 425 1612 qaod
446 1557 537 1598 anam
559 1544 667 1598 terram
689 1543 715 1597 et
730 1540 834 1612 plnres
856 1541 949 1598 terras
970 1543 997 1597 et
1017 1539 1122 1597 arbem

160 1633 186 1688 ct
215 1629 301 1688 netes
323 1632 350 1687 et
374 1629 529 1702 imperinm
559 1631 586 1686 et
609 1629 734 1701 imperia
762 1629 906 1693 dicamas,
932 1643 1023 1699 neam
1049 1644 1124 1699 aaa

160 1718 259 1791 tmpus
284 1719 318 1776 m
342 1733 434 1775 anam
460 1717 585 1774 mminis
611 1717 739 1788 fipmam
764 1717 892 1788 radiperc
916 1731 1007 1787 nepae
1038 1714 1123 1773 liare-

158 1822 229 1864 nam
250 1805 442 1864 multitudinis
464 1805 655 1877 appellatione
676 1808 836 1862 convertere
852 1803 1022 1876 pessimas?

224 1892 350 1966 Pompei.
366 1890 519 1951 Commeat.
542 1890 608 1950 Art.
622 1892 699 1950 Dan.
716 1909 750 1964 p.
766 1893 838 1950 230.
862 1892 903 1950 ecl.
922 1890 1011 1950 Linel.
1031 1887 1123 1960 (Keil.

166 1978 200 2040 V.
208 1999 242 2054 p.
259 1983 330 2040 197.
344 1980 407 2053 sp).
452 1980 600 2054 Analogia
614 2010 655 2019 —
670 1978 706 2037 fit
728 1982 793 2038 octo
807 1978 914 2037 modis:
938 1982 973 2038 ut
995 1979 1057 2037 sint
1070 1997 1122 2036 sex

159 2069 229 2128 illae
242 2071 351 2143 parton,
369 2086 445 2142 quae
459 2069 595 2125 accidunt
607 2067 728 2142 nomini,
750 2068 874 2138 similcs;
897 2086 947 2126 sex
961 2069 1062 2125 autem
1075 2085 1122 2124 ac-

161 2157 262 2215 cidunt
275 2157 347 2214 isia:
370 2157 507 2230 qualitas,
526 2158 713 2230 comparatio,
736 2174 839 2230 genus,
852 2175 1002 2227 numerus,
1015 2154 1123 2229 figura,

161 2261 258 2303 casus:
282 2262 347 2302 ecce
371 2262 421 2302 sex
442 2246 555 2318 partes,
578 2244 673 2302 exitus
687 2245 870 2320 syllabarum
883 2246 918 2301 ut
940 2245 979 2302 sit
1001 2244 1120 2302 similis:

160 2336 233 2408 puta
246 2331 320 2390 illud
334 2332 365 2390 in
377 2350 414 2391 as
423 2332 484 2390 exit
498 2334 528 2390 et
541 2332 615 2390 illud
628 2331 660 2389 in
673 2350 725 2403 ns;
738 2332 987 2406 paenultimamm
1000 2333 1124 2390 rationi

161 2422 201 2479 sit
215 2421 328 2493 similis,
351 2422 385 2478 ut
404 2423 456 2478 aut
469 2421 585 2478 vocales
601 2417 758 2495 [syllabae]
774 2421 834 2479 sint
848 2424 900 2478 aut
913 2423 1123 2493 consonantem

161 2509 266 2568 deinde
284 2511 319 2566 ui
340 2511 474 2582 tempora
487 2509 547 2566 sint
569 2509 689 2566 similia:
713 2508 739 2566 si
761 2509 813 2566 illa
833 2509 932 2568 breuis
947 2511 1001 2582 est,
1025 2511 1056 2567 et
1069 2509 1123 2566 illa

161 2597 260 2656 breuis
275 2597 323 2655 sit.
349 2596 393 2654 De
406 2597 472 2654 istis
495 2596 631 2655 omnibus
648 2598 737 2657 rebus
752 2598 777 2655 si
791 2616 883 2654 unum
900 2598 998 2654 minus
1021 2597 1121 2669 fuerit,

160 2685 221 2743 iam
234 2704 293 2742 ncn
307 2686 368 2741 stat
390 2685 541 2759 analogia;
564 2685 599 2743 de
622 2685 668 2743 his
691 2686 794 2756 rebus,
817 2703 893 2760 quae
915 2684 1028 2760 positae
1052 2691 1124 2743 sunt

161 2773 240 2847 apud
263 2772 432 2846 Caesarem,
461 2773 485 2830 si
513 2773 583 2847 quid
605 2775 703 2832 minus
725 2773 829 2845 fuerit,
856 2774 916 2830 iarn
942 2791 1001 2831 non
1030 2773 1123 2832 stabit

160 2862 237 2919 ratio
251 2860 414 2935 analogiae.
446 2861 499 2919 Ait
513 2862 592 2919 enim
606 2860 727 2920 Caesar:
749 2861 818 2920 Nisi
835 2865 933 2920 annia
947 2864 1123 2922 consentiant

161 2952 236 3008 inter
258 2967 301 3016 se,
328 2966 387 3007 non
403 2953 498 3021 potest
518 2951 597 3020 teri,
624 2955 658 3008 at
684 2952 809 3008 nominis
831 2951 987 3009 similitaclc
1009 2952 1055 3009 sit.
1081 2979 1120 2989 -

154 3055 188 3112 p.
204 3039 254 3096 27.
278 3041 346 3096 ente.
360 3037 398 3094 L.
413 3037 501 3109 (Keil.
523 3039 561 3096 ib.
578 3056 611 3111 p.
629 3038 713 3109 108.)
736 3038 887 3112 Legimus,
901 3038 980 3113 apud
995 3038 1123 3096 maiores

160 3129 277 3184 nostros
298 3126 409 3199 primas
432 3125 510 3199 apud
524 3125 670 3185 Romanos
684 3125 727 3184 XI
749 3127 864 3184 litteras
878 3127 971 3186 fuisse
992 3128 1123 3184 tantum-

161 3213 261 3285 modo,
291 3215 327 3271 ut
358 3212 429 3270 dicit
457 3210 565 3272 Caesar
595 3215 671 3273 libro
703 3215 907 3289 analogiarum
938 3215 1042 3289 primo.
1088 3214 1124 3273 In

160 3300 236 3359 libro
272 3300 476 3375 analogiarum
508 3301 616 3361 Caesar
651 3303 706 3361 hoc
742 3303 828 3376 dixit,
864 3303 906 3360 XI
942 3303 1042 3362 sitisse.
1080 3333 1122 3344 —

155 3406 188 3463 p.
213 3389 285 3447 233.
313 3389 350 3446 L.
379 3389 468 3459 (Keil.
491 3391 528 3449 ib.
550 3408 583 3463 p.
610 3392 694 3464 199.)
744 3391 868 3450 Lectum
902 3394 947 3450 est
979 3392 1034 3449 hcc
1061 3410 1123 3451 sae·

160 3476 240 3551 pius,
267 3477 424 3552 praecipua
451 3479 530 3553 apud
553 3477 725 3537 Varronem.
774 3479 830 3538 Ille
853 3481 936 3538 dicit:
973 3480 1038 3555 Lac
1064 3498 1125 3538 non

157 3565 300 3625 debemus
332 3565 442 3641 dicere,
480 3565 532 3626 sed
564 3565 628 3625 lact.
688 3567 745 3626 Sed
776 3568 851 3626 dixit
885 3567 993 3627 Cacsar
1022 3570 1126 3629 contra
