2356 3870
335 207 433 264 torm.
449 207 502 265 vn.
519 162 788 265 cirssnxv-xxu
983 209 1057 280 139,

80 373 143 434 acie
157 374 304 433 instructa
318 370 534 451 depugnarent.
569 371 625 432 Ubi
640 373 790 433 neminem
804 373 836 432 in
857 388 985 449 aequum
999 370 1043 433 lo·
1059 380 1075 428 2

79 474 150 517 cum
165 473 232 516 sese
248 455 421 526 demittere,
443 455 495 516 sed
517 463 579 516 toto
595 456 727 534 undique
742 474 829 517 muro
845 454 1043 517 circumfundi

78 540 226 609 viderunt,
243 541 338 609 veriti,
353 531 527 601 neomnino
543 557 611 618 spes
631 542 718 618 fugae
733 539 904 610 tolleretur,
922 540 1044 601 abiectis

79 625 170 685 armis
185 623 303 685 ultimas
319 623 419 702 oppidi
432 630 533 702 partes
548 625 711 684 continenti
730 626 843 703 impetu
863 627 1041 704 petiverunt,

77 724 209 787 parsque
224 707 275 777 ibi,
292 726 360 768 cum
375 714 501 784 angusto
522 709 603 768 exitu
628 716 783 787 portarum
804 727 836 769 se
852 710 911 787 ipsi
924 726 1041 787 preme·
1058 714 1074 765 3

78 799 156 861 rent,
173 810 190 851 a
204 789 361 860 militibus,
377 809 447 870 pars
462 793 656 874 iamgegressa
669 794 765 871 portis
780 791 817 853 ab
834 791 983 869 equitibus
999 799 1044 852 est

78 875 245 936 interfecta.
276 874 338 936 Nee
351 875 409 935 fuit
423 876 595 952 quisquam,
612 877 663 952 qui
676 875 805 954 praedae
820 875 963 937 studeret.
995 875 1043 935 Sic
1058 883 1073 930 4

10 988 12 997 >
79 968 108 1019 et
124 958 338 1032 Cenabicaede
354 965 384 1018 et
397 957 499 1019 labore
514 961 613 1038 operis
628 961 741 1021 incitati
755 977 815 1021 non
830 967 926 1021 aetate
942 960 1041 1019 eonfe-

78 1045 144 1112 ctis,
159 1059 220 1102 non
232 1041 416 1112 mulieribus,
429 1061 489 1103 non
500 1043 661 1104 infantibus
671 1050 880 1123 pepercerunt.
908 1043 1041 1120 Denique
1056 1047 1072 1098 5

77 1127 160 1187 omni
175 1143 212 1186 ex
231 1144 374 1196 numero,
396 1126 446 1204 qui
466 1127 522 1187 fuit
542 1128 660 1188 circiter
680 1128 795 1188 milium
813 1149 864 1196 xn,
885 1129 933 1187 vix
947 1132 1059 1194 noco(
1128 1195 1135 1215 x

77 1213 130 1288 qui
145 1211 242 1289 primo
258 1209 387 1270 clamore
403 1210 502 1271 audito
518 1229 551 1271 se
567 1229 603 1272 ex
623 1211 732 1290 oppido
749 1213 911 1290 eiecerunt,
927 1208 1040 1271 incolu·
1094 1251 1098 1256 -

76 1312 142 1355 mes
157 1293 193 1355 ad
205 1295 478 1372 Vercingetorigem
489 1302 699 1374 pervenerunt.
726 1296 806 1365 Quos
817 1295 866 1355 ille
877 1294 970 1356 muita
985 1296 1042 1354 iam
1057 1301 1074 1350 o

76 1385 165 1439 nocte
180 1377 297 1439 silentio
314 1396 350 1438 ex
360 1379 429 1456 fuga
441 1381 565 1458 excepit,
581 1380 701 1449 veritus,
717 1397 755 1440 ne
771 1380 871 1456 quain
886 1379 990 1439 castris
1006 1396 1041 1438 ex

77 1480 183 1523 eorum
198 1479 346 1522 concursu
362 1469 391 1522 et
402 1461 605 1523 misericordia
619 1463 698 1540 vulgi
713 1463 819 1524 seditio
835 1469 981 1532 oreretur,
998 1470 1040 1530 ut,

76 1544 183 1625 procul
203 1547 235 1606 in
255 1547 301 1606 via
322 1545 473 1625 dispositis
496 1545 689 1608 familiaribus
714 1548 776 1608 suis
796 1546 1041 1627 principibusque

77 1631 243 1698 civitatum,
266 1628 459 1709 disparandos
480 1629 727 1709 deducendosque
753 1630 789 1691 ad
816 1648 886 1691 suos
912 1637 1040 1698 curaret,

77 1730 154 1790 quae
170 1715 278 1791 cuique
294 1715 402 1773 civitati
416 1731 486 1792 pars
501 1720 668 1775 castrorum
683 1713 720 1775 ab
734 1714 818 1774 initio
834 1713 1004 1774 obvenerat.

55 1871 62 1877 Β
140 1796 282 1858 XXVlIlI.
324 1797 449 1857 Postero
469 1797 516 1858 die
538 1797 662 1858 concilio
688 1805 848 1858 convocato
874 1795 1068 1857 consolatus!
1144 1833 1146 1836 <

77 1881 310 1957 cohortatusque
325 1887 379 1949 est,
395 1898 434 1940 ne
449 1898 480 1941 se
496 1881 654 1942 admodum
669 1883 768 1942 animo
783 1881 987 1949 demitterent,
1002 1898 1041 1941 ne

76 1964 325 2045 perturbarentur
340 1964 537 2026 incommodo.
562 1965 628 2026 Non
642 1967 751 2025 virtute
763 1982 861 2042 neque
875 1965 906 2024 in
921 1965 984 2024 acio
998 1966 1040 2022 vi·
1058 1974 1075 2024 2

76 2051 153 2110 cisse
168 2048 325 2119 Romanos,
342 2048 394 2109 sed
409 2049 532 2109 artificio
553 2048 680 2125 quodam
701 2057 731 2109 et
751 2049 872 2109 seientia
887 2065 1040 2126 oppugna·

76 2135 180 2203 tionis,
203 2134 287 2193 cuius
302 2133 347 2192 rei
368 2133 480 2192 fuerint
494 2134 551 2212 ipsi
571 2133 710 2211 imperiti.
743 2131 867 2201 limare,
894 2133 919 2192 si
939 2134 990 2208 qui
1011 2132 1071 2191 int

76 2215 156 2277 bello
178 2217 274 2276 omnis
295 2215 441 2277 secundos
462 2234 564 2277 rerum
589 2223 752 2294 proventus
774 2222 939 2295 expectent.
978 2215 1070 2275 Sibic

77 2317 240 2376 numquam
264 2299 412 2378 placuisse
432 2301 587 2360 Avaricum
609 2299 742 2369 defendi,
768 2301 853 2360 cuius
878 2300 923 2358 rei
948 2306 1040 2358 testes

76 2386 158 2463 ipsos
173 2382 360 2454 haberet,sed
381 2384 491 2443 factum
511 2383 700 2462 inprudentia
714 2384 880 2460 Biturigum
902 2389 931 2441 et
950 2383 1040 2442 nimia

76 2468 272 2543 obsequentia
296 2467 497 2543 reliquorum,
519 2469 564 2528 uti
582 2467 640 2528 hoc
653 2467 874 2528 incommodum
890 2466 1039 2544 accipere-

76 2561 135 2612 tur.
168 2551 200 2611 ld
222 2558 321 2612 tamen
341 2569 374 2611 se
394 2551 533 2612 celeriter
554 2550 716 2612 maioribus
737 2550 899 2611 commodis
920 2556 1070 2610 senatu-5

76 2653 154 2696 rum.
191 2635 264 2696 Nam
285 2652 361 2712 quae
382 2633 418 2694 ab
438 2635 563 2712 reliquis
579 2634 669 2696 Gallis
690 2635 821 2694 civitates
836 2633 1038 2715 dissentirent,
1056 2638 1072 2689 t
1095 2704 1100 2713 „

76 2718 130 2779 bas
144 2736 199 2779 sua
213 2718 363 2796 diligentia
378 2719 586 2780 adirmeturum
600 2725 689 2796 atque
709 2735 802 2780 unum
825 2716 981 2778 eonsilium
995 2724 1040 2776 to·

76 2804 136 2863 tius
151 2801 262 2863 Galliae
277 2803 460 2870 effecturum,
478 2805 561 2864 cuius
583 2804 740 2864 consensui
760 2819 802 2864 ne
818 2800 899 2861 orbis
920 2799 1052 2885 quidem¹
1096 2867 1099 2875 ι

75 2893 228 2948 terrarum
246 2888 342 2965 possit
362 2885 523 2955 obsistere;
545 2886 635 2964 idque
654 2903 687 2947 se
706 2903 801 2965 prope
822 2886 880 2944 iam
902 2883 1040 2944 effectum

76 2965 198 3031 babere.
238 2970 355 3032 interea
379 2987 508 3050 aequum
533 2989 599 3032 esse
624 2969 661 3030 ab
687 2971 724 3030 iis
746 2970 911 3029 eommunis
936 2967 1070 3029 salutisa

78 3067 168 3112 causa
179 3053 343 3132 immineri,
358 3063 392 3116 ut
406 3061 502 3116 castra
513 3056 630 3116 munire
640 3054 839 3122 irretituerent,
855 3068 914 3129 quo
926 3050 1041 3113 facilius

76 3138 251 3216 repentinos
265 3139 395 3199 bostium
408 3140 537 3217 impetus
552 3140 743 3200 sustinerent.

140 3220 229 3282 XXX.
260 3222 328 3283 Fuit
342 3220 415 3283 haec
430 3224 524 3283 oratio
539 3240 598 3283 non
613 3224 729 3300 ingrata
740 3221 841 3290 Gallis,
859 3229 889 3281 et
903 3221 1040 3290 maxime,
1058 3227 1069 3276 1

77 3304 157 3380 quod
172 3305 237 3384 ipse
252 3309 348 3366 animo
363 3324 423 3367 non
438 3306 590 3367 defecerat
607 3314 689 3367 tanto
704 3312 826 3385 accepto
850 3303 1039 3365 incommodo

76 3404 176 3464 neque
191 3407 224 3449 se
237 3390 268 3450 in
282 3389 431 3452 occultum
451 3389 605 3452 abdiderat
619 3396 649 3451 et
669 3397 862 3470 conspectum
876 3386 1040 3449 multitudi-

76 3472 124 3532 nis
138 3472 269 3550 fugeram
286 3474 416 3554 plusque
434 3477 533 3537 animo
546 3475 710 3557 providere
725 3484 757 3541 et
776 3473 973 3564 praesenfue
992 3471 1058 3530 exi·
1069 3476 1093 3523 ‘t
